{"gold_per_floor":[109,124,134,209,209,234,234,269,269,285,314,333,347,347,347,475,475,500,521,521,196,321,321,341,341,388,388,388,422,443,482,482,601,601,622,643,643,711,61,61,100,100,125,125,347,370,370,383,383,383],"floor_reached":51,"playtime":4207,"items_purged":["Defend_G","Defend_G"],"score":871,"play_id":"28344c83-0b43-433e-bf01-ca06b739de8e","local_time":"20180913092914","is_ascension_mode":true,"campfire_choices":[{"floor":7.0,"key":"REST"},{"floor":15.0,"key":"REST"},{"data":"Neutralize","floor":23.0,"key":"SMITH"},{"data":"Sucker Punch","floor":25.0,"key":"SMITH"},{"data":"Cloak And Dagger","floor":27.0,"key":"SMITH"},{"data":"Adrenaline","floor":32.0,"key":"SMITH"},{"data":"Terror","floor":40.0,"key":"SMITH"},{"data":"Noxious Fumes","floor":42.0,"key":"SMITH"},{"data":"Footwork","floor":47.0,"key":"SMITH"},{"floor":49.0,"key":"REST"}],"neow_cost":"NONE","seed_source_timestamp":39294618215107,"circlet_count":0,"master_deck":["Defend_G","Survivor","Neutralize+1","Terror+1","PiercingWail","Blur","Venomology","Caltrops","Die Die Die","Sucker Punch+1","Footwork+1","Adrenaline+1","Corpse Explosion","Backstab+1","Noxious Fumes+1","Bite","Bite","Bite","Bite","Bite","Cloak And Dagger+1","Cloak And Dagger","Infinite Blades+1","Dagger Throw","Dagger Spray","Cloak And Dagger","Envenom+1","Poisoned Stab+1","Dodge and Roll","Bane","Dodge and Roll","Flash of Steel","Panache","Dramatic Entrance","Deadly Poison+1","Acrobatics+1"],"special_seed":0,"relics":["Ring of the Snake","Ancient Tea Set","Letter Opener","Lantern","Whetstone","Golden Idol","WristBlade","HandDrill","Bird Faced Urn","Pear","Omamori","Unceasing Top","Red Mask","Lizard Tail","The Specimen","Bag of Preparation","Singing Bowl","The Courier","Oddly Smooth Stone"],"potions_floor_usage":[50,50,50,50],"damage_taken":[{"damage":3.0,"enemies":"Cultist","floor":1.0,"turns":4.0},{"damage":2.0,"enemies":"Jaw Worm","floor":2.0,"turns":5.0},{"damage":4.0,"enemies":"Small Slimes","floor":3.0,"turns":5.0},{"damage":31.0,"enemies":"Gremlin Nob","floor":6.0,"turns":5.0},{"damage":21.0,"enemies":"Lagavulin","floor":8.0,"turns":7.0},{"damage":10.0,"enemies":"Gremlin Gang","floor":10.0,"turns":3.0},{"damage":23.0,"enemies":"3 Sentries","floor":11.0,"turns":8.0},{"damage":0.0,"enemies":"Lots of Slimes","floor":12.0,"turns":1.0},{"damage":0.0,"enemies":"2 Fungi Beasts","floor":13.0,"turns":3.0},{"damage":17.0,"enemies":"Slime Boss","floor":16.0,"turns":21.0},{"damage":16.0,"enemies":"Spheric Guardian","floor":18.0,"turns":6.0},{"damage":3.0,"enemies":"2 Thieves","floor":19.0,"turns":2.0},{"damage":1.0,"enemies":"Colosseum Slavers","floor":22.0,"turns":4.0},{"damage":23.0,"enemies":"Colosseum Nobs","floor":22.0,"turns":3.0},{"damage":21.0,"enemies":"Snecko","floor":24.0,"turns":5.0},{"damage":12.0,"enemies":"Gremlin Leader","floor":29.0,"turns":5.0},{"damage":11.0,"enemies":"Centurion and Healer","floor":30.0,"turns":4.0},{"damage":0.0,"enemies":"Masked Bandits","floor":31.0,"turns":1.0},{"damage":66.0,"enemies":"Champ","floor":33.0,"turns":13.0},{"damage":17.0,"enemies":"3 Darklings","floor":35.0,"turns":5.0},{"damage":0.0,"enemies":"Orb Walker","floor":36.0,"turns":3.0},{"damage":15.0,"enemies":"Mysterious Sphere","floor":38.0,"turns":7.0},{"damage":45.0,"enemies":"Giant Head","floor":41.0,"turns":7.0},{"damage":18.0,"enemies":"3 Darklings","floor":46.0,"turns":5.0},{"damage":0.0,"enemies":"Reptomancer","floor":48.0,"turns":3.0},{"damage":120,"enemies":"Awakened One","floor":50,"turns":16}],"seed_played":"-1868735218873557281","potions_obtained":[{"floor":1.0,"key":"Poison Potion"},{"floor":8.0,"key":"Explosive Potion"},{"floor":10.0,"key":"Regen Potion"},{"floor":11.0,"key":"Block Potion"},{"floor":12.0,"key":"GhostInAJar"},{"floor":16.0,"key":"Explosive Potion"},{"floor":18.0,"key":"Regen Potion"},{"floor":22.0,"key":"Ancient Potion"},{"floor":24.0,"key":"LiquidBronze"},{"floor":31.0,"key":"Swift Potion"},{"floor":46.0,"key":"Dexterity Potion"},{"floor":48.0,"key":"Poison Potion"}],"is_trial":false,"path_per_floor":["M","M","M","?","?","E","R","E","T","M","E","M","M","?","R","B",null,"M","M","?","$","?","R","M","R","T","R","?","E","M","?","R","B",null,"M","M","?","?","$","R","E","R","T","?","?","M","R","M","R","B"],"character_chosen":"THE_SILENT","items_purchased":["Cloak And Dagger","HandDrill","Bag of Preparation","Singing Bowl","Dodge and Roll","Flash of Steel"],"campfire_rested":3,"item_purchase_floors":[21,21,39,39,39,39],"current_hp_per_floor":[67,67,65,54,54,25,46,27,27,19,13,15,17,17,36,21,65,49,48,48,48,55,55,46,46,46,46,46,60,55,55,55,15,75,68,75,75,64,64,64,46,46,46,38,38,34,34,44,67,15],"gold":383,"neow_bonus":"RANDOM_COMMON_RELIC","is_prod":false,"is_daily":false,"chose_seed":false,"campfire_upgraded":7,"win_rate":0,"timestamp":1536856154,"path_taken":["M","M","M","?","?","E","R","E","T","M","E","M","M","?","R","BOSS","M","M","?","$","?","R","M","R","T","R","?","E","M","?","R","BOSS","M","M","?","?","$","R","E","R","T","?","?","?","R","M","R","BOSS"],"build_version":"2018-09-06","purchased_purges":2,"victory":true,"max_hp_per_floor":[70,70,70,70,70,70,70,70,70,70,70,70,70,65,65,65,65,65,65,65,65,75,75,75,75,75,75,75,75,75,75,75,75,75,75,75,75,75,75,75,77,77,77,79,79,79,79,79,79,79],"card_choices":[{"not_picked":["Slice","Prepared"],"picked":"Terror","floor":1.0},{"not_picked":["Slice","Outmaneuver"],"picked":"PiercingWail","floor":2.0},{"not_picked":["Malaise","Concentrate"],"picked":"Blur","floor":3.0},{"not_picked":["Dash","Cloak And Dagger"],"picked":"Caltrops","floor":6.0},{"not_picked":["Blur","Underhanded Strike"],"picked":"Die Die Die","floor":8.0},{"not_picked":["Dagger Throw","Blade Dance"],"picked":"Sucker Punch","floor":10.0},{"not_picked":["Deflect","Eviscerate"],"picked":"Footwork","floor":11.0},{"not_picked":["PiercingWail","Outmaneuver","Underhanded Strike"],"picked":"SKIP","floor":12.0},{"not_picked":["Underhanded Strike","Acrobatics"],"picked":"Adrenaline","floor":13.0},{"not_picked":["Night Terror","Die Die Die"],"picked":"Corpse Explosion","floor":16.0},{"not_picked":["PiercingWail","Dodge and Roll+1"],"picked":"Backstab+1","floor":18.0},{"not_picked":["Dagger Throw","Quick Slash"],"picked":"Noxious Fumes","floor":19.0},{"not_picked":["Blur","Unload"],"picked":"Cloak And Dagger","floor":22.0},{"not_picked":["Terror","Footwork+1"],"picked":"Infinite Blades+1","floor":24.0},{"not_picked":["Caltrops","Corpse Explosion"],"picked":"Dagger Throw","floor":29.0},{"not_picked":["Acrobatics","Skewer+1"],"picked":"Dagger Spray","floor":30.0},{"not_picked":["Dagger Spray","Sucker Punch"],"picked":"Cloak And Dagger","floor":31.0},{"not_picked":["Burst","A Thousand Cuts"],"picked":"Envenom","floor":33.0},{"not_picked":["Riddle With Holes","Bane+1"],"picked":"Poisoned Stab+1","floor":35.0},{"not_picked":["Skewer+1","Eviscerate"],"picked":"Dodge and Roll","floor":36.0},{"not_picked":["Heel Hook","Underhanded Strike+1"],"picked":"Bane","floor":38.0},{"not_picked":["All Out Attack","Deadly Poison+1","Heel Hook"],"picked":"Singing Bowl","floor":41.0},{"not_picked":["Magnetism","Enlightenment","Trip"],"picked":"Singing Bowl","floor":44.0},{"not_picked":["Magnetism","Jack Of All Trades"],"picked":"Panache","floor":44.0},{"not_picked":["The Bomb","Transmutation"],"picked":"Dramatic Entrance","floor":44.0},{"not_picked":["Blade Dance","Leg Sweep+1"],"picked":"Deadly Poison+1","floor":46.0},{"not_picked":["Dagger Throw+1","Leg Sweep"],"picked":"Acrobatics+1","floor":48.0}],"player_experience":372320,"relics_obtained":[{"floor":6.0,"key":"Ancient Tea Set"},{"floor":8.0,"key":"Letter Opener"},{"floor":9.0,"key":"Lantern"},{"floor":11.0,"key":"Whetstone"},{"floor":22.0,"key":"Bird Faced Urn"},{"floor":22.0,"key":"Pear"},{"floor":26.0,"key":"Omamori"},{"floor":29.0,"key":"Unceasing Top"},{"floor":31.0,"key":"Red Mask"},{"floor":38.0,"key":"The Specimen"},{"floor":41.0,"key":"The Courier"},{"floor":43.0,"key":"Oddly Smooth Stone"}],"event_choices":[{"event_name":"World of Goop","player_choice":"Gather Gold","floor":4.0,"damage_taken":0.0},{"event_name":"Transmorgrifier","player_choice":"Transform","floor":5.0,"damage_taken":0.0},{"event_name":"Golden Idol","player_choice":"Lose Max HP","floor":14.0,"damage_taken":0.0},{"event_name":"Vampires","player_choice":"Became a vampire (Vial)","floor":20.0,"damage_taken":0.0},{"event_name":"Colosseum","player_choice":"Fight","floor":22.0,"damage_taken":0.0},{"event_name":"Colosseum","player_choice":"Fought Nobs","floor":22.0,"damage_taken":0.0},{"event_name":"Purifier","player_choice":"One Purge","floor":28.0,"damage_taken":0.0},{"event_name":"Masked Bandits","player_choice":"Fought Bandits","floor":31.0,"damage_taken":0.0},{"event_name":"Upgrade Shrine","player_choice":"Upgraded","floor":37.0,"damage_taken":0.0},{"event_name":"Mysterious Sphere","player_choice":"Fight","floor":38.0,"damage_taken":0.0},{"event_name":"SensoryStone","player_choice":"Memory 3","floor":44.0,"damage_taken":0.0},{"event_name":"Tomb of Lord Red Mask","player_choice":"Wore Mask","floor":45.0,"damage_taken":0.0}],"is_beta":false,"boss_relics":[{"not_picked":["Cursed Key","Empty Cage"],"picked":"WristBlade"},{"not_picked":["HoveringKite","Runic Dome"],"picked":"Lizard Tail"}],"items_purged_floors":[21,39],"is_endless":false,"potions_floor_spawned":[1,8,10,11,12,16,18,22,24,31,46,48],"ascension_level":4}