{"gold_per_floor":[115,115,115,6,26,52,52,87,113,113,123,143,178,178,178,280,280,296,307,318,318,334,334],"floor_reached":23,"playtime":1447,"items_purged":["Strike_G"],"score":260,"play_id":"436f591d-f6ac-4032-ba96-00caf8fa1f6e","local_time":"20190916123201","is_ascension_mode":true,"campfire_choices":[{"data":"Leg Sweep","floor":7,"key":"SMITH"},{"floor":10,"key":"REST"},{"floor":15,"key":"REST"}],"neow_cost":"NONE","seed_source_timestamp":167409057375400,"circlet_count":0,"master_deck":["Strike_G","Strike_G","Strike_G","Strike_G+1","Defend_G","Defend_G","Defend_G","Defend_G","Defend_G+1","Survivor","Neutralize","Leg Sweep+1","Accuracy","Heel Hook","Slice","Backflip","Dagger Spray","Storm of Steel","Dash+1","Dagger Throw"],"relics":["Ring of the Snake","NeowsBlessing","Potion Belt","MealTicket","Ancient Tea Set","Sundial","Fusion Hammer","Happy Flower"],"potions_floor_usage":[11,13,16,16,18,18,19,20,22],"damage_taken":[{"damage":0,"enemies":"Small Slimes","floor":1,"turns":1},{"damage":0,"enemies":"Jaw Worm","floor":5,"turns":1},{"damage":0,"enemies":"Lagavulin","floor":6,"turns":1},{"damage":36,"enemies":"3 Sentries","floor":8,"turns":16},{"damage":0,"enemies":"2 Louse","floor":11,"turns":3},{"damage":13,"enemies":"Lots of Slimes","floor":12,"turns":6},{"damage":8,"enemies":"Lagavulin","floor":13,"turns":12},{"damage":20,"enemies":"Slime Boss","floor":16,"turns":11},{"damage":1,"enemies":"Chosen","floor":18,"turns":5},{"damage":10,"enemies":"Spheric Guardian","floor":19,"turns":8},{"damage":14,"enemies":"Snake Plant","floor":20,"turns":9},{"damage":11,"enemies":"Snecko","floor":22,"turns":6},{"damage":36,"enemies":"Slavers","floor":23,"turns":8}],"seed_played":"-9091683176758966337","potions_obtained":[{"floor":6,"key":"Dexterity Potion"},{"floor":8,"key":"Swift Potion"},{"floor":12,"key":"SpeedPotion"},{"floor":14,"key":"Weak Potion"},{"floor":14,"key":"SpeedPotion"},{"floor":14,"key":"Strength Potion"},{"floor":16,"key":"AttackPotion"},{"floor":19,"key":"PowerPotion"},{"floor":20,"key":"Block Potion"}],"is_trial":false,"path_per_floor":["M","?","?","$","M","E","R","E","T","R","M","M","E","?","R","B",null,"M","M","M","?","M","E"],"character_chosen":"THE_SILENT","items_purchased":["Leg Sweep"],"campfire_rested":2,"item_purchase_floors":[4],"current_hp_per_floor":[70,56,53,53,53,53,53,17,17,38,38,25,17,17,38,18,70,69,59,45,45,34,0],"gold":334,"neow_bonus":"THREE_ENEMY_KILL","is_prod":false,"is_daily":false,"chose_seed":false,"campfire_upgraded":1,"win_rate":0,"timestamp":1568608321,"path_taken":["M","?","?","$","M","E","R","E","T","R","M","M","E","?","R","BOSS","M","?","M","?","M","E"],"build_version":"2019-09-12","purchased_purges":1,"victory":false,"max_hp_per_floor":[70,70,70,70,70,70,70,70,70,70,70,70,70,70,70,70,70,70,70,70,70,70,70],"card_choices":[{"not_picked":["Deadly Poison","Dodge and Roll","Eviscerate"],"picked":"SKIP","floor":1},{"not_picked":["Quick Slash","Backflip"],"picked":"Accuracy","floor":5},{"not_picked":["Deadly Poison","Predator"],"picked":"Heel Hook","floor":6},{"not_picked":["Flechettes","Finisher"],"picked":"Slice","floor":8},{"not_picked":["Underhanded Strike","Catalyst","Accuracy"],"picked":"SKIP","floor":11},{"not_picked":["Flechettes","Sucker Punch"],"picked":"Backflip","floor":12},{"not_picked":["Skewer","Predator"],"picked":"Dagger Spray","floor":13},{"not_picked":["Die Die Die","Malaise"],"picked":"Storm of Steel","floor":16},{"not_picked":["Flying Knee","Finisher"],"picked":"Dash+1","floor":18},{"not_picked":["Underhanded Strike","Dash+1","Reflex"],"picked":"SKIP","floor":19},{"not_picked":["Bane+1","Catalyst"],"picked":"Dagger Throw","floor":20},{"not_picked":["Leg Sweep","Slice+1","Dodge and Roll"],"picked":"SKIP","floor":22}],"player_experience":157321,"relics_obtained":[{"floor":6,"key":"MealTicket"},{"floor":8,"key":"Ancient Tea Set"},{"floor":13,"key":"Sundial"}],"event_choices":[{"damage_healed":0,"gold_gain":0,"player_choice":"Entered Light","damage_taken":14,"max_hp_gain":0,"max_hp_loss":0,"event_name":"Shining Light","floor":2,"gold_loss":0,"cards_upgraded":["Strike_G","Defend_G"]},{"damage_healed":0,"gold_gain":0,"player_choice":"Success","damage_taken":3,"relics_obtained":["Potion Belt"],"max_hp_gain":0,"max_hp_loss":0,"event_name":"Scrap Ooze","floor":3,"gold_loss":0},{"damage_healed":0,"gold_gain":0,"player_choice":"Got Potions","damage_taken":0,"max_hp_gain":0,"max_hp_loss":0,"event_name":"Lab","floor":14,"gold_loss":0},{"damage_healed":0,"gold_gain":0,"player_choice":"Opened","damage_taken":0,"relics_obtained":["Happy Flower"],"max_hp_gain":0,"max_hp_loss":0,"event_name":"The Mausoleum","floor":21,"gold_loss":0}],"is_beta":true,"boss_relics":[{"not_picked":["SlaversCollar","Coffee Dripper"],"picked":"Fusion Hammer"}],"items_purged_floors":[4],"is_endless":false,"potions_floor_spawned":[6,8,12,16,19,20],"killed_by":"Slavers","ascension_level":2}