{"gold_per_floor":[111,111,131,86,105,130,142,158,204,238,252,252,285,300,300,300,300,397,397,414,324,324,78,98,98,24,57,57,88,107,107,125,141,141,240,240,258,272,272,283,283,283,309,327,327,342,368,114,114,131,131,131],"floor_reached":53,"playtime":5977,"items_purged":[],"score":869,"play_id":"6eefe124-d4a0-47d2-b6e7-f76b783ff924","local_time":"20190526022917","is_ascension_mode":true,"campfire_choices":[{"data":"BasicCrystalCard","floor":12.0,"key":"SMITH"},{"data":"Zap","floor":17.0,"key":"SMITH"},{"data":"Mirror Shield","floor":25.0,"key":"SMITH"},{"data":"Coolheaded","floor":31.0,"key":"SMITH"},{"data":"Replay:Sssssssssshield","floor":42.0,"key":"SMITH"},{"floor":49.0,"key":"REST"},{"data":"Seek","floor":51.0,"key":"SMITH"}],"neow_cost":"NONE","seed_source_timestamp":0,"circlet_count":0,"master_deck":["Strike_B+1","Strike_B+1","Strike_B+1","Strike_B+1","Defend_B+1","Defend_B+1","Defend_B+1","Defend_B+1","Zap+1","Dualcast+1","Cold Snap","Ball Lightning","BasicCrystalCard+1","ReplayTheSpireMod:Calculation Training","Conserve Battery","Static Discharge+1","Seek+1","All For One","Leap+1","ReplayTheSpireMod:Calculation Training","Mirror Shield+1","Cold Snap","Coolheaded+1","Defragment","Sweeping Beam+1","Consume","ReplayTheSpireMod:System Scan","Genetic Algorithm+1","ReplayRNGCard+1","Ball Lightning","Aggregate","Conserve Battery+1","Steam Power","conspire:Banana","Replay:Sssssssssshield+1","conspire:Banana","ReplayTheSpireMod:Calculation Training","Storm","conspire:Rain","Buffer+1","Barrage+1","Compile Driver+1","FIFO Queue+1","Chill+1","Hello World+1","Gash+1","Gash+1","FTL+1","Cold Snap","Go for the Eyes+1","Lockon+1","Glacier"],"special_seed":0,"relics":["Cracked Core","NeowsBlessing","Mango","halation:LettersToHer","Meat on the Bone","hubris:SphereOfDissonance","hubris:GrandSneckoEye","theJungle:ParSnip","Peace Pipe","hubris:Reverence","Golden Egg","Onion Ring","hubris:RGBLights","Prayer Wheel","hubris:VirtuousBlindfold","Prayer Wheel","halation:PapillonHeart","Pantograph","conspire:BottledYoYo","Dream Catcher","Gremlin Food"],"potions_floor_usage":[52,52],"damage_taken":[{"damage":0.0,"enemies":"Small Slimes","floor":1.0,"turns":1.0},{"damage":0.0,"enemies":"Cultist","floor":3.0,"turns":1.0},{"damage":0.0,"enemies":"Jaw Worm","floor":5.0,"turns":1.0},{"damage":14.0,"enemies":"Lagavulin","floor":6.0,"turns":8.0},{"damage":29.0,"enemies":"Gremlin Gang","floor":7.0,"turns":4.0},{"damage":15.0,"enemies":"Lots of Slimes","floor":8.0,"turns":3.0},{"damage":16.0,"enemies":"3 Sentries","floor":10.0,"turns":6.0},{"damage":0.0,"enemies":"Exordium Wildlife","floor":11.0,"turns":4.0},{"damage":16.0,"enemies":"Lagavulin","floor":13.0,"turns":9.0},{"damage":2.0,"enemies":"Blue Slaver","floor":14.0,"turns":3.0},{"damage":15.0,"enemies":"Hexaghost","floor":18.0,"turns":7.0},{"damage":0.0,"enemies":"Shell Parasite","floor":20.0,"turns":3.0},{"damage":6.0,"enemies":"theJungle:5_Spyders","floor":24.0,"turns":9.0},{"damage":0.0,"enemies":"theJungle:MamaSnecko","floor":27.0,"turns":5.0},{"damage":3.0,"enemies":"theJungle:Cassacara","floor":29.0,"turns":6.0},{"damage":1.0,"enemies":"theJungle:JungleHuntersEncounter","floor":30.0,"turns":6.0},{"damage":0.0,"enemies":"Snake Plant","floor":32.0,"turns":2.0},{"damage":8.0,"enemies":"theJungle:2_Flameangoes","floor":33.0,"turns":5.0},{"damage":26.0,"enemies":"theJungle:FunGuy","floor":35.0,"turns":9.0},{"damage":2.0,"enemies":"Orb Walker","floor":37.0,"turns":3.0},{"damage":7.0,"enemies":"3 Shapes","floor":38.0,"turns":8.0},{"damage":0.0,"enemies":"Writhing Mass","floor":40.0,"turns":5.0},{"damage":6.0,"enemies":"Nemesis","floor":43.0,"turns":6.0},{"damage":9.0,"enemies":"Maw","floor":44.0,"turns":6.0},{"damage":0.0,"enemies":"Transient","floor":46.0,"turns":5.0},{"damage":26.0,"enemies":"Reptomancer","floor":47.0,"turns":6.0},{"damage":2.0,"enemies":"Sphere and 2 Shapes","floor":50.0,"turns":4.0},{"damage":46,"enemies":"conspire:OrnateMirror","floor":52,"turns":26}],"seed_played":"-187254086188866830","potions_obtained":[{"floor":3.0,"key":"FocusPotion"},{"floor":6.0,"key":"Dexterity Potion"},{"floor":10.0,"key":"SkillPotion"},{"floor":13.0,"key":"PowerPotion"},{"floor":27.0,"key":"AttackPotion"}],"is_trial":false,"path_per_floor":["M","?","M","$","M","E","M","M","T","E","M","R","E","M","PTL","PTL","R","B",null,"M","?","?","$","M","R","$","E","T","E","M","R","M","M","R_BF","B",null,"M","M","?","M","?","R","E","M","T","M","E","$","R","M","R","B",null],"character_chosen":"DEFECT","items_purchased":["BasicCrystalCard","hubris:Reverence","Defragment","Gash+1","Gremlin Food","FTL"],"campfire_rested":1,"item_purchase_floors":[4,23,26,48,48,48],"current_hp_per_floor":[75,75,75,75,75,75,46,31,31,15,27,27,23,33,33,33,33,30,89,89,89,89,89,83,83,83,83,83,80,79,79,79,71,89,63,89,87,80,70,71,71,71,67,60,60,69,57,57,84,83,83,50],"gold":131,"neow_bonus":"THREE_ENEMY_KILL","is_prod":false,"is_daily":false,"chose_seed":false,"campfire_upgraded":6,"win_rate":0,"timestamp":1558862957,"path_taken":["M","?","M","?","?","E","?","M","T","E","M","R","E","M","PTL","PTL","R","BOSS","M","?","?","$","?","R","?","E","T","E","M","R","M","M","R_BF","BOSS","M","M","?","M","?","R","E","M","T","M","E","$","R","M","R","BOSS"],"build_version":"2019-01-23","purchased_purges":0,"victory":true,"max_hp_per_floor":[75,75,75,75,75,89,89,89,89,89,89,89,89,89,89,89,89,89,89,89,89,89,89,89,89,89,89,89,89,89,89,89,89,89,89,89,89,89,89,90,85,85,87,89,89,91,93,93,93,94,94,96],"card_choices":[{"not_picked":["Compile Driver","Gash"],"picked":"Cold Snap","floor":1.0},{"not_picked":["Aggregate","ReplayTheSpireMod:Reroute Power","Steam"],"picked":"SKIP","floor":3.0},{"not_picked":["Beam Cell","Barrage"],"picked":"ReplayTheSpireMod:Calculation Training","floor":5.0},{"not_picked":["ReplaySort","Fusion"],"picked":"Conserve Battery","floor":6.0},{"not_picked":["Tempest","Stack"],"picked":"Static Discharge","floor":7.0},{"not_picked":["Compile Driver","Force Field"],"picked":"Seek","floor":8.0},{"not_picked":["Rip and Tear","Capacitor"],"picked":"All For One","floor":10.0},{"not_picked":["Go for the Eyes","BasicCrystalCard"],"picked":"Leap","floor":11.0},{"not_picked":["Streamline","ReplayTheSpireMod:Omega Cannon","Turbo"],"picked":"SKIP","floor":13.0},{"not_picked":["Barrage","BasicCrystalCard"],"picked":"ReplayTheSpireMod:Calculation Training","floor":14.0},{"not_picked":["Meteor Strike","Buffer"],"picked":"Mirror Shield","floor":18.0},{"not_picked":["Static Discharge","Stack+1"],"picked":"Cold Snap","floor":20.0},{"not_picked":["Turbo+1","Skim"],"picked":"Coolheaded","floor":24.0},{"not_picked":["Beam Cell","Recycle"],"picked":"Sweeping Beam+1","floor":27.0},{"not_picked":["Capacitor","Streamline+1"],"picked":"Consume","floor":29.0},{"not_picked":["ReplayTheSpireMod:Repulse+1","ReplayGash","Storm"],"picked":"SKIP","floor":30.0},{"not_picked":["Double Energy+1","Ball Lightning"],"picked":"ReplayTheSpireMod:System Scan","floor":32.0},{"not_picked":["ReplayGash+1","Ball Lightning"],"picked":"Genetic Algorithm+1","floor":33.0},{"not_picked":["Reboot","Seek"],"picked":"ReplayRNGCard","floor":35.0},{"not_picked":["Turbo","Stack"],"picked":"Ball Lightning","floor":37.0},{"not_picked":["Rebound+1","Conserve Battery"],"picked":"Aggregate","floor":37.0},{"not_picked":["Rebound","Go for the Eyes"],"picked":"Conserve Battery+1","floor":38.0},{"not_picked":["Barrage+1","All For One"],"picked":"Steam Power","floor":38.0},{"not_picked":["Recycle+1","Conserve Battery","Turbo"],"picked":"SKIP","floor":38.0},{"not_picked":["The Bomb","ReplayTheSpireMod:Trickstab"],"picked":"conspire:Banana","floor":39.0},{"not_picked":["Forethought","Specialist"],"picked":"Replay:Sssssssssshield","floor":39.0},{"not_picked":["Jack Of All Trades","HandOfGreed"],"picked":"conspire:Banana","floor":39.0},{"not_picked":["Panic Button+1","Compile Driver"],"picked":"ReplayTheSpireMod:Calculation Training","floor":40.0},{"not_picked":["Auto Shields","Leap"],"picked":"Storm","floor":40.0},{"not_picked":["Stack","Steam","Redo"],"picked":"SKIP","floor":40.0},{"not_picked":["Self Repair","Static Discharge+1"],"picked":"conspire:Rain","floor":43.0},{"not_picked":["Barrage+1","hubris:PowerSurge+1"],"picked":"Buffer","floor":44.0},{"not_picked":["Steam+1","Leap"],"picked":"Barrage+1","floor":44.0},{"not_picked":["Redo+1","Sweeping Beam+1"],"picked":"Compile Driver+1","floor":44.0},{"not_picked":["hubris:PowerSurge+1","Auto Shields"],"picked":"FIFO Queue+1","floor":46.0},{"not_picked":["Streamline","ReplayTheSpireMod:Reroute Power+1"],"picked":"Chill+1","floor":46.0},{"not_picked":["Barrage+1","Compile Driver+1"],"picked":"Hello World+1","floor":46.0},{"not_picked":["Rebound","Self Repair"],"picked":"Gash+1","floor":47.0},{"not_picked":["Conserve Battery","Redo"],"picked":"Cold Snap","floor":49.0},{"not_picked":["FTL","BasicCrystalCard+1"],"picked":"Go for the Eyes+1","floor":50.0},{"not_picked":["Aggregate+1","Fission"],"picked":"Lockon+1","floor":50.0},{"not_picked":["Go for the Eyes","Aggregate+1"],"picked":"Glacier","floor":50.0}],"player_experience":1229520,"relics_obtained":[{"floor":6.0,"key":"Mango"},{"floor":9.0,"key":"halation:LettersToHer"},{"floor":10.0,"key":"Meat on the Bone"},{"floor":13.0,"key":"hubris:SphereOfDissonance"},{"floor":27.0,"key":"Golden Egg"},{"floor":28.0,"key":"halation:LettersToHer"},{"floor":28.0,"key":"Onion Ring"},{"floor":29.0,"key":"hubris:RGBLights"},{"floor":43.0,"key":"Pantograph"},{"floor":45.0,"key":"halation:LettersToHer"},{"floor":45.0,"key":"conspire:BottledYoYo"},{"floor":47.0,"key":"Dream Catcher"}],"event_choices":[{"damage_healed":0.0,"max_hp_gain":0.0,"max_hp_loss":0.0,"gold_gain":0.0,"event_name":"WeMeetAgain","player_choice":"Gave Potion","floor":22.0,"gold_loss":0.0,"damage_taken":0.0,"relics_obtained":["Peace Pipe"]},{"damage_healed":0.0,"max_hp_gain":0.0,"max_hp_loss":0.0,"gold_gain":0.0,"event_name":"SensoryStone","player_choice":"Memory 3","floor":39.0,"gold_loss":0.0,"damage_taken":10.0}],"is_beta":false,"boss_relics":[{"not_picked":["halation:Risk","Black Star"],"picked":"hubris:GrandSneckoEye"},{"not_picked":["halation:ForbiddenBikini","halation:PlatinumPhoenix"],"picked":"hubris:VirtuousBlindfold"}],"items_purged_floors":[],"is_endless":false,"potions_floor_spawned":[3,6,10,11,13,14,20,27,30,35,40,44,46],"ascension_level":1}