{"gold_per_floor":[219,169,184,259,6,6,35,35,35,35,70,83,83,96,96,193,193,207,222,222,222,241,241,241,241,241,241,253,266,276,290,290,387,387,397,444,454,137,137,157,186,186,257,257,273,273,283,299,299,299],"floor_reached":51,"playtime":3082,"items_purged":["Blizzard"],"score":988,"play_id":"0b84d0ad-ec67-4801-a95c-ea556bb0d57c","local_time":"20190523162209","is_ascension_mode":true,"campfire_choices":[{"data":"Darkness","floor":6.0,"key":"SMITH"},{"data":"Zap","floor":8.0,"key":"SMITH"},{"data":"Dualcast","floor":10.0,"key":"SMITH"},{"data":"Undo","floor":13.0,"key":"SMITH"},{"data":"Ball Lightning","floor":15.0,"key":"SMITH"},{"data":"Double Energy","floor":23.0,"key":"SMITH"},{"floor":25.0,"key":"REST"},{"floor":27.0,"key":"REST"},{"data":"Chaos","floor":32.0,"key":"SMITH"},{"data":"Coolheaded","floor":42,"key":"SMITH"},{"data":"Coolheaded","floor":46,"key":"SMITH"},{"floor":49,"key":"REST"}],"neow_cost":"NONE","seed_source_timestamp":19909988678233,"circlet_count":0,"master_deck":["Zap+1","Dualcast+1","Darkness+1","Undo+1","Machine Learning+1","Heatsinks+1","Ball Lightning+1","Capacitor+1","Biased Cognition+1","Double Energy+1","Self Repair+1","Machine Learning+1","Genetic Algorithm","Biased Cognition+1","Chaos+1","Conserve Battery+1","Storm+1","Darkness+1","Coolheaded+1","Electrodynamics+1","Buffer+1","Loop+1","Coolheaded+1","Darkness+1"],"special_seed":0,"relics":["Cracked Core","Frozen Egg 2","Pear","Bottled Tornado","Pandora\u0027s Box","Orichalcum","Busted Crown","Ice Cream","ClockworkSouvenir","Strawberry","Bottled Lightning"],"potions_floor_usage":[50],"damage_taken":[{"damage":1.0,"enemies":"Cultist","floor":1.0,"turns":3.0},{"damage":7.0,"enemies":"Small Slimes","floor":3.0,"turns":3.0},{"damage":14.0,"enemies":"Lagavulin","floor":7.0,"turns":6.0},{"damage":11.0,"enemies":"Gremlin Nob","floor":11.0,"turns":3.0},{"damage":0.0,"enemies":"2 Louse","floor":12.0,"turns":3.0},{"damage":0.0,"enemies":"Large Slime","floor":14.0,"turns":4.0},{"damage":16.0,"enemies":"The Guardian","floor":16.0,"turns":8.0},{"damage":28.0,"enemies":"2 Thieves","floor":18.0,"turns":4.0},{"damage":13.0,"enemies":"Shell Parasite","floor":19.0,"turns":4.0},{"damage":15.0,"enemies":"3 Cultists","floor":22.0,"turns":4.0},{"damage":0.0,"enemies":"Snecko","floor":28.0,"turns":3.0},{"damage":9.0,"enemies":"Centurion and Healer","floor":29.0,"turns":3.0},{"damage":6.0,"enemies":"Cultist and Chosen","floor":30.0,"turns":3.0},{"damage":0.0,"enemies":"Snake Plant","floor":31.0,"turns":2.0},{"damage":4.0,"enemies":"Collector","floor":33.0,"turns":4.0},{"damage":10.0,"enemies":"Orb Walker","floor":35.0,"turns":3.0},{"damage":16.0,"enemies":"2 Orb Walkers","floor":36.0,"turns":2.0},{"damage":20.0,"enemies":"3 Shapes","floor":37.0,"turns":3.0},{"damage":1,"enemies":"Writhing Mass","floor":40,"turns":3},{"damage":7,"enemies":"Giant Head","floor":41,"turns":5},{"damage":0,"enemies":"Maw","floor":45,"turns":4},{"damage":21,"enemies":"Transient","floor":47,"turns":5},{"damage":5,"enemies":"4 Shapes","floor":48,"turns":2},{"damage":49,"enemies":"Awakened One","floor":50,"turns":7}],"seed_played":"-5852062440195078282","potions_obtained":[{"floor":3.0,"key":"PowerPotion"},{"floor":7.0,"key":"Regen Potion"},{"floor":14.0,"key":"Explosive Potion"},{"floor":16.0,"key":"Swift Potion"},{"floor":22.0,"key":"Energy Potion"},{"floor":41,"key":"Weak Potion"}],"is_trial":false,"path_per_floor":["M","?","M","?","$","R","E","R","T","R","E","M","R","M","R","B",null,"M","M","?","?","M","R","?","R","T","R","M","M","M","M","R","B",null,"M","?","M","$","?","M","E","R","T","?","M","R","M","M","R","B",null],"character_chosen":"DEFECT","items_purchased":["Frozen Egg 2","ClockworkSouvenir","Coolheaded"],"campfire_rested":3,"item_purchase_floors":[5,38,38],"current_hp_per_floor":[67,67,60,49,49,49,45,45,45,45,34,34,34,34,34,33,72,54,51,51,51,36,36,36,61,61,85,85,76,80,80,80,76,83,83,67,47,47,47,56,66,66,66,66,76,76,65,60,86,47],"gold":299,"neow_bonus":"HUNDRED_GOLD","is_prod":false,"is_daily":false,"chose_seed":false,"campfire_upgraded":9,"win_rate":0,"timestamp":1558642929,"path_taken":["M","?","M","?","$","R","E","R","T","R","E","M","R","M","R","BOSS","M","M","?","?","?","R","?","R","T","R","M","?","?","M","R","BOSS","M","?","M","$","?","M","E","R","T","?","M","R","M","M","R","BOSS"],"build_version":"2019-01-23","purchased_purges":1,"victory":true,"max_hp_per_floor":[75,75,75,75,75,75,85,85,85,85,85,85,85,85,85,85,85,85,85,85,85,85,85,85,85,85,85,85,85,85,85,85,85,85,85,85,85,85,85,85,92,92,92,87,87,87,87,87,87,87],"card_choices":[{"not_picked":["Compile Driver","Go for the Eyes"],"picked":"Darkness","floor":1.0},{"not_picked":["Beam Cell","Reprogram"],"picked":"Undo","floor":3.0},{"not_picked":["Compile Driver","Go for the Eyes"],"picked":"Machine Learning+1","floor":7.0},{"not_picked":["Rebound","Blizzard"],"picked":"Heatsinks+1","floor":11.0},{"not_picked":["Stack","Leap"],"picked":"Ball Lightning","floor":12.0},{"not_picked":["Steam","Beam Cell"],"picked":"Capacitor+1","floor":14.0},{"not_picked":["Buffer+1","Rainbow"],"picked":"Biased Cognition+1","floor":16.0},{"not_picked":["Leap","Streamline"],"picked":"Conserve Battery+1","floor":18.0},{"not_picked":["Skim","Static Discharge+1"],"picked":"Storm+1","floor":19.0},{"not_picked":["Recycle","Stack"],"picked":"Coolheaded","floor":22.0},{"not_picked":["Barrage+1","FTL","Redo"],"picked":"SKIP","floor":28.0},{"not_picked":["Recycle","Steam","All For One"],"picked":"SKIP","floor":29.0},{"not_picked":["Steam Power","Chaos","Consume"],"picked":"SKIP","floor":30.0},{"not_picked":["Turbo","Go for the Eyes+1","Stack+1"],"picked":"SKIP","floor":31.0},{"not_picked":["Multi-Cast","Machine Learning+1"],"picked":"Buffer+1","floor":33.0},{"not_picked":["Undo"],"picked":"SKIP","floor":35.0},{"not_picked":[],"picked":"Loop+1","floor":36.0},{"not_picked":["Defragment+1"],"picked":"SKIP","floor":37},{"not_picked":["Ball Lightning"],"picked":"SKIP","floor":40},{"not_picked":["Rebound"],"picked":"SKIP","floor":41},{"not_picked":[],"picked":"Darkness+1","floor":45},{"not_picked":["Aggregate"],"picked":"SKIP","floor":47},{"not_picked":["Chill+1"],"picked":"SKIP","floor":48}],"player_experience":554046,"relics_obtained":[{"floor":7.0,"key":"Pear"},{"floor":11.0,"key":"Bottled Tornado"},{"floor":26.0,"key":"Orichalcum"},{"floor":36.0,"key":"Ice Cream"},{"floor":41,"key":"Strawberry"},{"floor":43,"key":"Bottled Lightning"}],"event_choices":[{"cards_removed":["Strike_B"],"damage_healed":0.0,"max_hp_gain":0.0,"max_hp_loss":0.0,"gold_gain":0.0,"event_name":"The Cleric","player_choice":"Card Removal","floor":2.0,"gold_loss":50.0,"damage_taken":0.0},{"damage_healed":0.0,"max_hp_gain":0.0,"max_hp_loss":0.0,"gold_gain":75.0,"event_name":"World of Goop","player_choice":"Gather Gold","floor":4.0,"gold_loss":0.0,"damage_taken":11.0},{"damage_healed":0.0,"max_hp_gain":0.0,"max_hp_loss":0.0,"gold_gain":0.0,"event_name":"Ghosts","player_choice":"Ignored","floor":20.0,"gold_loss":0.0,"damage_taken":0.0},{"damage_healed":0.0,"max_hp_gain":0.0,"max_hp_loss":0.0,"gold_gain":0.0,"event_name":"Duplicator","player_choice":"Copied","floor":21.0,"gold_loss":0.0,"damage_taken":0.0,"cards_obtained":["Darkness"]},{"damage_healed":0.0,"max_hp_gain":0.0,"max_hp_loss":0.0,"gold_gain":0.0,"event_name":"Match and Keep!","player_choice":"2 cards matched","floor":24.0,"gold_loss":0.0,"damage_taken":0.0,"cards_obtained":["Cold Snap","Electrodynamics"]},{"damage_healed":0.0,"max_hp_gain":0.0,"max_hp_loss":0.0,"gold_gain":0.0,"event_name":"Mysterious Sphere","player_choice":"Fight","floor":36.0,"gold_loss":0.0,"damage_taken":0.0},{"cards_removed":["Cold Snap"],"damage_healed":0,"gold_gain":0,"player_choice":"Removed Attack","damage_taken":0,"max_hp_gain":0,"max_hp_loss":0,"event_name":"Falling","floor":39,"gold_loss":0},{"damage_healed":0,"gold_gain":0,"player_choice":"Max HP","damage_taken":0,"max_hp_gain":0,"max_hp_loss":5,"event_name":"Winding Halls","floor":44,"gold_loss":0}],"is_beta":false,"boss_relics":[{"not_picked":["Orrery","Sozu"],"picked":"Pandora\u0027s Box"},{"not_picked":["White Beast Statue","Coffee Dripper"],"picked":"Busted Crown"}],"items_purged_floors":[38],"is_endless":false,"potions_floor_spawned":[3,7,14,16,22,28,30,36,40,41,47],"ascension_level":9}