{"gold_per_floor":[116,129,141,40,59,59,74,74,97,111,111,111,137,154,154,249,249,268,268,283,38,38,38,38,364,364,384,384,402,402,421,421,524,524,536,20,39,49,49,49,59,59,59,59,88,104,104,4,4,4],"floor_reached":51,"playtime":4680,"items_purged":["Strike_R","Strike_R"],"score":699,"play_id":"bce44a95-5463-4373-9f9b-bf2846c5fbf7","local_time":"20181103165037","is_ascension_mode":false,"campfire_choices":[{"data":"Corruption","floor":6,"key":"SMITH"},{"data":"Sword Boomerang","floor":8,"key":"SMITH"},{"data":"Bash","floor":12,"key":"SMITH"},{"floor":15,"key":"REST"},{"data":"Feel No Pain","floor":23,"key":"SMITH"},{"data":"Body Slam","floor":28,"key":"SMITH"},{"data":"Juggernaut","floor":30,"key":"SMITH"},{"data":"Shockwave","floor":32,"key":"SMITH"},{"data":"Bludgeon","floor":40,"key":"SMITH"},{"data":"Secret Technique","floor":44,"key":"SMITH"},{"data":"Limit Break","floor":47,"key":"SMITH"},{"data":"Inflame","floor":49,"key":"SMITH"}],"neow_cost":"NONE","seed_source_timestamp":114937161746974,"circlet_count":0,"master_deck":["Strike_R","Strike_R","Defend_R","Defend_R","Defend_R","Defend_R","Bash+1","Corruption+1","Sword Boomerang+1","Shrug It Off","Rage","Shrug It Off","True Grit","Inflame+1","Juggernaut+1","Feel No Pain+1","Body Slam+1","Impervious","Pommel Strike+1","Shockwave+1","Heavy Blade+1","Shrug It Off","Pummel+1","Bloodletting+1","Bludgeon+1","True Grit","Secret Technique+1","Twin Strike+1","Pommel Strike+1","Madness","Madness","Armaments+1","Metallicize","Limit Break+1"],"relics":["Burning Blood","Bronze Scales","Vajra","Regal Pillow","Bag of Marbles","Snecko Eye","Shuriken","Old Coin","Kunai","Sozu","Bottled Tornado","Gambling Chip","Anchor"],"potions_floor_usage":[13,27,33,33,35],"damage_taken":[{"damage":6,"enemies":"Cultist","floor":1,"turns":3},{"damage":6,"enemies":"Jaw Worm","floor":2,"turns":4},{"damage":7,"enemies":"2 Louse","floor":3,"turns":2},{"damage":10,"enemies":"Exordium Wildlife","floor":5,"turns":5},{"damage":0,"enemies":"Looter","floor":7,"turns":3},{"damage":12,"enemies":"Lots of Slimes","floor":10,"turns":3},{"damage":24,"enemies":"Lagavulin","floor":13,"turns":6},{"damage":0,"enemies":"Blue Slaver","floor":14,"turns":3},{"damage":23,"enemies":"The Guardian","floor":16,"turns":7},{"damage":0,"enemies":"Spheric Guardian","floor":18,"turns":3},{"damage":2,"enemies":"Shell Parasite","floor":20,"turns":4},{"damage":0,"enemies":"Gremlin Leader","floor":25,"turns":5},{"damage":0,"enemies":"Shelled Parasite and Fungi","floor":27,"turns":4},{"damage":0,"enemies":"Cultist and Chosen","floor":29,"turns":4},{"damage":0,"enemies":"Snake Plant","floor":31,"turns":5},{"damage":9,"enemies":"Collector","floor":33,"turns":7},{"damage":7,"enemies":"Orb Walker","floor":35,"turns":3},{"damage":3,"enemies":"3 Darklings","floor":37,"turns":3},{"damage":3,"enemies":"Sphere and 2 Shapes","floor":38,"turns":3},{"damage":0,"enemies":"Writhing Mass","floor":41,"turns":4},{"damage":3,"enemies":"Nemesis","floor":45,"turns":3},{"damage":0,"enemies":"3 Darklings","floor":46,"turns":3},{"damage":40,"enemies":"Time Eater","floor":50,"turns":7}],"seed_played":"-214573873430307578","potions_obtained":[{"floor":1,"key":"Block Potion"},{"floor":3,"key":"EntropicBrew"},{"floor":14,"key":"Regen Potion"},{"floor":16,"key":"Ancient Potion"},{"floor":20,"key":"FearPotion"},{"floor":25,"key":"EssenceOfSteel"},{"floor":31,"key":"Energy Potion"}],"is_trial":false,"path_per_floor":["M","M","M","$","M","R","M","R","T","M","?","R","E","M","R","B",null,"M","?","M","$","?","R","$","E","T","M","R","M","R","M","R","B",null,"M","$","M","M","?","R","M","?","T","R","E","M","R","$","R","B",null],"character_chosen":"IRONCLAD","items_purchased":["Rage","Shrug It Off","Shuriken","Bottled Tornado","Secret Technique"],"campfire_rested":1,"item_purchase_floors":[4,4,21,36,36],"current_hp_per_floor":[80,80,79,79,75,75,80,80,80,74,67,67,49,55,80,63,80,80,80,80,80,80,80,80,80,80,80,80,80,80,80,80,77,80,79,79,80,80,70,70,76,76,76,76,79,80,80,80,80,46],"gold":4,"neow_bonus":"RANDOM_COMMON_RELIC","is_prod":false,"is_daily":false,"chose_seed":false,"campfire_upgraded":11,"win_rate":0,"timestamp":1541260237,"path_taken":["M","M","M","$","M","R","M","R","T","?","?","R","E","M","R","BOSS","M","?","M","$","?","R","$","E","T","?","R","M","R","M","R","BOSS","M","$","M","M","?","R","M","?","T","R","E","M","R","$","R","BOSS"],"build_version":"2018-11-01","purchased_purges":2,"victory":true,"max_hp_per_floor":[80,80,80,80,80,80,80,80,80,80,80,80,80,80,80,80,80,80,80,80,80,80,80,80,80,80,80,80,80,80,80,80,80,80,80,80,80,80,80,80,80,80,80,80,80,80,80,80,80,80],"card_choices":[{"not_picked":["Shrug It Off","Thunderclap"],"picked":"Corruption","floor":1},{"not_picked":["Cleave","Wild Strike"],"picked":"Sword Boomerang","floor":2},{"not_picked":["Clothesline","Headbutt"],"picked":"Shrug It Off","floor":3},{"not_picked":["Corruption","Heavy Blade"],"picked":"True Grit","floor":5},{"not_picked":["Armaments","True Grit"],"picked":"Inflame","floor":7},{"not_picked":["Shrug It Off","Rage"],"picked":"Juggernaut","floor":10},{"not_picked":["Blood for Blood","Barricade"],"picked":"Feel No Pain","floor":13},{"not_picked":["Shrug It Off","Headbutt"],"picked":"Body Slam","floor":14},{"not_picked":["Feed","Reaper"],"picked":"Impervious","floor":16},{"not_picked":["Flex","Shrug It Off+1"],"picked":"Pommel Strike+1","floor":18},{"not_picked":["Reckless Charge","Thunderclap"],"picked":"Shockwave","floor":20},{"not_picked":["Cleave","Thunderclap+1"],"picked":"Heavy Blade+1","floor":25},{"not_picked":["Pommel Strike","Armaments"],"picked":"Shrug It Off","floor":27},{"not_picked":["Shrug It Off","Heavy Blade"],"picked":"Pummel+1","floor":29},{"not_picked":["Body Slam","Uppercut"],"picked":"Bloodletting+1","floor":31},{"not_picked":["Reaper","Juggernaut"],"picked":"Bludgeon","floor":33},{"not_picked":["Heavy Blade","Perfected Strike"],"picked":"True Grit","floor":35},{"not_picked":["Heavy Blade","Bloodletting"],"picked":"Twin Strike+1","floor":37},{"not_picked":["Sword Boomerang","Heavy Blade+1"],"picked":"Pommel Strike+1","floor":38},{"not_picked":["Iron Wave","Perfected Strike"],"picked":"Armaments+1","floor":41},{"not_picked":["Clothesline+1","Sword Boomerang"],"picked":"Metallicize","floor":45},{"not_picked":["True Grit","Feel No Pain"],"picked":"Limit Break","floor":46}],"player_experience":26925,"relics_obtained":[{"floor":9,"key":"Vajra"},{"floor":13,"key":"Bag of Marbles"},{"floor":25,"key":"Old Coin"},{"floor":26,"key":"Kunai"},{"floor":43,"key":"Gambling Chip"},{"floor":45,"key":"Anchor"}],"event_choices":[{"damage_healed":0,"gold_gain":0,"player_choice":"Success","damage_taken":7,"relics_obtained":["Regal Pillow"],"max_hp_gain":0,"max_hp_loss":0,"event_name":"Scrap Ooze","floor":11,"gold_loss":0},{"cards_removed":["Strike_R"],"damage_healed":0,"gold_gain":0,"player_choice":"Elegance","damage_taken":0,"max_hp_gain":0,"max_hp_loss":0,"event_name":"Back to Basics","floor":19,"gold_loss":0},{"damage_healed":0,"gold_gain":0,"player_choice":"Ignored","damage_taken":0,"max_hp_gain":0,"max_hp_loss":0,"event_name":"Vampires","floor":22,"gold_loss":0},{"damage_healed":0,"gold_gain":0,"player_choice":"Embrace Madness","damage_taken":10,"max_hp_gain":0,"max_hp_loss":0,"event_name":"Winding Halls","floor":39,"gold_loss":0,"cards_obtained":["Madness","Madness"]},{"damage_healed":0,"gold_gain":0,"player_choice":"Got Potions","damage_taken":0,"max_hp_gain":0,"max_hp_loss":0,"event_name":"Lab","floor":42,"gold_loss":0}],"is_beta":false,"boss_relics":[{"not_picked":["Cursed Key","Tiny House"],"picked":"Snecko Eye"},{"not_picked":["Black Blood","Runic Pyramid"],"picked":"Sozu"}],"items_purged_floors":[36,48],"is_endless":false,"potions_floor_spawned":[1,3,14,16,20,25,31,38,46],"ascension_level":0}