{"gold_per_floor":[117,87,87,46,46,46,79,79,103,103,116,136,136,176,176,176],"floor_reached":16,"playtime":604,"items_purged":[],"score":262,"play_id":"bd258129-c565-4601-8095-5c61b88760b1","local_time":"20190303042500","is_ascension_mode":true,"campfire_choices":[{"data":"Barrage","floor":6,"key":"SMITH"},{"data":"Static Discharge","floor":8,"key":"SMITH"},{"data":"White Noise","floor":15,"key":"SMITH"}],"neow_cost":"PERCENT_DAMAGE","seed_source_timestamp":54436268477400,"circlet_count":0,"master_deck":["AscendersBane","Strike_B","Strike_B","Strike_B","Strike_B","Defend_B","Defend_B","Defend_B","Defend_B","Zap+1","Dualcast","Glacier","Barrage+1","Static Discharge+1","Rebound","Glacier","White Noise+1","Go for the Eyes+1"],"relics":["Cracked Core","Gambling Chip","Golden Idol","Vajra","Orichalcum","Molten Egg 2","Bottled Tornado"],"potions_floor_usage":[7,14,14,16,16],"damage_taken":[{"damage":4,"enemies":"Small Slimes","floor":1,"turns":4},{"damage":21,"enemies":"3 Sentries","floor":7,"turns":6},{"damage":0,"enemies":"Cultist","floor":11,"turns":2},{"damage":2,"enemies":"2 Louse","floor":12,"turns":2},{"damage":0,"enemies":"Gremlin Nob","floor":14,"turns":3},{"damage":35,"enemies":"Slime Boss","floor":16,"turns":6}],"seed_played":"2075574198503383102","potions_obtained":[{"floor":1,"key":"Regen Potion"},{"floor":7,"key":"LiquidBronze"},{"floor":11,"key":"Regen Potion"},{"floor":14,"key":"EntropicBrew"}],"is_trial":false,"path_per_floor":["M","$","?","$","?","R","E","R","T","?","M","M","T","E","R","B"],"character_chosen":"DEFECT","items_purchased":["Barrage","Static Discharge"],"campfire_rested":0,"item_purchase_floors":[2,4],"current_hp_per_floor":[42,42,42,42,42,42,35,35,35,26,26,24,24,33,33,0],"gold":176,"neow_bonus":"ONE_RARE_RELIC","is_prod":false,"is_daily":false,"chose_seed":false,"campfire_upgraded":3,"win_rate":0,"timestamp":1551615900,"path_taken":["M","$","?","$","?","R","E","R","T","?","M","?","?","E","R","BOSS"],"build_version":"2019-02-06","purchased_purges":0,"victory":false,"max_hp_per_floor":[71,71,71,71,64,64,64,64,64,64,64,64,64,64,64,64],"card_choices":[{"not_picked":["Chill","Rebound"],"picked":"Glacier","floor":1},{"not_picked":["Gash","Streamline"],"picked":"Rebound","floor":7},{"not_picked":["Scrape","White Noise"],"picked":"Glacier","floor":11},{"not_picked":["Storm","Redo"],"picked":"White Noise","floor":12},{"not_picked":["Reprogram","Amplify"],"picked":"Go for the Eyes+1","floor":14}],"player_experience":3331414,"relics_obtained":[{"floor":7,"key":"Vajra"},{"floor":9,"key":"Orichalcum"},{"floor":13,"key":"Molten Egg 2"},{"floor":14,"key":"Bottled Tornado"}],"event_choices":[{"damage_healed":0,"gold_gain":0,"player_choice":"Grow","damage_taken":0,"max_hp_gain":0,"max_hp_loss":0,"event_name":"Living Wall","floor":3,"gold_loss":0,"cards_upgraded":["Zap"]},{"damage_healed":0,"gold_gain":0,"player_choice":"Lose Max HP","damage_taken":0,"relics_obtained":["Golden Idol"],"max_hp_gain":0,"max_hp_loss":7,"event_name":"Golden Idol","floor":5,"gold_loss":0},{"damage_healed":0,"gold_gain":0,"player_choice":"Damaged","damage_taken":9,"max_hp_gain":0,"max_hp_loss":0,"event_name":"Wheel of Change","floor":10,"gold_loss":0}],"is_beta":true,"boss_relics":[],"items_purged_floors":[],"is_endless":false,"potions_floor_spawned":[1,7,11,14],"killed_by":"Slime Boss","ascension_level":20}