{"gold_per_floor":[118,137,62,80,5,30,30,30,112,123,123,135,168,183,183,255,255,273,273,284,5,24,58,58,58,58,58,92,105,123,123,123,200,200,219,219,45,45,64,64,64,64,64,75,85,85,185,195,195,195,195],"floor_reached":51,"playtime":2776,"items_purged":["Pain","Strike_R"],"score":1394,"play_id":"d950049a-684e-4b12-a2fe-c563bc5f397c","local_time":"20181113002608","is_ascension_mode":true,"campfire_choices":[{"data":"Bash","floor":8.0,"key":"SMITH"},{"data":"Rampage","floor":11.0,"key":"SMITH"},{"data":"Limit Break","floor":15.0,"key":"SMITH"},{"floor":24.0,"key":"REST"},{"floor":27.0,"key":"REST"},{"floor":32,"key":"REST"},{"data":"True Grit","floor":40,"key":"SMITH"},{"data":"Inflame","floor":42,"key":"SMITH"},{"data":"Spot Weakness","floor":46,"key":"SMITH"},{"floor":49,"key":"REST"}],"neow_cost":"NONE","seed_source_timestamp":0,"circlet_count":0,"master_deck":["AscendersBane","Strike_R","Strike_R","Strike_R","Defend_R","Defend_R","Defend_R+1","Defend_R+1","Twin Strike","Rampage+1","Inflame+1","Shrug It Off","Metallicize+1","Limit Break+1","Feed","Metallicize+1","Battle Trance+1","Whirlwind","Brutality+1","Double Tap","True Grit+1","Fiend Fire","Feel No Pain+1","Spot Weakness+1","Parasite","Corruption+1"],"special_seed":0,"relics":["Burning Blood","War Paint","Regal Pillow","Frozen Egg 2","Ancient Tea Set","Cursed Key","WarpedTongs","Blood Vial","Art of War","Red Skull","Runic Dome"],"potions_floor_usage":[39,51,51],"damage_taken":[{"damage":6.0,"enemies":"Jaw Worm","floor":1.0,"turns":4.0},{"damage":2.0,"enemies":"Small Slimes","floor":2.0,"turns":3.0},{"damage":0.0,"enemies":"Cultist","floor":4.0,"turns":2.0},{"damage":28.0,"enemies":"Gremlin Nob","floor":6.0,"turns":4.0},{"damage":7.0,"enemies":"Red Slaver","floor":10.0,"turns":4.0},{"damage":10.0,"enemies":"Gremlin Gang","floor":12.0,"turns":5.0},{"damage":23.0,"enemies":"3 Sentries","floor":13.0,"turns":9.0},{"damage":1.0,"enemies":"Blue Slaver","floor":14.0,"turns":5.0},{"damage":8.0,"enemies":"The Guardian","floor":16.0,"turns":10.0},{"damage":16.0,"enemies":"Spheric Guardian","floor":18.0,"turns":6.0},{"damage":20.0,"enemies":"2 Thieves","floor":20.0,"turns":5.0},{"damage":18.0,"enemies":"3 Cultists","floor":22.0,"turns":4.0},{"damage":24.0,"enemies":"Gremlin Leader","floor":23.0,"turns":6.0},{"damage":55.0,"enemies":"Book of Stabbing","floor":28.0,"turns":5.0},{"damage":22,"enemies":"Snake Plant","floor":29,"turns":3},{"damage":22,"enemies":"Cultist and Chosen","floor":30,"turns":6},{"damage":27,"enemies":"Champ","floor":33,"turns":10},{"damage":23,"enemies":"3 Shapes","floor":35,"turns":7},{"damage":1,"enemies":"3 Darklings","floor":39,"turns":2},{"damage":32,"enemies":"Sphere and 2 Shapes","floor":44,"turns":6},{"damage":18,"enemies":"Writhing Mass","floor":45,"turns":5},{"damage":6,"enemies":"Mind Bloom Boss Battle","floor":47,"turns":7},{"damage":31,"enemies":"3 Darklings","floor":48,"turns":5},{"damage":58,"enemies":"Donu and Deca","floor":50,"turns":6},{"damage":55,"enemies":"Awakened One","floor":51,"turns":3}],"seed_played":"1279546731409527864","potions_obtained":[{"floor":4.0,"key":"FairyPotion"},{"floor":10.0,"key":"Strength Potion"},{"floor":12.0,"key":"Energy Potion"},{"floor":18.0,"key":"GamblersBrew"},{"floor":20.0,"key":"LiquidBronze"},{"floor":22.0,"key":"Explosive Potion"},{"floor":28.0,"key":"BloodPotion"},{"floor":44,"key":"BloodPotion"}],"is_trial":false,"path_per_floor":["M","M","?","M","$","E","?","R","T","M","R","M","E","M","R","B",null,"M","?","M","$","M","E","R","?","T","R","E","M","M","?","R","B",null,"M","?","$","?","M","R","?","R","T","M","M","R","?","M","R","B","B"],"character_chosen":"IRONCLAD","items_purchased":["Inflame","Whirlwind","Blood Vial","Feel No Pain+1"],"campfire_rested":4,"item_purchase_floors":[5,21,21,37],"current_hp_per_floor":[68,72,72,75,75,53,53,53,53,52,52,48,31,36,36,34,65,58,58,48,48,41,25,65,40,40,82,35,24,13,13,56,41,85,73,73,73,73,80,80,80,80,80,60,50,50,56,33,81,31,0],"gold":195,"neow_bonus":"RANDOM_COMMON_RELIC","is_prod":false,"is_daily":false,"chose_seed":false,"campfire_upgraded":6,"win_rate":0,"timestamp":1542097568,"path_taken":["M","M","?","M","$","E","?","R","T","?","R","M","E","M","R","BOSS","M","?","?","$","M","E","R","?","T","R","E","M","M","?","R","BOSS","M","?","$","?","M","R","?","R","T","?","M","R","?","M","R","BOSS","BOSS"],"build_version":"2018-11-12","purchased_purges":2,"victory":false,"max_hp_per_floor":[75,75,75,75,75,75,75,75,75,75,75,75,75,75,75,75,75,78,78,82,82,85,85,85,90,90,90,90,93,96,96,96,100,100,103,103,103,103,103,103,103,103,103,107,107,107,111,111,111,111,111],"card_choices":[{"not_picked":["Reckless Charge","True Grit"],"picked":"Twin Strike","floor":1.0},{"not_picked":["Feel No Pain","Iron Wave"],"picked":"Rampage","floor":2.0},{"not_picked":["Flex","Body Slam","Rupture"],"picked":"SKIP","floor":4.0},{"not_picked":["Thunderclap","Corruption"],"picked":"Shrug It Off","floor":6.0},{"not_picked":["Shrug It Off","Heavy Blade"],"picked":"Metallicize+1","floor":10.0},{"not_picked":["Pummel","Perfected Strike"],"picked":"Limit Break","floor":12.0},{"not_picked":["Reckless Charge","Wild Strike","Perfected Strike"],"picked":"SKIP","floor":13.0},{"not_picked":["Anger","Fire Breathing+1","Entrench"],"picked":"SKIP","floor":14.0},{"not_picked":["Double Tap","Offering"],"picked":"Feed","floor":16.0},{"not_picked":["Burning Pact","Wild Strike"],"picked":"Metallicize+1","floor":18.0},{"not_picked":["Twin Strike","True Grit"],"picked":"Battle Trance+1","floor":20.0},{"not_picked":["Anger","Cleave","Sword Boomerang"],"picked":"SKIP","floor":22.0},{"not_picked":["Rupture+1","Hemokinesis"],"picked":"Brutality+1","floor":23.0},{"not_picked":["Wild Strike","Blood for Blood"],"picked":"Double Tap","floor":28.0},{"not_picked":["Havoc","Entrench"],"picked":"True Grit","floor":29},{"not_picked":["Spot Weakness","Second Wind","Anger+1"],"picked":"SKIP","floor":30},{"not_picked":["Bludgeon","Juggernaut+1"],"picked":"Fiend Fire","floor":33},{"not_picked":["Sever Soul+1","Havoc+1","Blood for Blood"],"picked":"SKIP","floor":35},{"not_picked":["Entrench","Hemokinesis+1"],"picked":"Spot Weakness","floor":39},{"not_picked":["Fire Breathing+1","Armaments","Wild Strike"],"picked":"SKIP","floor":44},{"not_picked":["Clash+1","Havoc","Wild Strike"],"picked":"SKIP","floor":45},{"not_picked":["Clash","Corruption+1","Spot Weakness+1"],"picked":"SKIP","floor":48},{"not_picked":["Clash","Spot Weakness+1"],"picked":"Corruption+1","floor":48}],"player_experience":1079119,"relics_obtained":[{"floor":6.0,"key":"Regal Pillow"},{"floor":9.0,"key":"Frozen Egg 2"},{"floor":13.0,"key":"Ancient Tea Set"},{"floor":23.0,"key":"Art of War"},{"floor":28.0,"key":"Red Skull"}],"event_choices":[{"cards_removed":["Strike_R"],"damage_healed":0.0,"max_hp_gain":0.0,"max_hp_loss":0.0,"gold_gain":0.0,"event_name":"The Cleric","player_choice":"Card Removal","floor":3.0,"gold_loss":75.0,"damage_taken":0.0},{"damage_healed":0.0,"max_hp_gain":0.0,"max_hp_loss":0.0,"gold_gain":0.0,"event_name":"Match and Keep!","player_choice":"0 cards matched","floor":7.0,"gold_loss":0.0,"damage_taken":0.0,"cards_obtained":[]},{"damage_healed":0.0,"max_hp_gain":0.0,"max_hp_loss":0.0,"gold_gain":0.0,"event_name":"Accursed Blacksmith","player_choice":"Rummage","floor":19.0,"gold_loss":0.0,"damage_taken":0.0,"relics_obtained":["WarpedTongs"],"cards_obtained":["Pain"]},{"damage_healed":0.0,"max_hp_gain":5.0,"max_hp_loss":0.0,"gold_gain":0.0,"event_name":"Forgotten Altar","player_choice":"Shed Blood","floor":25.0,"gold_loss":0.0,"damage_taken":30.0},{"damage_healed":0,"gold_gain":0,"player_choice":"Ignored","damage_taken":0,"max_hp_gain":0,"max_hp_loss":0,"event_name":"Cursed Tome","floor":31,"gold_loss":0},{"damage_healed":0,"gold_gain":0,"player_choice":"Ignored","damage_taken":0,"max_hp_gain":0,"max_hp_loss":0,"event_name":"Tomb of Lord Red Mask","floor":36,"gold_loss":0},{"cards_removed":["Bash"],"damage_healed":0,"gold_gain":0,"player_choice":"Removed Attack","damage_taken":0,"max_hp_gain":0,"max_hp_loss":0,"event_name":"Falling","floor":38,"gold_loss":0},{"damage_healed":0,"gold_gain":0,"player_choice":"Ignored","damage_taken":0,"max_hp_gain":0,"max_hp_loss":0,"event_name":"SecretPortal","floor":41,"gold_loss":0},{"damage_healed":0,"gold_gain":0,"player_choice":"Fight","damage_taken":0,"max_hp_gain":0,"max_hp_loss":0,"event_name":"MindBloom","floor":47,"gold_loss":0}],"is_beta":true,"boss_relics":[{"not_picked":["Black Star","White Beast Statue"],"picked":"Cursed Key"},{"not_picked":["Lizard Tail","Snecko Eye"],"picked":"Runic Dome"}],"items_purged_floors":[21,37],"is_endless":false,"potions_floor_spawned":[4,10,12,18,20,22,28,44],"killed_by":"Awakened One","ascension_level":20}