{"gold_per_floor":[118,193,210,220,237,269,269,269,292,292,313,18,35,51,51,154,204,170,70,90,50,62,62,87,87,87,87,119,119,136,136,136,237,237,254,274,22,22,122,122,122,133,185,203,203,203,221,221],"floor_reached":48,"playtime":4286,"items_purged":["Strike_B","Strike_B"],"score":495,"play_id":"4d28a016-86ac-4761-8c29-fb7259194814","local_time":"20181106213230","is_ascension_mode":false,"campfire_choices":[{"floor":7,"key":"REST"},{"floor":10,"key":"REST"},{"floor":15,"key":"REST"},{"floor":23,"key":"REST"},{"floor":25,"key":"REST"},{"floor":32,"key":"REST"},{"floor":41,"key":"REST"},{"floor":46,"key":"REST"}],"neow_cost":"NONE","seed_source_timestamp":391463811356735,"circlet_count":0,"master_deck":["Strike_B","Strike_B+1","Defend_B+1","Defend_B","Defend_B","Zap","Dualcast","Compile Driver","Loop+1","Genetic Algorithm+1","Coolheaded+1","Self Repair","Coolheaded","Ball Lightning","Capacitor+1","Blizzard","Melter","Creative AI","Defragment+1","Heatsinks","Aggregate","Conserve Battery+1","Reprogram+1","Steam+1","Compile Driver+1","Decay","Capacitor","Chill","Buffer","Sweeping Beam+1","Beam Cell+1","Stack+1","Darkness+1","Hologram","Go for the Eyes+1","Dark Shackles","Glacier+1","Stack"],"relics":["Cracked Core","Anchor","Dream Catcher","Odd Mushroom","War Paint","Juzu Bracelet","Dodecahedron","Regal Pillow","Nloth\u0027s Gift","Sozu","Kunai","Peace Pipe","Oddly Smooth Stone","Centennial Puzzle"],"potions_floor_usage":[5,11,16,18,24,28,33],"damage_taken":[{"damage":6,"enemies":"2 Louse","floor":1,"turns":2},{"damage":0,"enemies":"Small Slimes","floor":3,"turns":3},{"damage":6,"enemies":"Jaw Worm","floor":4,"turns":3},{"damage":5,"enemies":"Lots of Slimes","floor":5,"turns":2},{"damage":33,"enemies":"Lagavulin","floor":6,"turns":8},{"damage":17,"enemies":"The Mushroom Lair","floor":11,"turns":3},{"damage":15,"enemies":"3 Louse","floor":13,"turns":3},{"damage":4,"enemies":"2 Fungi Beasts","floor":14,"turns":4},{"damage":42,"enemies":"Slime Boss","floor":16,"turns":9},{"damage":30,"enemies":"2 Thieves","floor":18,"turns":5},{"damage":32,"enemies":"Shell Parasite","floor":20,"turns":11},{"damage":17,"enemies":"Snecko","floor":22,"turns":7},{"damage":13,"enemies":"Gremlin Leader","floor":24,"turns":6},{"damage":62,"enemies":"Slavers","floor":28,"turns":10},{"damage":3,"enemies":"Sentry and Sphere","floor":30,"turns":5},{"damage":60,"enemies":"Automaton","floor":33,"turns":14},{"damage":31,"enemies":"Orb Walker","floor":35,"turns":6},{"damage":7,"enemies":"3 Shapes","floor":36,"turns":7},{"damage":27,"enemies":"Mind Bloom Boss Battle","floor":39,"turns":9},{"damage":38,"enemies":"3 Darklings","floor":42,"turns":10},{"damage":44,"enemies":"Jaw Worm Horde","floor":44,"turns":9},{"damage":32,"enemies":"Transient","floor":47,"turns":5},{"damage":30,"enemies":"Spire Growth","floor":48,"turns":6}],"seed_played":"5325096888450285834","potions_obtained":[{"floor":4,"key":"Explosive Potion"},{"floor":5,"key":"PowerPotion"},{"floor":11,"key":"Strength Potion"},{"floor":16,"key":"Weak Potion"},{"floor":17,"key":"Fire Potion"},{"floor":22,"key":"FocusPotion"},{"floor":30,"key":"AttackPotion"}],"is_trial":false,"path_per_floor":["M","?","M","M","M","E","R","?","T","R","?","$","M","M","R","B",null,"M","$","M","?","M","R","E","R","T","?","E","?","M","?","R","B",null,"M","M","$","?","?","T","R","M","T","M","?","R","M","M"],"character_chosen":"DEFECT","items_purchased":["Capacitor","War Paint","Kunai"],"campfire_rested":8,"item_purchase_floors":[12,12,37],"current_hp_per_floor":[76,65,65,59,54,21,45,29,29,53,36,36,21,24,48,13,87,64,64,39,39,29,55,49,75,75,75,20,20,24,24,65,12,87,56,56,56,56,36,36,77,46,46,9,9,50,25,0],"gold":221,"neow_bonus":"TEN_PERCENT_HP_BONUS","is_prod":false,"is_daily":false,"chose_seed":false,"campfire_upgraded":0,"win_rate":0.0,"timestamp":1541536350,"path_taken":["M","?","M","M","M","E","R","?","T","R","?","$","M","M","R","BOSS","M","$","M","?","M","R","E","R","T","?","E","?","M","?","R","BOSS","M","M","$","?","?","?","R","M","T","M","?","R","M","M"],"build_version":"2018-11-05","purchased_purges":2,"victory":false,"max_hp_per_floor":[82,82,82,82,82,82,82,82,82,82,82,82,82,82,82,82,87,87,87,87,87,87,87,87,87,87,87,87,87,87,87,87,87,87,87,87,87,87,87,87,87,87,87,87,87,87,87,87],"card_choices":[{"not_picked":["Leap","Stack"],"picked":"Compile Driver","floor":1},{"not_picked":["Steam Power","Conserve Battery"],"picked":"Loop","floor":3},{"not_picked":["Redo","Cold Snap"],"picked":"Genetic Algorithm","floor":4},{"not_picked":["Ball Lightning","Stack"],"picked":"Coolheaded","floor":5},{"not_picked":["Amplify","Static Discharge"],"picked":"Self Repair","floor":6},{"not_picked":["Streamline","Sweeping Beam"],"picked":"Coolheaded","floor":10},{"not_picked":["Beam Cell","Leap"],"picked":"Ball Lightning","floor":11},{"not_picked":["Streamline","Coolheaded","BootSequence"],"picked":"SKIP","floor":13},{"not_picked":["Streamline","Compile Driver"],"picked":"Blizzard","floor":14},{"not_picked":["Force Field","Scrape"],"picked":"Melter","floor":15},{"not_picked":["Electrodynamics","All For One"],"picked":"Creative AI","floor":16},{"not_picked":["Rip and Tear","Go for the Eyes"],"picked":"Defragment","floor":18},{"not_picked":["Reinforced Body+1","Doom and Gloom"],"picked":"Heatsinks","floor":20},{"not_picked":["Compile Driver","Melter"],"picked":"Aggregate","floor":22},{"not_picked":["Gash+1","Go for the Eyes"],"picked":"Conserve Battery+1","floor":23},{"not_picked":["Coolheaded","White Noise"],"picked":"Reprogram+1","floor":24},{"not_picked":["Beam Cell","Hologram"],"picked":"Steam+1","floor":25},{"not_picked":["Steam Power","Thunder Strike"],"picked":"Compile Driver+1","floor":28},{"not_picked":["Blizzard","Scrape"],"picked":"Capacitor","floor":30},{"not_picked":["Storm","Auto Shields"],"picked":"Chill","floor":32},{"not_picked":["Fission","Rainbow"],"picked":"Buffer","floor":33},{"not_picked":["FTL","Fission"],"picked":"Sweeping Beam+1","floor":35},{"not_picked":["Compile Driver+1","Coolheaded"],"picked":"Beam Cell+1","floor":36},{"not_picked":["Gash","Ball Lightning+1"],"picked":"Stack+1","floor":39},{"not_picked":["Stack+1","Redo+1"],"picked":"Darkness+1","floor":41},{"not_picked":["Redo","Leap"],"picked":"Hologram","floor":42},{"not_picked":["Steam Power","Aggregate"],"picked":"Go for the Eyes+1","floor":44},{"not_picked":["Blind","Finesse"],"picked":"Dark Shackles","floor":45},{"not_picked":["Hologram+1","Ball Lightning+1"],"picked":"Glacier+1","floor":46},{"not_picked":["Aggregate+1","Creative AI"],"picked":"Stack","floor":47}],"player_experience":24588,"relics_obtained":[{"floor":6,"key":"Anchor"},{"floor":9,"key":"Dream Catcher"},{"floor":11,"key":"Odd Mushroom"},{"floor":24,"key":"Juzu Bracelet"},{"floor":26,"key":"Dodecahedron"},{"floor":28,"key":"Regal Pillow"},{"floor":39,"key":"Peace Pipe"},{"floor":40,"key":"Oddly Smooth Stone"},{"floor":43,"key":"Centennial Puzzle"}],"event_choices":[{"damage_healed":0,"gold_gain":75,"player_choice":"Gather Gold","damage_taken":11,"max_hp_gain":0,"max_hp_loss":0,"event_name":"World of Goop","floor":2,"gold_loss":0},{"damage_healed":0,"gold_gain":0,"player_choice":"Entered Light","damage_taken":16,"max_hp_gain":0,"max_hp_loss":0,"event_name":"Shining Light","floor":8,"gold_loss":0,"cards_upgraded":["Loop","Strike_B"]},{"damage_healed":0,"gold_gain":0,"player_choice":"Fought Mushrooms","damage_taken":0,"max_hp_gain":0,"max_hp_loss":0,"event_name":"Mushrooms","floor":11,"gold_loss":0},{"damage_healed":0,"gold_gain":0,"player_choice":"Upgraded Two","damage_taken":0,"max_hp_gain":0,"max_hp_loss":0,"event_name":"Designer","floor":21,"gold_loss":40,"cards_upgraded":["Genetic Algorithm","Defragment"]},{"cards_removed":["Defend_B"],"damage_healed":0,"gold_gain":0,"player_choice":"Elegance","damage_taken":0,"max_hp_gain":0,"max_hp_loss":0,"event_name":"Back to Basics","floor":27,"gold_loss":0},{"damage_healed":0,"gold_gain":0,"player_choice":"Smashed Altar","damage_taken":0,"max_hp_gain":0,"max_hp_loss":0,"event_name":"Forgotten Altar","floor":29,"gold_loss":0,"cards_obtained":["Decay"]},{"damage_healed":0,"gold_gain":0,"player_choice":"Traded Relic","damage_taken":0,"relics_obtained":["Nloth\u0027s Gift"],"max_hp_gain":0,"max_hp_loss":0,"event_name":"N\u0027loth","floor":31,"relics_lost":["Tiny House"],"gold_loss":0},{"damage_healed":0,"gold_gain":0,"player_choice":"Ignored","damage_taken":0,"max_hp_gain":0,"max_hp_loss":0,"event_name":"Mysterious Sphere","floor":38,"gold_loss":0},{"damage_healed":0,"gold_gain":0,"player_choice":"Fight","damage_taken":0,"max_hp_gain":0,"max_hp_loss":0,"event_name":"MindBloom","floor":39,"gold_loss":0},{"damage_healed":0,"gold_gain":0,"player_choice":"Memory 1","damage_taken":0,"max_hp_gain":0,"max_hp_loss":0,"event_name":"SensoryStone","floor":45,"gold_loss":0}],"is_beta":true,"boss_relics":[{"not_picked":["Lizard Tail","Ectoplasm"],"picked":"Tiny House"},{"not_picked":["Velvet Choker","Snecko Eye"],"picked":"Sozu"}],"items_purged_floors":[12,19],"is_endless":false,"potions_floor_spawned":[4,5,11,16,22,30,36,42],"killed_by":"Spire Growth","ascension_level":0}