{"gold_per_floor":[109,109,120,131,131,156,171,26,94,124,138,138,19,36,36,141,141,153,153,153,163,39,68,68,79,103,114,133,93,93,103,103,103],"floor_reached":33,"playtime":3094,"items_purged":["Pain"],"score":357,"play_id":"91983c63-f5ae-43a7-9e76-7c0980332ae5","local_time":"20190911235427","is_ascension_mode":true,"campfire_choices":[{"floor":12.0,"key":"REST"},{"floor":15.0,"key":"RECALL"},{"floor":24.0,"key":"REST"},{"floor":30,"key":"REST"},{"data":"Seeing Red","floor":32,"key":"SMITH"}],"neow_cost":"CURSE","seed_source_timestamp":0,"circlet_count":0,"master_deck":["Strike_R","Strike_R","Strike_R","Strike_R","Strike_R+1","Defend_R","Defend_R","Defend_R","Defend_R","Bash+1","Warcry","Shrug It Off","Hemokinesis","Spot Weakness","Brutality","Shockwave","Offering","Feel No Pain","Warcry","Battle Trance","Impervious","Cleave","Havoc","Second Wind","Sword Boomerang","Seeing Red+1","Feel No Pain","Injury","Impervious"],"special_seed":0,"relics":["Burning Blood","Ice Cream","Blood Vial","Pear","Cursed Key","MutagenicStrength","Nunchaku","Anchor"],"potions_floor_usage":[27,31,31,31],"damage_taken":[{"damage":12.0,"enemies":"Small Slimes","floor":1.0,"turns":3.0},{"damage":12.0,"enemies":"Jaw Worm","floor":3.0,"turns":4.0},{"damage":2.0,"enemies":"Cultist","floor":4.0,"turns":3.0},{"damage":40.0,"enemies":"Lagavulin","floor":6.0,"turns":6.0},{"damage":5.0,"enemies":"Exordium Thugs","floor":7.0,"turns":4.0},{"damage":21.0,"enemies":"Gremlin Nob","floor":10.0,"turns":3.0},{"damage":13.0,"enemies":"Looter","floor":11.0,"turns":3.0},{"damage":10.0,"enemies":"Exordium Wildlife","floor":14.0,"turns":3.0},{"damage":53.0,"enemies":"Hexaghost","floor":16.0,"turns":9.0},{"damage":31.0,"enemies":"3 Byrds","floor":18.0,"turns":6.0},{"damage":32.0,"enemies":"2 Thieves","floor":21.0,"turns":4.0},{"damage":32.0,"enemies":"Book of Stabbing","floor":23.0,"turns":6.0},{"damage":21.0,"enemies":"Snecko","floor":25.0,"turns":5.0},{"damage":9,"enemies":"Centurion and Healer","floor":27,"turns":5},{"damage":13,"enemies":"Snake Plant","floor":28,"turns":4},{"damage":21,"enemies":"Sentry and Sphere","floor":31,"turns":6},{"damage":74,"enemies":"Champ","floor":33,"turns":11}],"seed_played":"7837930261559678209","potions_obtained":[{"floor":1.0,"key":"Dexterity Potion"},{"floor":6.0,"key":"EssenceOfSteel"},{"floor":18.0,"key":"Energy Potion"},{"floor":25.0,"key":"Swift Potion"},{"floor":29,"key":"BloodPotion"},{"floor":29,"key":"Poison Potion"},{"floor":29,"key":"Block Potion"}],"is_trial":false,"path_per_floor":["M","?","M","M","?","E","M","$","T","E","M","R","$","M","R","B",null,"M","?","?","M","$","E","R","M","T","M","M","?","R","M","R","B"],"character_chosen":"IRONCLAD","items_purchased":["Shockwave","Feel No Pain","Warcry","Second Wind","Sword Boomerang"],"campfire_rested":3,"item_purchase_floors":[8,13,13,22,22],"current_hp_per_floor":[90,71,65,69,69,35,38,38,38,35,30,61,61,59,59,14,106,81,81,59,35,35,11,44,31,31,30,25,25,58,72,72,0],"gold":103,"neow_bonus":"TWENTY_PERCENT_HP_BONUS","is_prod":false,"is_daily":false,"chose_seed":false,"campfire_upgraded":1,"win_rate":0,"timestamp":1568217267,"path_taken":["M","?","M","M","?","E","M","$","T","E","M","R","$","?","R","BOSS","M","?","?","M","$","E","R","M","T","?","M","?","R","M","R","BOSS"],"build_version":"2019-09-10","purchased_purges":1,"victory":false,"max_hp_per_floor":[96,96,96,96,96,96,96,96,96,106,106,106,106,106,106,106,106,106,106,111,111,111,111,111,111,111,111,111,111,111,111,111,111],"card_choices":[{"not_picked":["Searing Blow","Iron Wave"],"picked":"Warcry","floor":1.0},{"not_picked":["Perfected Strike","Dual Wield"],"picked":"Shrug It Off","floor":3.0},{"not_picked":["Body Slam","Perfected Strike"],"picked":"Hemokinesis","floor":4.0},{"not_picked":["Armaments","Clothesline"],"picked":"Spot Weakness","floor":6.0},{"not_picked":["True Grit","Warcry"],"picked":"Brutality","floor":7.0},{"not_picked":["Flex","Impervious"],"picked":"Offering","floor":10.0},{"not_picked":["Carnage","Disarm","Armaments"],"picked":"SKIP","floor":11.0},{"not_picked":["Anger","Clash"],"picked":"Battle Trance","floor":14.0},{"not_picked":["Berserk","Brutality"],"picked":"Impervious","floor":16.0},{"not_picked":["Thunderclap","Perfected Strike"],"picked":"Cleave","floor":18.0},{"not_picked":["Warcry","Iron Wave"],"picked":"Havoc","floor":21.0},{"not_picked":["Flame Barrier","True Grit"],"picked":"Seeing Red","floor":23.0},{"not_picked":["Sword Boomerang","Heavy Blade"],"picked":"Feel No Pain","floor":25.0},{"not_picked":["Warcry","Heavy Blade+1"],"picked":"Impervious","floor":27},{"not_picked":["Headbutt+1","Havoc+1","Sword Boomerang+1"],"picked":"SKIP","floor":28},{"not_picked":["Cleave","Pommel Strike","Twin Strike+1"],"picked":"SKIP","floor":31}],"player_experience":110500,"relics_obtained":[{"floor":6.0,"key":"Blood Vial"},{"floor":10.0,"key":"Pear"},{"floor":23.0,"key":"Nunchaku"},{"floor":26,"key":"Anchor"}],"event_choices":[{"damage_healed":0.0,"max_hp_gain":0.0,"max_hp_loss":0.0,"gold_gain":0.0,"event_name":"Shining Light","player_choice":"Entered Light","floor":2.0,"gold_loss":0.0,"damage_taken":19.0,"cards_upgraded":["Strike_R","Bash"]},{"damage_healed":0.0,"max_hp_gain":0.0,"max_hp_loss":0.0,"gold_gain":0.0,"event_name":"WeMeetAgain","player_choice":"Gave Potion","floor":5.0,"gold_loss":0.0,"damage_taken":0.0,"relics_obtained":["Ice Cream"]},{"damage_healed":0.0,"max_hp_gain":0.0,"max_hp_loss":0.0,"gold_gain":0.0,"event_name":"Drug Dealer","player_choice":"Inject Mutagens","floor":19.0,"gold_loss":0.0,"damage_taken":0.0,"relics_obtained":["MutagenicStrength"]},{"damage_healed":0.0,"max_hp_gain":5.0,"max_hp_loss":0.0,"gold_gain":0.0,"event_name":"Forgotten Altar","player_choice":"Shed Blood","floor":20.0,"gold_loss":0.0,"damage_taken":27.0},{"damage_healed":0,"gold_gain":0,"player_choice":"Bought 3 Potions","damage_taken":0,"max_hp_gain":0,"max_hp_loss":0,"event_name":"The Woman in Blue","floor":29,"gold_loss":0}],"is_beta":true,"boss_relics":[{"not_picked":["Runic Pyramid","Philosopher\u0027s Stone"],"picked":"Cursed Key"}],"items_purged_floors":[8],"is_endless":false,"potions_floor_spawned":[1,6,18,25],"killed_by":"Champ","ascension_level":2}