{"gold_per_floor":[109,109,124,147,147,147,187,187,187,222,42,58,58,81,81,81],"floor_reached":16,"playtime":939,"items_purged":["Injury"],"score":204,"play_id":"ba24b228-976f-424d-9a9d-1f5b36a88315","local_time":"20190312220303","is_ascension_mode":true,"campfire_choices":[{"data":"Clothesline","floor":6,"key":"SMITH"},{"floor":8,"key":"REST"},{"data":"Shrug It Off","floor":15,"key":"SMITH"}],"neow_cost":"NONE","seed_source_timestamp":240664203841807,"circlet_count":0,"master_deck":["AscendersBane","Strike_R","Strike_R","Strike_R","Strike_R","Strike_R","Defend_R","Defend_R","Defend_R","Defend_R","Bash+1","Clothesline+1","Thunderclap","Exhume","Battle Trance","Shrug It Off+1","True Grit","Seeing Red"],"relics":["Burning Blood","Bag of Marbles","Golden Idol","Darkstone Periapt","Meat on the Bone","Self Forming Clay","Mummified Hand"],"potions_floor_usage":[7,12,14,16],"damage_taken":[{"damage":7,"enemies":"2 Louse","floor":1,"turns":2},{"damage":9,"enemies":"Jaw Worm","floor":3,"turns":4},{"damage":1,"enemies":"Small Slimes","floor":4,"turns":3},{"damage":32,"enemies":"3 Sentries","floor":7,"turns":7},{"damage":35,"enemies":"Lagavulin","floor":10,"turns":6},{"damage":8,"enemies":"Blue Slaver","floor":12,"turns":4},{"damage":4,"enemies":"Exordium Thugs","floor":14,"turns":5},{"damage":50,"enemies":"Hexaghost","floor":16,"turns":11}],"seed_played":"1950707984140464633","potions_obtained":[{"floor":1,"key":"LiquidBronze"},{"floor":10,"key":"SpeedPotion"},{"floor":12,"key":"GamblersBrew"}],"is_trial":false,"path_per_floor":["M","?","M","M","?","R","E","R","T","E","$","M","T","M","R","B"],"character_chosen":"IRONCLAD","items_purchased":["Shrug It Off","PowerPotion"],"campfire_rested":1,"item_purchase_floors":[11,11],"current_hp_per_floor":[67,67,64,69,69,69,43,65,65,48,48,46,46,48,48,0],"gold":81,"neow_bonus":"RANDOM_COMMON_RELIC","is_prod":false,"is_daily":false,"chose_seed":false,"campfire_upgraded":2,"win_rate":0,"timestamp":1552424583,"path_taken":["M","?","M","M","?","R","E","R","T","E","$","M","?","?","R","BOSS"],"build_version":"2019-02-06","purchased_purges":1,"victory":false,"max_hp_per_floor":[75,75,75,75,75,75,75,75,75,75,75,75,75,75,75,75],"card_choices":[{"not_picked":["Burning Pact","Corruption","Heavy Blade"],"picked":"SKIP","floor":1},{"not_picked":["Body Slam","Headbutt"],"picked":"Clothesline","floor":3},{"not_picked":["Flex","Reckless Charge"],"picked":"Thunderclap","floor":4},{"not_picked":["True Grit","Whirlwind"],"picked":"Exhume","floor":7},{"not_picked":["Second Wind","Uppercut"],"picked":"Battle Trance","floor":10},{"not_picked":["Thunderclap","Sword Boomerang"],"picked":"True Grit","floor":12},{"not_picked":["Twin Strike","Cleave"],"picked":"Seeing Red","floor":14}],"player_experience":223119,"relics_obtained":[{"floor":7,"key":"Darkstone Periapt"},{"floor":9,"key":"Meat on the Bone"},{"floor":10,"key":"Self Forming Clay"},{"floor":13,"key":"Mummified Hand"}],"event_choices":[{"damage_healed":0,"gold_gain":0,"player_choice":"Take Wound","damage_taken":0,"relics_obtained":["Golden Idol"],"max_hp_gain":0,"max_hp_loss":0,"event_name":"Golden Idol","floor":2,"gold_loss":0,"cards_obtained":["Injury"]},{"damage_healed":0,"gold_gain":0,"player_choice":"Grow","damage_taken":0,"max_hp_gain":0,"max_hp_loss":0,"event_name":"Living Wall","floor":5,"gold_loss":0,"cards_upgraded":["Bash"]}],"is_beta":true,"boss_relics":[],"items_purged_floors":[11],"is_endless":false,"potions_floor_spawned":[1,10,12],"killed_by":"Hexaghost","ascension_level":17}