{"gold_per_floor":[118,129,52,52,73,73,106,122,122,122,122,122,47,91,91,180,180,180,180,180,12,12,12,12,12,12,12,12,12,12,12,12,12,12,12,12,12,0,0],"floor_reached":39,"playtime":2299,"items_purged":["Strike_G"],"score":712,"play_id":"cc1f9aa8-3aeb-492a-919b-02f8ccdaaeaa","local_time":"20181025233255","is_ascension_mode":true,"campfire_choices":[{"data":"Neutralize","floor":6.0,"key":"SMITH"},{"floor":10.0,"key":"REST"},{"data":"Glass Knife","floor":12.0,"key":"SMITH"},{"data":"A Thousand Cuts","floor":15.0,"key":"SMITH"},{"floor":23,"key":"REST"},{"floor":28,"key":"REST"},{"floor":32,"key":"REST"}],"neow_cost":"NONE","seed_source_timestamp":0,"circlet_count":0,"master_deck":["Defend_G","Defend_G","Defend_G","Defend_G","Defend_G","Survivor","Neutralize+1","AscendersBane","Slice","Well Laid Plans","Backstab","All Out Attack","Dagger Throw","Glass Knife+1","A Thousand Cuts+1","Adrenaline","Heel Hook","Cloak And Dagger","Footwork","Choke","Acrobatics","Dodge and Roll+1","Deflect","Storm of Steel","Flechettes+1","Grand Finale+1","Flechettes+1","Backflip","Escape Plan"],"special_seed":0,"relics":["Ring of the Snake","Boot","Golden Idol","Oddly Smooth Stone","Dream Catcher","Bottled Lightning","Ectoplasm","Happy Flower","Matryoshka","Lantern","Anchor","Astrolabe","Red Mask"],"potions_floor_usage":[20,33,33,35],"damage_taken":[{"damage":1.0,"enemies":"Small Slimes","floor":1.0,"turns":4.0},{"damage":4.0,"enemies":"Jaw Worm","floor":2.0,"turns":6.0},{"damage":2.0,"enemies":"2 Louse","floor":5.0,"turns":4.0},{"damage":26.0,"enemies":"Lagavulin","floor":7.0,"turns":8.0},{"damage":0.0,"enemies":"Exordium Wildlife","floor":8.0,"turns":2.0},{"damage":12.0,"enemies":"Gremlin Nob","floor":14.0,"turns":3.0},{"damage":18.0,"enemies":"Slime Boss","floor":16.0,"turns":8.0},{"damage":13.0,"enemies":"Shell Parasite","floor":18.0,"turns":5.0},{"damage":18.0,"enemies":"Spheric Guardian","floor":19.0,"turns":4.0},{"damage":11,"enemies":"Colosseum Slavers","floor":20,"turns":3},{"damage":9,"enemies":"Centurion and Healer","floor":27,"turns":6},{"damage":17,"enemies":"Snecko","floor":31,"turns":6},{"damage":42,"enemies":"Automaton","floor":33,"turns":14},{"damage":20,"enemies":"Orb Walker","floor":35,"turns":4},{"damage":0,"enemies":"3 Shapes","floor":37,"turns":5},{"damage":26,"enemies":"Maw","floor":39,"turns":7}],"seed_played":"951913507708606483","potions_obtained":[{"floor":1.0,"key":"EssenceOfSteel"},{"floor":8.0,"key":"PowerPotion"},{"floor":14.0,"key":"FearPotion"},{"floor":25,"key":"Dexterity Potion"},{"floor":33,"key":"AttackPotion"}],"is_trial":false,"path_per_floor":["M","M","$","?","M","R","E","M","T","R","?","R","$","E","R","B",null,"M","M","?","$","?","R","T","?","T","M","R","$","?","M","R","B",null,"M","?","M","?"],"character_chosen":"THE_SILENT","items_purchased":["Well Laid Plans","Happy Flower"],"campfire_rested":4,"item_purchase_floors":[3,21],"current_hp_per_floor":[58,54,54,54,52,52,26,26,26,44,44,44,44,32,32,14,49,36,18,7,7,7,25,25,25,25,16,34,34,46,29,47,5,46,26,26,26,26,0],"gold":0,"neow_bonus":"RANDOM_COMMON_RELIC","is_prod":false,"is_daily":false,"chose_seed":false,"campfire_upgraded":3,"win_rate":0,"timestamp":1540535575,"path_taken":["M","M","$","?","M","R","E","M","T","R","?","R","$","E","R","BOSS","M","M","?","$","?","R","?","?","T","?","R","$","?","M","R","BOSS","M","?","?","?","M"],"build_version":"2018-10-25v2","purchased_purges":1,"victory":false,"max_hp_per_floor":[66,66,66,60,60,60,60,60,60,60,60,60,60,60,60,60,60,60,60,60,60,60,60,60,60,60,60,60,60,60,60,60,60,60,60,60,60,60,60],"card_choices":[{"not_picked":["Caltrops","Accuracy"],"picked":"Flying Knee","floor":1.0},{"not_picked":["Backflip","Bane"],"picked":"Slice","floor":2.0},{"not_picked":["PiercingWail","Quick Slash"],"picked":"Backstab","floor":5.0},{"not_picked":["Caltrops","Concentrate"],"picked":"All Out Attack","floor":7.0},{"not_picked":["Deadly Poison","Flying Knee"],"picked":"Dagger Throw","floor":8.0},{"not_picked":["Finisher","Cloak And Dagger"],"picked":"Glass Knife","floor":10.0},{"not_picked":["Infinite Blades","Deadly Poison"],"picked":"A Thousand Cuts","floor":14.0},{"not_picked":["Night Terror","A Thousand Cuts"],"picked":"Adrenaline","floor":16.0},{"not_picked":["Finisher","Catalyst"],"picked":"Heel Hook","floor":18.0},{"not_picked":["Sucker Punch","Endless Agony"],"picked":"Cloak And Dagger","floor":19.0},{"not_picked":["Poisoned Stab","Dodge and Roll"],"picked":"Footwork","floor":23},{"not_picked":["Cloak And Dagger","Dagger Throw"],"picked":"Choke","floor":27},{"not_picked":["Poisoned Stab","Outmaneuver"],"picked":"Acrobatics","floor":28},{"not_picked":["Concentrate","Eviscerate"],"picked":"Dodge and Roll+1","floor":31},{"not_picked":["Bane","Blur"],"picked":"Deflect","floor":32},{"not_picked":["Venomology","Burst"],"picked":"Storm of Steel","floor":33},{"not_picked":["Outmaneuver","Calculated Gamble"],"picked":"Backflip","floor":35},{"not_picked":["Dash","Eviscerate+1"],"picked":"Escape Plan","floor":37}],"player_experience":1001481,"relics_obtained":[{"floor":7.0,"key":"Oddly Smooth Stone"},{"floor":9.0,"key":"Dream Catcher"},{"floor":14.0,"key":"Bottled Lightning"},{"floor":24,"key":"Matryoshka"},{"floor":26,"key":"Lantern"},{"floor":26,"key":"Anchor"}],"event_choices":[{"damage_healed":0.0,"max_hp_gain":0.0,"max_hp_loss":6.0,"gold_gain":0.0,"event_name":"Golden Idol","player_choice":"Lose Max HP","floor":4.0,"gold_loss":0.0,"damage_taken":0.0,"relics_obtained":["Golden Idol"]},{"cards_removed":["Strike_G"],"damage_healed":0.0,"max_hp_gain":0.0,"max_hp_loss":0.0,"gold_gain":0.0,"event_name":"Purifier","player_choice":"Purged","floor":11.0,"gold_loss":0.0,"damage_taken":0.0},{"damage_healed":0,"gold_gain":0,"player_choice":"Fight","damage_taken":0,"max_hp_gain":0,"max_hp_loss":0,"event_name":"Colosseum","floor":20,"gold_loss":0},{"damage_healed":0,"gold_gain":0,"player_choice":"Fled From Nobs","damage_taken":0,"max_hp_gain":0,"max_hp_loss":0,"event_name":"Colosseum","floor":20,"gold_loss":0},{"damage_healed":0,"gold_gain":0,"player_choice":"Ignored","damage_taken":0,"max_hp_gain":0,"max_hp_loss":0,"event_name":"Beggar","floor":22,"gold_loss":0},{"damage_healed":0,"gold_gain":0,"player_choice":"Got Potions","damage_taken":0,"max_hp_gain":0,"max_hp_loss":0,"event_name":"The Lab","floor":25,"gold_loss":0},{"damage_healed":12,"gold_gain":0,"player_choice":"Heal","damage_taken":0,"max_hp_gain":0,"max_hp_loss":0,"event_name":"The Library","floor":30,"gold_loss":0},{"cards_removed":["Flying Knee"],"damage_healed":0,"gold_gain":0,"player_choice":"Purged","damage_taken":0,"max_hp_gain":0,"max_hp_loss":0,"event_name":"Purifier","floor":36,"gold_loss":0},{"damage_healed":0,"gold_gain":0,"player_choice":"Paid","damage_taken":0,"relics_obtained":["Red Mask"],"max_hp_gain":0,"max_hp_loss":0,"event_name":"Tomb of Lord Red Mask","floor":38,"gold_loss":12}],"is_beta":true,"boss_relics":[{"not_picked":["Coffee Dripper","Empty Cage"],"picked":"Ectoplasm"},{"not_picked":["White Beast Statue","HoveringKite"],"picked":"Astrolabe"}],"items_purged_floors":[13],"is_endless":false,"potions_floor_spawned":[1,8,14,18,33],"killed_by":"Maw","ascension_level":17}