{"gold_per_floor":[112,126,141,152,117,142,142,171,195,207,217,292,292,11,11,85,85,97,111,111,160,180,180,207,207,207,44,61,61,5,40,40,40],"floor_reached":33,"playtime":1527,"items_purged":["Strike_R"],"score":615,"play_id":"9bebb2be-d261-41e1-9c72-e53c0a9029ff","local_time":"20181112225652","is_ascension_mode":true,"campfire_choices":[{"data":"Clothesline","floor":7.0,"key":"SMITH"},{"floor":15.0,"key":"REST"},{"floor":23.0,"key":"REST"},{"floor":29,"key":"REST"},{"floor":32,"key":"RECALL"}],"neow_cost":"NONE","seed_source_timestamp":0,"circlet_count":0,"master_deck":["AscendersBane","Strike_R","Strike_R","Strike_R","Strike_R","Defend_R","Defend_R","Defend_R","Defend_R","Bash+1","Wild Strike","Clothesline+1","Cleave","Feed","Shrug It Off","Spot Weakness","Demon Form","Disarm","Impervious","Sword Boomerang","Immolate"],"special_seed":0,"relics":["Burning Blood","Boot","Omamori","Art of War","Oddly Smooth Stone","Regal Pillow","Busted Crown","Necronomicon","Centennial Puzzle","Happy Flower","Bronze Scales","PreservedInsect"],"potions_floor_usage":[31],"damage_taken":[{"damage":7.0,"enemies":"Cultist","floor":1.0,"turns":4.0},{"damage":11.0,"enemies":"2 Louse","floor":2.0,"turns":3.0},{"damage":7.0,"enemies":"Small Slimes","floor":3.0,"turns":3.0},{"damage":7.0,"enemies":"Gremlin Gang","floor":4.0,"turns":5.0},{"damage":50.0,"enemies":"3 Sentries","floor":6.0,"turns":8.0},{"damage":24.0,"enemies":"Gremlin Nob","floor":8.0,"turns":4.0},{"damage":1.0,"enemies":"3 Louse","floor":10.0,"turns":4.0},{"damage":7.0,"enemies":"Exordium Wildlife","floor":11.0,"turns":5.0},{"damage":46.0,"enemies":"Slime Boss","floor":16.0,"turns":11.0},{"damage":17.0,"enemies":"Shell Parasite","floor":18.0,"turns":6.0},{"damage":31.0,"enemies":"Chosen","floor":19.0,"turns":6.0},{"damage":11.0,"enemies":"Centurion and Healer","floor":22.0,"turns":8.0},{"damage":35.0,"enemies":"Book of Stabbing","floor":24.0,"turns":6.0},{"damage":8,"enemies":"Colosseum Slavers","floor":25,"turns":4},{"damage":16,"enemies":"3 Cultists","floor":28,"turns":3},{"damage":13,"enemies":"Slavers","floor":31,"turns":2},{"damage":79,"enemies":"Collector","floor":33,"turns":8}],"seed_played":"8643622924597015561","potions_obtained":[{"floor":2.0,"key":"AttackPotion"},{"floor":3.0,"key":"FearPotion"},{"floor":6.0,"key":"Swift Potion"},{"floor":10.0,"key":"Strength Potion"},{"floor":18.0,"key":"Dexterity Potion"},{"floor":19.0,"key":"SpeedPotion"}],"is_trial":false,"path_per_floor":["M","M","M","M","?","E","R","E","T","M","M","?","?","$","R","B",null,"M","M","?","T","M","R","E","?","T","$","M","R","$","E","R","B"],"character_chosen":"IRONCLAD","items_purchased":["Regal Pillow","Disarm","Immolate","SkillPotion"],"campfire_rested":3,"item_purchase_floors":[14,14,27,30],"current_hp_per_floor":[67,62,61,60,75,31,31,16,16,24,26,15,15,15,55,18,70,62,37,16,16,14,56,30,31,31,31,24,69,69,62,62,0],"gold":40,"neow_bonus":"RANDOM_COMMON_RELIC","is_prod":false,"is_daily":false,"chose_seed":false,"campfire_upgraded":1,"win_rate":0,"timestamp":1542092212,"path_taken":["M","M","M","?","?","E","R","E","T","M","M","?","?","$","R","BOSS","M","?","?","?","M","R","E","?","T","$","M","R","$","E","R","BOSS"],"build_version":"2018-11-12","purchased_purges":1,"victory":false,"max_hp_per_floor":[75,75,75,75,75,75,75,78,78,81,84,84,84,84,84,87,87,90,90,90,90,93,93,96,99,99,99,102,102,102,102,102,102],"card_choices":[{"not_picked":["Cleave","Iron Wave"],"picked":"Wild Strike","floor":1.0},{"not_picked":["Burning Pact","Twin Strike"],"picked":"Clothesline","floor":2.0},{"not_picked":["Feel No Pain","Clash"],"picked":"Cleave","floor":3.0},{"not_picked":["Corruption","Perfected Strike","Clash"],"picked":"SKIP","floor":4.0},{"not_picked":["Clothesline","Twin Strike"],"picked":"Feed","floor":6.0},{"not_picked":["Reckless Charge","Sword Boomerang"],"picked":"Shrug It Off","floor":8.0},{"not_picked":["Warcry","Wild Strike"],"picked":"Spot Weakness","floor":10.0},{"not_picked":["Clothesline","Heavy Blade"],"picked":"Demon Form","floor":11.0},{"not_picked":["Feed","Exhume"],"picked":"Impervious","floor":16.0},{"not_picked":[],"picked":"Sword Boomerang","floor":18.0},{"not_picked":["Sword Boomerang"],"picked":"SKIP","floor":19.0},{"not_picked":["Anger"],"picked":"SKIP","floor":22.0},{"not_picked":["Feel No Pain"],"picked":"SKIP","floor":24.0},{"not_picked":["Body Slam"],"picked":"SKIP","floor":28},{"not_picked":["Wild Strike"],"picked":"SKIP","floor":31}],"player_experience":1075198,"relics_obtained":[{"floor":6.0,"key":"Omamori"},{"floor":8.0,"key":"Art of War"},{"floor":9.0,"key":"Oddly Smooth Stone"},{"floor":20.0,"key":"Necronomicon"},{"floor":21.0,"key":"Centennial Puzzle"},{"floor":24.0,"key":"Happy Flower"},{"floor":26,"key":"Bronze Scales"},{"floor":31,"key":"PreservedInsect"}],"event_choices":[{"damage_healed":18.0,"max_hp_gain":0.0,"max_hp_loss":0.0,"gold_gain":0.0,"event_name":"The Cleric","player_choice":"Healed","floor":5.0,"gold_loss":35.0,"damage_taken":0.0},{"damage_healed":0.0,"max_hp_gain":0.0,"max_hp_loss":0.0,"gold_gain":75.0,"event_name":"World of Goop","player_choice":"Gather Gold","floor":12.0,"gold_loss":0.0,"damage_taken":11.0},{"damage_healed":0.0,"max_hp_gain":0.0,"max_hp_loss":0.0,"gold_gain":0.0,"event_name":"Upgrade Shrine","player_choice":"Upgraded","floor":13.0,"gold_loss":0.0,"damage_taken":0.0,"cards_upgraded":["Bash"]},{"damage_healed":0.0,"max_hp_gain":0.0,"max_hp_loss":0.0,"gold_gain":0.0,"event_name":"Cursed Tome","player_choice":"Obtained Book","floor":20.0,"gold_loss":0.0,"damage_taken":21.0},{"damage_healed":0,"gold_gain":0,"player_choice":"Fight","damage_taken":0,"max_hp_gain":0,"max_hp_loss":0,"event_name":"Colosseum","floor":25,"gold_loss":0},{"damage_healed":0,"gold_gain":0,"player_choice":"Fled From Nobs","damage_taken":0,"max_hp_gain":0,"max_hp_loss":0,"event_name":"Colosseum","floor":25,"gold_loss":0}],"is_beta":true,"boss_relics":[{"not_picked":["Coffee Dripper","Empty Cage"],"picked":"Busted Crown"}],"items_purged_floors":[14],"is_endless":false,"potions_floor_spawned":[2,3,6,10,18,19],"killed_by":"Collector","ascension_level":20}