{"gold_per_floor":[112,112,6,6,6,47,47,60,132,167,190,190,230,230,230,358,358,383,383,192,192,212,256,355,355,355,355,380,404,404,404],"floor_reached":31,"playtime":1634,"items_purged":[],"score":323,"play_id":"8abf4294-e848-4d84-9add-f33ee002d788","local_time":"20190904190155","is_ascension_mode":true,"campfire_choices":[{"data":"Capacitor","floor":7,"key":"SMITH"},{"floor":12,"key":"REST"},{"data":"Storm","floor":15,"key":"SMITH"},{"floor":25,"key":"REST"},{"data":"Creative AI","floor":27,"key":"SMITH"}],"neow_cost":"NONE","seed_source_timestamp":852509233484000,"circlet_count":0,"master_deck":["Strike_B+1","Strike_B+1","Strike_B+1","Strike_B+1","Defend_B+1","Defend_B+1","Defend_B+1","Defend_B+1","Zap","Dualcast","Cold Snap+1","Capacitor+1","Cold Snap","Barrage","White Noise","Genetic Algorithm","Melter+1","Storm+1","Creative AI+1","Ball Lightning+1","Gash+1","Coolheaded","Conserve Battery","Fission"],"relics":["FrozenCore","NeowsBlessing","Golden Idol","War Paint","Molten Egg 2","Ancient Tea Set","Sundial","Matryoshka","Lee\u0027s Waffle","Smiling Mask","Omamori","Bronze Scales","Girya"],"potions_floor_usage":[13,13,23,31],"damage_taken":[{"damage":0,"enemies":"Jaw Worm","floor":1,"turns":1},{"damage":0,"enemies":"Gremlin Nob","floor":6,"turns":1},{"damage":0,"enemies":"2 Louse","floor":8,"turns":1},{"damage":22,"enemies":"Lagavulin","floor":10,"turns":10},{"damage":0,"enemies":"Cultist","floor":11,"turns":3},{"damage":12,"enemies":"Gremlin Nob","floor":13,"turns":3},{"damage":18,"enemies":"The Guardian","floor":16,"turns":10},{"damage":8,"enemies":"Shell Parasite","floor":18,"turns":5},{"damage":0,"enemies":"Chosen","floor":22,"turns":5},{"damage":51,"enemies":"Gremlin Leader","floor":23,"turns":10},{"damage":42,"enemies":"Shelled Parasite and Fungi","floor":28,"turns":6},{"damage":10,"enemies":"Snake Plant","floor":29,"turns":4},{"damage":9,"enemies":"Centurion and Healer","floor":31,"turns":1}],"seed_played":"4785879523575469455","potions_obtained":[{"floor":10,"key":"Energy Potion"},{"floor":11,"key":"GamblersBrew"},{"floor":16,"key":"Ancient Potion"},{"floor":22,"key":"EssenceOfSteel"},{"floor":23,"key":"Ancient Potion"},{"floor":29,"key":"Weak Potion"}],"is_trial":false,"path_per_floor":["M","?","$","?","$","E","R","M","T","E","M","R","E","?","R","B",null,"M","T","$","?","M","E","?","R","T","R","M","M","?","M"],"character_chosen":"DEFECT","items_purchased":["Capacitor","Cold Snap","Lee\u0027s Waffle"],"campfire_rested":2,"item_purchase_floors":[3,3,20],"current_hp_per_floor":[75,75,75,57,57,57,57,57,57,35,35,57,45,45,45,27,75,67,67,82,82,82,31,31,55,55,55,13,3,3,0],"gold":404,"neow_bonus":"THREE_ENEMY_KILL","is_prod":false,"is_daily":false,"chose_seed":false,"campfire_upgraded":3,"win_rate":0,"timestamp":1567612915,"path_taken":["M","?","$","?","$","E","R","M","T","E","M","R","E","?","R","BOSS","M","?","$","?","?","E","?","R","T","R","M","M","?","?"],"build_version":"2019-07-17","purchased_purges":0,"victory":false,"max_hp_per_floor":[75,75,75,75,75,75,75,75,75,75,75,75,75,75,75,75,75,75,75,82,82,82,82,82,82,82,82,82,82,82,82],"card_choices":[{"not_picked":["Conserve Battery","Auto Shields"],"picked":"Cold Snap","floor":1},{"not_picked":["Hello World","Go for the Eyes"],"picked":"Barrage","floor":6},{"not_picked":["Lockon","Stack"],"picked":"White Noise","floor":8},{"not_picked":["Rip and Tear+1","Force Field"],"picked":"Genetic Algorithm","floor":10},{"not_picked":["Streamline+1","Ball Lightning+1"],"picked":"Melter+1","floor":11},{"not_picked":["Doom and Gloom+1","Redo"],"picked":"Storm","floor":13},{"not_picked":["Machine Learning","Electrodynamics"],"picked":"Creative AI","floor":16},{"not_picked":["Sweeping Beam+1","Go for the Eyes+1"],"picked":"Ball Lightning+1","floor":18},{"not_picked":["Beam Cell+1","Stack"],"picked":"Gash+1","floor":22},{"not_picked":["Conserve Battery","Streamline+1"],"picked":"Coolheaded","floor":23},{"not_picked":["BootSequence+1","Chaos"],"picked":"Conserve Battery","floor":28},{"not_picked":["Hologram","Steam"],"picked":"Fission","floor":29}],"player_experience":97784,"relics_obtained":[{"floor":6,"key":"War Paint"},{"floor":9,"key":"Molten Egg 2"},{"floor":10,"key":"Ancient Tea Set"},{"floor":13,"key":"Sundial"},{"floor":19,"key":"Matryoshka"},{"floor":23,"key":"Smiling Mask"},{"floor":26,"key":"Omamori"},{"floor":26,"key":"Bronze Scales"}],"event_choices":[{"damage_healed":0,"gold_gain":0,"player_choice":"Grow","damage_taken":0,"max_hp_gain":0,"max_hp_loss":0,"event_name":"Living Wall","floor":2,"gold_loss":0,"cards_upgraded":["Cold Snap"]},{"damage_healed":0,"gold_gain":0,"player_choice":"Take Damage","damage_taken":18,"relics_obtained":["Golden Idol"],"max_hp_gain":0,"max_hp_loss":0,"event_name":"Golden Idol","floor":4,"gold_loss":0},{"damage_healed":0,"gold_gain":0,"player_choice":"Ignored","damage_taken":0,"max_hp_gain":0,"max_hp_loss":0,"event_name":"Purifier","floor":14,"gold_loss":0},{"damage_healed":0,"gold_gain":0,"player_choice":"Simplicity","damage_taken":0,"max_hp_gain":0,"max_hp_loss":0,"event_name":"Back to Basics","floor":21,"gold_loss":0,"cards_upgraded":["Strike_B","Strike_B","Strike_B","Strike_B","Defend_B","Defend_B"]},{"damage_healed":0,"gold_gain":99,"player_choice":"Stole From Cult","damage_taken":0,"max_hp_gain":0,"max_hp_loss":0,"event_name":"Nest","floor":24,"gold_loss":0},{"damage_healed":0,"gold_gain":0,"player_choice":"Gave Potion","damage_taken":0,"relics_obtained":["Girya"],"max_hp_gain":0,"max_hp_loss":0,"event_name":"WeMeetAgain","floor":30,"gold_loss":0}],"is_beta":false,"boss_relics":[{"not_picked":["Cursed Key","Inserter"],"picked":"FrozenCore"}],"items_purged_floors":[],"is_endless":false,"potions_floor_spawned":[10,11,16,22,23,29],"killed_by":"Centurion and Healer","ascension_level":2}