{"gold_per_floor":[113,113,113,163,163,163,197,197,278,428,455,474,487,11,11,90,90,50,50,50,50,50,50,50,50],"floor_reached":25,"playtime":888,"items_purged":["Doubt"],"score":554,"play_id":"021491fe-1a4d-4fb7-a8fc-ccb963df2b37","local_time":"20190612020643","is_ascension_mode":true,"campfire_choices":[{"data":"Bash","floor":6,"key":"SMITH"},{"data":"Iron Wave","floor":8,"key":"SMITH"},{"data":"Carnage","floor":15,"key":"SMITH"},{"data":"Juggernaut","floor":24,"key":"SMITH"}],"neow_cost":"NONE","seed_source_timestamp":4070865631548953,"circlet_count":0,"master_deck":["AscendersBane","Strike_R","Strike_R+1","Strike_R+1","Strike_R","Defend_R","Defend_R","Defend_R","Defend_R","Bash+1","Uppercut+1","Iron Wave+1","Battle Trance","Warcry","Twin Strike","Carnage+1","Juggernaut+1","Armaments","Metallicize","Decay","Intimidate","Double Tap","Combust"],"relics":["Burning Blood","NeowsBlessing","Bag of Marbles","Happy Flower","Letter Opener","Smiling Mask","Medical Kit","Blood Vial","Ectoplasm","Whetstone"],"potions_floor_usage":[16,23,23],"damage_taken":[{"damage":0,"enemies":"Jaw Worm","floor":1,"turns":1},{"damage":0,"enemies":"Gremlin Nob","floor":7,"turns":1},{"damage":0,"enemies":"Lagavulin","floor":11,"turns":1},{"damage":0,"enemies":"2 Louse","floor":12,"turns":2},{"damage":0,"enemies":"Small Slimes","floor":13,"turns":3},{"damage":59,"enemies":"Hexaghost","floor":16,"turns":11},{"damage":17,"enemies":"2 Thieves","floor":18,"turns":3},{"damage":15,"enemies":"Shell Parasite","floor":19,"turns":4},{"damage":8,"enemies":"Centurion and Healer","floor":21,"turns":5},{"damage":3,"enemies":"Gremlin Leader","floor":23,"turns":5},{"damage":52,"enemies":"Book of Stabbing","floor":25,"turns":5}],"seed_played":"-1199609178721095823","potions_obtained":[{"floor":12,"key":"Swift Potion"},{"floor":13,"key":"Explosive Potion"},{"floor":19,"key":"Swift Potion"}],"is_trial":false,"path_per_floor":["M","?","?","?","?","R","E","R","T","?","E","M","M","$","R","B",null,"M","M","?","M","?","E","R","E"],"character_chosen":"IRONCLAD","items_purchased":["Medical Kit","Carnage","Blood Vial"],"campfire_rested":0,"item_purchase_floors":[14,14,14],"current_hp_per_floor":[74,74,39,39,39,39,45,45,45,45,51,57,63,63,63,12,59,50,43,43,43,43,48,48,0],"gold":50,"neow_bonus":"THREE_ENEMY_KILL","is_prod":false,"is_daily":false,"chose_seed":false,"campfire_upgraded":4,"win_rate":0,"timestamp":1560330403,"path_taken":["M","?","?","?","?","R","E","R","T","?","E","M","M","$","R","BOSS","M","M","?","M","?","E","R","E"],"build_version":"2019-06-11","purchased_purges":1,"victory":false,"max_hp_per_floor":[75,75,75,75,75,75,75,75,75,75,75,75,75,75,75,75,75,75,75,75,75,75,75,75,75],"card_choices":[{"not_picked":["Clash","Perfected Strike"],"picked":"Uppercut","floor":1},{"not_picked":["Searing Blow","Body Slam"],"picked":"Iron Wave","floor":7},{"not_picked":["Feel No Pain","Headbutt"],"picked":"Battle Trance","floor":11},{"not_picked":["Hemokinesis","Berserk"],"picked":"Warcry","floor":12},{"not_picked":["Shrug It Off","Iron Wave"],"picked":"Twin Strike","floor":13},{"not_picked":["Offering","Fiend Fire"],"picked":"Juggernaut","floor":16},{"not_picked":["Carnage","Armaments","Cleave"],"picked":"SKIP","floor":18},{"not_picked":["Carnage","Cleave"],"picked":"Armaments","floor":18},{"not_picked":["Pommel Strike","Anger"],"picked":"Metallicize","floor":19},{"not_picked":["Anger","Body Slam"],"picked":"Intimidate","floor":21},{"not_picked":["Heavy Blade","Wild Strike"],"picked":"Combust","floor":23}],"player_experience":1350393,"relics_obtained":[{"floor":7,"key":"Happy Flower"},{"floor":9,"key":"Letter Opener"},{"floor":11,"key":"Smiling Mask"},{"floor":23,"key":"Whetstone"}],"event_choices":[{"damage_healed":0,"gold_gain":0,"player_choice":"Leave","damage_taken":0,"max_hp_gain":0,"max_hp_loss":0,"event_name":"The Cleric","floor":2,"gold_loss":0},{"damage_healed":0,"gold_gain":0,"player_choice":"Success","damage_taken":35,"relics_obtained":["Bag of Marbles"],"max_hp_gain":0,"max_hp_loss":0,"event_name":"Scrap Ooze","floor":3,"gold_loss":0},{"damage_healed":0,"gold_gain":50,"player_choice":"Gained Gold","damage_taken":0,"max_hp_gain":0,"max_hp_loss":0,"event_name":"Golden Wing","floor":4,"gold_loss":0},{"damage_healed":0,"gold_gain":0,"player_choice":"Grow","damage_taken":0,"max_hp_gain":0,"max_hp_loss":0,"event_name":"Living Wall","floor":5,"gold_loss":0,"cards_upgraded":["Uppercut"]},{"damage_healed":0,"gold_gain":150,"player_choice":"AGREE","damage_taken":0,"max_hp_gain":0,"max_hp_loss":0,"event_name":"Liars Game","floor":10,"gold_loss":0,"cards_obtained":["Doubt"]},{"damage_healed":0,"gold_gain":0,"player_choice":"Smashed Altar","damage_taken":0,"max_hp_gain":0,"max_hp_loss":0,"event_name":"Forgotten Altar","floor":20,"gold_loss":0,"cards_obtained":["Decay"]},{"damage_healed":0,"gold_gain":0,"cards_transformed":["Strike_R"],"player_choice":"Transformed","damage_taken":0,"max_hp_gain":0,"max_hp_loss":0,"event_name":"Transmorgrifier","floor":22,"gold_loss":0,"cards_obtained":["Double Tap"]}],"is_beta":true,"boss_relics":[{"not_picked":["Runic Pyramid","Coffee Dripper"],"picked":"Ectoplasm"}],"items_purged_floors":[14],"is_endless":false,"potions_floor_spawned":[12,13,19],"killed_by":"Book of Stabbing","ascension_level":20}