{"gold_per_floor":[114,126,22,42,42,75,88,104,104,104,138,138,148,167,167,269,269,285,285,298,315,315,342,342,360,360,390,390,404,421,18,18,117,117,135,135,35,53,72,72],"floor_reached":40,"playtime":3222,"items_purged":["Defend_B","Doubt"],"score":542,"play_id":"22b9b297-666c-461a-836f-d386e7fa8b1d","local_time":"20190909020636","is_ascension_mode":true,"campfire_choices":[{"floor":10,"key":"REST"},{"floor":12,"key":"REST"},{"floor":15,"key":"REST"},{"floor":24,"key":"REST"},{"floor":28,"key":"RECALL"},{"floor":32,"key":"REST"}],"neow_cost":"NONE","seed_source_timestamp":437252531992000,"circlet_count":0,"master_deck":["Strike_B","Strike_B","Strike_B","Strike_B","Defend_B","Defend_B","Defend_B","Zap","Dualcast","Impatience","Double Energy","Defragment","Storm","Sunder","Cold Snap","Coolheaded","Coolheaded","FTL","Chill","Machine Learning","Hello World","Necronomicurse","Defragment+1","Cold Snap","J.A.X.","Echo Form","Loop","Defragment+1","Creative AI+1","Parasite","Heatsinks+1","Capacitor+1","Reprogram+1"],"relics":["Cracked Core","Blood Vial","Mercury Hourglass","Gremlin Horn","Philosopher\u0027s Stone","Necronomicon","Darkstone Periapt","Meat on the Bone","Oddly Smooth Stone","Frozen Egg 2","Calling Bell","Omamori","Toxic Egg 2","Prayer Wheel"],"potions_floor_usage":[7,8,21,23,25,27,30,39,39,40],"damage_taken":[{"damage":5,"enemies":"2 Louse","floor":1,"turns":3},{"damage":1,"enemies":"Cultist","floor":2,"turns":3},{"damage":11,"enemies":"Jaw Worm","floor":4,"turns":2},{"damage":49,"enemies":"Lagavulin","floor":6,"turns":6},{"damage":10,"enemies":"Exordium Thugs","floor":7,"turns":3},{"damage":6,"enemies":"Gremlin Gang","floor":8,"turns":3},{"damage":3,"enemies":"3 Sentries","floor":11,"turns":5},{"damage":9,"enemies":"3 Louse","floor":13,"turns":3},{"damage":6,"enemies":"Blue Slaver","floor":14,"turns":4},{"damage":33,"enemies":"Hexaghost","floor":16,"turns":11},{"damage":7,"enemies":"Spheric Guardian","floor":18,"turns":4},{"damage":12,"enemies":"Chosen","floor":20,"turns":4},{"damage":0,"enemies":"Snecko","floor":21,"turns":3},{"damage":16,"enemies":"Gremlin Leader","floor":23,"turns":5},{"damage":3,"enemies":"3 Cultists","floor":25,"turns":4},{"damage":18,"enemies":"Slavers","floor":27,"turns":4},{"damage":27,"enemies":"Snake Plant","floor":29,"turns":3},{"damage":17,"enemies":"Sentry and Sphere","floor":30,"turns":4},{"damage":9,"enemies":"Automaton","floor":33,"turns":8},{"damage":27,"enemies":"Orb Walker","floor":35,"turns":4},{"damage":18,"enemies":"3 Shapes","floor":38,"turns":4},{"damage":14,"enemies":"Sphere and 2 Shapes","floor":39,"turns":4},{"damage":61,"enemies":"Nemesis","floor":40,"turns":2}],"seed_played":"-1138992753222391868","potions_obtained":[{"floor":4,"key":"Explosive Potion"},{"floor":6,"key":"Strength Potion"},{"floor":14,"key":"Fire Potion"},{"floor":20,"key":"FocusPotion"},{"floor":21,"key":"Swift Potion"},{"floor":23,"key":"AttackPotion"},{"floor":29,"key":"SteroidPotion"},{"floor":33,"key":"FocusPotion"},{"floor":38,"key":"Swift Potion"},{"floor":39,"key":"FearPotion"}],"is_trial":false,"path_per_floor":["M","M","?","M","$","E","M","M","T","R","E","R","M","M","R","B",null,"M","?","M","M","?","E","R","M","T","E","R","M","M","$","R","B",null,"M","?","$","M","M","E"],"character_chosen":"DEFECT","items_purchased":["Frozen Egg 2","Defragment+1"],"campfire_rested":5,"item_purchase_floors":[31,31],"current_hp_per_floor":[70,69,69,60,60,13,5,1,1,23,22,44,37,33,55,24,75,68,52,42,44,44,30,52,51,51,47,47,34,31,31,53,46,93,66,66,66,50,50,0],"gold":72,"neow_bonus":"RANDOM_COLORLESS","is_prod":false,"is_daily":false,"chose_seed":false,"campfire_upgraded":0,"win_rate":0,"timestamp":1567965996,"path_taken":["M","M","?","M","$","E","M","M","T","R","E","R","M","M","R","BOSS","M","?","M","M","?","E","R","M","T","E","R","M","M","$","R","BOSS","M","?","$","M","M","E"],"build_version":"2019-07-17","purchased_purges":2,"victory":false,"max_hp_per_floor":[75,75,75,75,75,75,75,75,75,75,75,75,75,75,75,75,75,75,75,75,75,75,75,75,75,75,75,75,75,75,75,75,75,93,93,93,93,93,93,93],"card_choices":[{"not_picked":["Turbo","Rip and Tear"],"picked":"Double Energy","floor":1},{"not_picked":["Rebound","Chill"],"picked":"Defragment","floor":2},{"not_picked":["Reprogram","Scrape"],"picked":"Storm","floor":4},{"not_picked":["Conserve Battery","Reinforced Body"],"picked":"Sunder","floor":6},{"not_picked":["Steam","Force Field"],"picked":"Cold Snap","floor":7},{"not_picked":["Compile Driver","Stack"],"picked":"Coolheaded","floor":8},{"not_picked":["Stack","Force Field"],"picked":"Coolheaded","floor":11},{"not_picked":["BootSequence","All For One"],"picked":"FTL","floor":13},{"not_picked":["Double Energy","Rip and Tear"],"picked":"Chill","floor":14},{"not_picked":["Amplify","Buffer"],"picked":"Machine Learning","floor":16},{"not_picked":["Conserve Battery","BootSequence+1"],"picked":"Hello World","floor":18},{"not_picked":["Heatsinks","Gash"],"picked":"Defragment+1","floor":20},{"not_picked":["Streamline","Fusion"],"picked":"Cold Snap","floor":21},{"not_picked":["Barrage+1","Ball Lightning"],"picked":"Echo Form","floor":23},{"not_picked":["Coolheaded","Leap","Ball Lightning"],"picked":"SKIP","floor":25},{"not_picked":["Stack","Compile Driver+1","Meteor Strike"],"picked":"SKIP","floor":27},{"not_picked":["Conserve Battery","Sunder"],"picked":"Loop","floor":29},{"not_picked":["Hello World+1","Aggregate","Barrage"],"picked":"SKIP","floor":30},{"not_picked":["Multi-Cast","Machine Learning+1"],"picked":"Creative AI+1","floor":33},{"not_picked":["Conserve Battery+1","Capacitor+1"],"picked":"Heatsinks+1","floor":35},{"not_picked":["Auto Shields+1","Coolheaded+1","Conserve Battery+1"],"picked":"SKIP","floor":35},{"not_picked":["Rebound+1","Compile Driver"],"picked":"Capacitor+1","floor":38},{"not_picked":["Cold Snap","Go for the Eyes","Leap+1"],"picked":"SKIP","floor":38},{"not_picked":["Go for the Eyes","Conserve Battery+1"],"picked":"Reprogram+1","floor":39},{"not_picked":["Hologram+1","Stack+1","Glacier+1"],"picked":"SKIP","floor":39}],"player_experience":82764,"relics_obtained":[{"floor":6,"key":"Mercury Hourglass"},{"floor":11,"key":"Gremlin Horn"},{"floor":19,"key":"Necronomicon"},{"floor":23,"key":"Darkstone Periapt"},{"floor":26,"key":"Meat on the Bone"},{"floor":27,"key":"Oddly Smooth Stone"},{"floor":34,"key":"Omamori"},{"floor":34,"key":"Toxic Egg 2"},{"floor":34,"key":"Prayer Wheel"}],"event_choices":[{"damage_healed":0,"gold_gain":0,"player_choice":"Paid Gold","damage_taken":0,"relics_obtained":["Blood Vial"],"max_hp_gain":0,"max_hp_loss":0,"event_name":"WeMeetAgain","floor":3,"gold_loss":104},{"damage_healed":0,"gold_gain":0,"player_choice":"Obtained Book","damage_taken":16,"max_hp_gain":0,"max_hp_loss":0,"event_name":"Cursed Tome","floor":19,"gold_loss":0},{"damage_healed":0,"gold_gain":0,"player_choice":"Obtain J.A.X.","damage_taken":0,"max_hp_gain":0,"max_hp_loss":0,"event_name":"Drug Dealer","floor":22,"gold_loss":0,"cards_obtained":["J.A.X."]},{"cards_removed":["Normality"],"damage_healed":0,"gold_gain":0,"player_choice":"Purged","damage_taken":0,"max_hp_gain":0,"max_hp_loss":0,"event_name":"Purifier","floor":36,"gold_loss":0}],"is_beta":false,"boss_relics":[{"not_picked":["Runic Pyramid","White Beast Statue"],"picked":"Philosopher\u0027s Stone"},{"not_picked":["FrozenCore","Snecko Eye"],"picked":"Calling Bell"}],"items_purged_floors":[31,37],"is_endless":false,"potions_floor_spawned":[4,6,14,20,21,23,29,33,38,39],"killed_by":"Nemesis","ascension_level":1}