{"gold_per_floor":[218,231,116,130,143,143,154,154,206,226,226,258,258,273,273,344,344,360,27,37,51,51,51,69,69,69,0,0,0,0,19,19,19],"floor_reached":33,"playtime":2292,"items_purged":["Strike_G","Strike_G"],"score":444,"play_id":"aa18db01-e3ca-40ec-bfc2-3c7fc125fa3a","local_time":"20180710201916","is_ascension_mode":true,"campfire_choices":[{"data":"Neutralize","floor":6,"key":"SMITH"},{"data":"Sucker Punch","floor":8,"key":"SMITH"},{"data":"Skewer","floor":11,"key":"SMITH"},{"floor":15,"key":"REST"},{"data":"Cloak And Dagger","floor":23,"key":"SMITH"},{"floor":29,"key":"REST"},{"floor":32,"key":"REST"}],"neow_cost":"NONE","seed_source_timestamp":167283273244460,"circlet_count":0,"master_deck":["Defend_G","Defend_G","Defend_G","Defend_G+1","Defend_G","Strike_G","Survivor","Neutralize+1","AscendersBane","Footwork","Terror+1","Footwork","Skewer+1","Sucker Punch+1","Dagger Throw","Malaise","Flying Knee","Storm of Steel","Infinite Blades","Dash","Cloak And Dagger+1","A Thousand Cuts+1","Injury"],"relics":["Ring of the Snake","War Paint","Dodecahedron","Philosopher\u0027s Stone","Vajra","Pantograph"],"potions_floor_usage":[7,24,25,33],"damage_taken":[{"damage":0,"enemies":"Small Slimes","floor":1,"turns":6},{"damage":3,"enemies":"Jaw Worm","floor":2,"turns":8},{"damage":0,"enemies":"2 Louse","floor":4,"turns":4},{"damage":0,"enemies":"2 Fungi Beasts","floor":5,"turns":4},{"damage":0,"enemies":"Lots of Slimes","floor":7,"turns":3},{"damage":9,"enemies":"Large Slime","floor":10,"turns":7},{"damage":6,"enemies":"Gremlin Nob","floor":12,"turns":3},{"damage":1,"enemies":"Looter","floor":14,"turns":4},{"damage":30,"enemies":"Slime Boss","floor":16,"turns":14},{"damage":3,"enemies":"Shell Parasite","floor":18,"turns":6},{"damage":14,"enemies":"Spheric Guardian","floor":20,"turns":4},{"damage":0,"enemies":"Centurion and Healer","floor":21,"turns":8},{"damage":14,"enemies":"3 Cultists","floor":24,"turns":6},{"damage":38,"enemies":"Slavers","floor":25,"turns":3},{"damage":18,"enemies":"Snake Plant","floor":31,"turns":4},{"damage":67,"enemies":"Champ","floor":33,"turns":13}],"seed_played":"-4459719633175219405","potions_obtained":[{"floor":1,"key":"Explosive Potion"},{"floor":10,"key":"Regen Potion"},{"floor":24,"key":"SmokeBomb"},{"floor":31,"key":"Swift Potion"}],"is_trial":false,"path_per_floor":["M","M","$","M","M","R","M","R","T","M","R","E","?","M","R","B",null,"M","$","M","M","?","R","M","E","T","?","?","R","?","M","R"],"character_chosen":"THE_SILENT","items_purchased":["Footwork","Vajra","Infinite Blades"],"campfire_rested":3,"item_purchase_floors":[3,19,19],"current_hp_per_floor":[63,60,60,60,60,60,60,60,60,51,51,45,38,37,58,28,60,57,57,43,43,43,43,43,5,5,5,5,26,26,8,29,0],"gold":19,"neow_bonus":"HUNDRED_GOLD","is_prod":false,"is_daily":false,"chose_seed":false,"campfire_upgraded":4,"win_rate":0,"timestamp":1531279156,"path_taken":["M","M","$","M","M","R","M","R","T","M","R","E","?","M","R","BOSS","M","$","M","M","?","R","M","E","T","?","?","R","?","M","R","BOSS"],"build_version":"2018-07-09","purchased_purges":2,"victory":false,"max_hp_per_floor":[70,70,70,70,70,70,70,70,70,70,70,70,70,70,70,70,70,70,70,70,70,70,70,70,70,70,70,70,70,70,70,70,70],"card_choices":[{"not_picked":["Riddle With Holes","PiercingWail"],"picked":"Footwork","floor":1},{"not_picked":["Calculated Gamble","Setup"],"picked":"Terror","floor":2},{"not_picked":["Prepared","Cloak And Dagger"],"picked":"Skewer","floor":4},{"not_picked":["Flying Knee","Prepared"],"picked":"Sucker Punch","floor":5},{"not_picked":["Finisher","Concentrate","Tactician"],"picked":"SKIP","floor":7},{"not_picked":["Prepared","Dodge and Roll"],"picked":"Dagger Throw","floor":10},{"not_picked":["Poisoned Stab","Flying Knee"],"picked":"Malaise","floor":12},{"not_picked":["Sucker Punch","Escape Plan"],"picked":"Flying Knee","floor":14},{"not_picked":["Tools of the Trade","Grand Finale"],"picked":"Storm of Steel","floor":16},{"not_picked":["Sucker Punch+1","Prepared","Underhanded Strike"],"picked":"SKIP","floor":18},{"not_picked":["Prepared","Dagger Spray"],"picked":"Dash","floor":20},{"not_picked":["Outmaneuver","Deflect"],"picked":"Cloak And Dagger","floor":21},{"not_picked":["Deadly Poison","Quick Slash"],"picked":"A Thousand Cuts","floor":24},{"not_picked":["Predator","PiercingWail","Masterful Stab"],"picked":"SKIP","floor":31}],"player_experience":776348,"relics_obtained":[{"floor":9,"key":"War Paint"},{"floor":12,"key":"Dodecahedron"},{"floor":26,"key":"Pantograph"}],"event_choices":[{"event_name":"Golden Wing","player_choice":"Card Removal","floor":13,"damage_taken":0},{"event_name":"Bonfire Elementals","player_choice":"BASIC","floor":22,"damage_taken":0},{"event_name":"Masked Bandits","player_choice":"Paid Bandits 69 gold","floor":27,"damage_taken":0},{"event_name":"Addict","player_choice":"Ignored","floor":28,"damage_taken":0},{"event_name":"Accursed Blacksmith","player_choice":"Forge","floor":30,"damage_taken":0}],"boss_relics":[{"not_picked":["Busted Crown","Eternal Feather"],"picked":"Philosopher\u0027s Stone"}],"items_purged_floors":[3,19],"is_endless":false,"potions_floor_spawned":[1,10,24,31],"killed_by":"Champ","ascension_level":13}