{"gold_per_floor":[111,70,87,48,48,76,90,90,90,103,103,137,156,167,167,246,246,266,20,20,39,39,39,54,86,110,110,125,158,158,178,178,255,255,265,135,152,166,179,213,213,213,265,300,320,320,337,352,352,352,352],"floor_reached":51,"playtime":4283,"items_purged":["Hemokinesis"],"score":1522,"play_id":"b7ab84e3-b887-48d1-9d02-022539acadb5","local_time":"20190525010847","is_ascension_mode":true,"campfire_choices":[{"data":"Bash","floor":8,"key":"SMITH"},{"data":"Rampage","floor":11,"key":"SMITH"},{"data":"Armaments","floor":15,"key":"SMITH"},{"floor":23,"key":"REST"},{"floor":27,"key":"REST"},{"floor":32,"key":"REST"},{"data":"Limit Break","floor":41,"key":"SMITH"},{"floor":46,"key":"RECALL"},{"data":"1","floor":49,"key":"LIFT"}],"neow_cost":"NONE","seed_source_timestamp":2508792551169579,"circlet_count":0,"master_deck":["AscendersBane","Bash+1","Battle Trance","Ghostly Armor","Rampage+1","Armaments+1","Inflame","Burning Pact","Double Tap","Feel No Pain","Uppercut","Sentinel","Corruption","Offering","Spot Weakness","Rage","Battle Trance","Intimidate+1","Ghostly Armor","Whirlwind","Fiend Fire","Shrug It Off","Sentinel","Heavy Blade","Limit Break+1","Reaper","Shrug It Off","Impervious","Regret","Disarm","Exhume"],"relics":["Burning Blood","NeowsBlessing","Pocketwatch","Bottled Lightning","Ginger","Pandora\u0027s Box","Dream Catcher","Girya","Gremlin Horn","Pen Nib","Darkstone Periapt","Cursed Key","Art of War","Ornamental Fan"],"potions_floor_usage":[29,33,44,45,50,51],"damage_taken":[{"damage":0,"enemies":"Small Slimes","floor":1,"turns":1},{"damage":0,"enemies":"Cultist","floor":3,"turns":1},{"damage":0,"enemies":"3 Sentries","floor":6,"turns":2},{"damage":2,"enemies":"Jaw Worm","floor":7,"turns":3},{"damage":4,"enemies":"Looter","floor":10,"turns":3},{"damage":18,"enemies":"Lagavulin","floor":12,"turns":5},{"damage":3,"enemies":"Exordium Thugs","floor":13,"turns":4},{"damage":18,"enemies":"Gremlin Gang","floor":14,"turns":4},{"damage":19,"enemies":"The Guardian","floor":16,"turns":10},{"damage":18,"enemies":"3 Byrds","floor":18,"turns":6},{"damage":26,"enemies":"Chosen","floor":21,"turns":5},{"damage":24,"enemies":"Snake Plant","floor":24,"turns":3},{"damage":20,"enemies":"Book of Stabbing","floor":25,"turns":4},{"damage":21,"enemies":"Shelled Parasite and Fungi","floor":28,"turns":4},{"damage":23,"enemies":"Gremlin Leader","floor":29,"turns":5},{"damage":9,"enemies":"Snecko","floor":31,"turns":3},{"damage":15,"enemies":"Collector","floor":33,"turns":7},{"damage":15,"enemies":"Orb Walker","floor":35,"turns":3},{"damage":3,"enemies":"3 Shapes","floor":37,"turns":10},{"damage":31,"enemies":"Sphere and 2 Shapes","floor":38,"turns":5},{"damage":46,"enemies":"Jaw Worm Horde","floor":39,"turns":4},{"damage":22,"enemies":"Giant Head","floor":40,"turns":6},{"damage":28,"enemies":"Reptomancer","floor":44,"turns":6},{"damage":20,"enemies":"Spire Growth","floor":45,"turns":5},{"damage":12,"enemies":"4 Shapes","floor":47,"turns":7},{"damage":25,"enemies":"Writhing Mass","floor":48,"turns":6},{"damage":50,"enemies":"Awakened One","floor":50,"turns":14},{"damage":70,"enemies":"Time Eater","floor":51,"turns":7}],"seed_played":"8308131889155237877","potions_obtained":[{"floor":3,"key":"SpeedPotion"},{"floor":6,"key":"Weak Potion"},{"floor":24,"key":"SkillPotion"},{"floor":31,"key":"Swift Potion"},{"floor":33,"key":"Fire Potion"},{"floor":44,"key":"Energy Potion"},{"floor":45,"key":"FairyPotion"},{"floor":47,"key":"GamblersBrew"}],"is_trial":false,"path_per_floor":["M","$","M","$","?","E","M","R","T","M","R","E","M","M","R","B",null,"M","$","?","M","?","R","M","E","T","R","M","E","$","M","R","B",null,"M","$","M","M","M","E","R","?","T","E","M","R","M","M","R","B","B"],"character_chosen":"IRONCLAD","items_purchased":["Battle Trance","Rampage","Dream Catcher","Battle Trance","Shrug It Off"],"campfire_rested":3,"item_purchase_floors":[2,4,19,19,36],"current_hp_per_floor":[74,74,75,75,75,75,75,75,75,75,75,63,66,54,54,41,67,55,55,55,35,35,57,39,25,25,47,32,15,15,12,34,25,63,63,63,75,75,62,46,46,46,52,64,72,72,81,81,81,68,0],"gold":352,"neow_bonus":"THREE_ENEMY_KILL","is_prod":false,"is_daily":false,"chose_seed":false,"campfire_upgraded":4,"win_rate":0,"timestamp":1558771727,"path_taken":["M","$","M","$","?","E","M","R","T","M","R","E","?","M","R","BOSS","M","$","?","M","?","R","?","E","T","R","M","E","$","M","R","BOSS","M","$","M","?","M","E","R","?","T","E","M","R","M","M","R","BOSS","BOSS"],"build_version":"2019-05-24v2","purchased_purges":1,"victory":false,"max_hp_per_floor":[75,75,75,75,75,75,75,75,75,75,75,75,75,75,75,75,75,75,75,75,75,75,75,75,75,75,75,75,75,75,75,75,75,75,75,75,75,75,75,75,75,75,81,81,81,81,81,81,81,81,81],"card_choices":[{"not_picked":["Flex","Ghostly Armor"],"picked":"Hemokinesis","floor":1},{"not_picked":["Havoc","Heavy Blade"],"picked":"Ghostly Armor","floor":3},{"not_picked":["Rage","Perfected Strike","Dropkick"],"picked":"SKIP","floor":6},{"not_picked":["Iron Wave","Wild Strike","Thunderclap"],"picked":"SKIP","floor":7},{"not_picked":["Entrench","Wild Strike","Berserk"],"picked":"SKIP","floor":10},{"not_picked":["Body Slam","Thunderclap"],"picked":"Armaments","floor":12},{"not_picked":["Twin Strike","Heavy Blade"],"picked":"Inflame","floor":13},{"not_picked":["True Grit","Corruption"],"picked":"Burning Pact","floor":14},{"not_picked":["Berserk","Juggernaut"],"picked":"Double Tap","floor":16},{"not_picked":["Body Slam","Pommel Strike+1","Fire Breathing"],"picked":"SKIP","floor":18},{"not_picked":["Carnage","Flex+1"],"picked":"Intimidate+1","floor":21},{"not_picked":["Evolve+1","Sword Boomerang+1"],"picked":"Ghostly Armor","floor":24},{"not_picked":["Heavy Blade","Intimidate"],"picked":"Whirlwind","floor":25},{"not_picked":["Uppercut","Anger"],"picked":"Fiend Fire","floor":27},{"not_picked":["Bloodletting","Wild Strike"],"picked":"Shrug It Off","floor":28},{"not_picked":["Thunderclap","Intimidate"],"picked":"Sentinel","floor":29},{"not_picked":["Evolve","Flex"],"picked":"Heavy Blade","floor":31},{"not_picked":["Burning Pact+1","Headbutt"],"picked":"Limit Break","floor":32},{"not_picked":["Exhume","Bludgeon"],"picked":"Reaper","floor":33},{"not_picked":["Rupture","Warcry","Pommel Strike"],"picked":"SKIP","floor":35},{"not_picked":["Bloodletting","Sentinel","Shockwave+1"],"picked":"SKIP","floor":37},{"not_picked":["Twin Strike","Iron Wave","Fire Breathing+1"],"picked":"SKIP","floor":38},{"not_picked":["Whirlwind+1","Wild Strike","Inflame"],"picked":"SKIP","floor":39},{"not_picked":["Second Wind","Whirlwind","Thunderclap"],"picked":"SKIP","floor":40},{"not_picked":["Heavy Blade","Dual Wield+1"],"picked":"Disarm","floor":44},{"not_picked":["Warcry","Shrug It Off","Blood for Blood"],"picked":"SKIP","floor":45},{"not_picked":["Entrench","Sentinel"],"picked":"Exhume","floor":47},{"not_picked":["Ghostly Armor","True Grit","Wild Strike"],"picked":"SKIP","floor":48}],"player_experience":1269606,"relics_obtained":[{"floor":6,"key":"Pocketwatch"},{"floor":9,"key":"Bottled Lightning"},{"floor":12,"key":"Ginger"},{"floor":25,"key":"Gremlin Horn"},{"floor":26,"key":"Pen Nib"},{"floor":29,"key":"Darkstone Periapt"},{"floor":40,"key":"Art of War"},{"floor":44,"key":"Ornamental Fan"}],"event_choices":[{"cards_removed":["Strike_R"],"damage_healed":0,"gold_gain":0,"player_choice":"Purged","damage_taken":0,"max_hp_gain":0,"max_hp_loss":0,"event_name":"Purifier","floor":5,"gold_loss":0},{"cards_removed":["Berserk"],"damage_healed":0,"gold_gain":0,"player_choice":"Elegance","damage_taken":0,"max_hp_gain":0,"max_hp_loss":0,"event_name":"Back to Basics","floor":20,"gold_loss":0},{"damage_healed":0,"gold_gain":0,"player_choice":"Gave Potion","damage_taken":0,"relics_obtained":["Girya"],"max_hp_gain":0,"max_hp_loss":0,"event_name":"WeMeetAgain","floor":22,"gold_loss":0},{"damage_healed":0,"gold_gain":0,"player_choice":"1 cards matched","damage_taken":0,"max_hp_gain":0,"max_hp_loss":0,"event_name":"Match and Keep!","floor":42,"gold_loss":0,"cards_obtained":["Impervious"]}],"is_beta":true,"boss_relics":[{"not_picked":["Black Blood","White Beast Statue"],"picked":"Pandora\u0027s Box"},{"not_picked":["Orrery","Empty Cage"],"picked":"Cursed Key"}],"items_purged_floors":[36],"is_endless":false,"potions_floor_spawned":[3,6,13,14,24,31,33,40,44,45,47],"killed_by":"Time Eater","ascension_level":20}