{"gold_per_floor":[219,238,77,88,5,5,32,32,57,86,97,20,46,63,63,138,138,154,79,90,48,48,48],"floor_reached":23,"playtime":1002,"items_purged":[],"score":418,"play_id":"ce2cb184-c7d7-4559-a50b-cac6be7b3036","local_time":"20190114022125","is_ascension_mode":true,"campfire_choices":[{"data":"Perfected Strike","floor":6,"key":"SMITH"},{"data":"Bash","floor":8,"key":"SMITH"},{"data":"Armaments","floor":15,"key":"SMITH"}],"neow_cost":"NONE","seed_source_timestamp":618978845649050,"circlet_count":0,"master_deck":["AscendersBane","Strike_R","Strike_R","Strike_R","Strike_R","Defend_R","Defend_R","Defend_R","Defend_R","Bash+1","Iron Wave","Perfected Strike+1","Pommel Strike","Inflame","Feel No Pain","Armaments+1","Headbutt","Disarm","True Grit","Immolate","Juggernaut","Body Slam","Metallicize"],"relics":["Burning Blood","Orichalcum","PreservedInsect","Omamori","Self Forming Clay","Juzu Bracelet","Velvet Choker"],"potions_floor_usage":[7,16,16,16,16,22,23],"damage_taken":[{"damage":1,"enemies":"Cultist","floor":1,"turns":3},{"damage":10,"enemies":"Small Slimes","floor":2,"turns":4},{"damage":6,"enemies":"2 Louse","floor":4,"turns":3},{"damage":3,"enemies":"Gremlin Nob","floor":7,"turns":3},{"damage":7,"enemies":"3 Sentries","floor":10,"turns":5},{"damage":4,"enemies":"Large Slime","floor":11,"turns":5},{"damage":14,"enemies":"Lagavulin","floor":13,"turns":5},{"damage":3,"enemies":"Looter","floor":14,"turns":4},{"damage":66,"enemies":"Slime Boss","floor":16,"turns":11},{"damage":15,"enemies":"Spheric Guardian","floor":18,"turns":4},{"damage":17,"enemies":"Shell Parasite","floor":20,"turns":6},{"damage":7,"enemies":"Colosseum Slavers","floor":22,"turns":2},{"damage":39,"enemies":"Book of Stabbing","floor":23,"turns":4}],"seed_played":"7491193294753970552","potions_obtained":[{"floor":4,"key":"FearPotion"},{"floor":7,"key":"Strength Potion"},{"floor":10,"key":"FairyPotion"},{"floor":11,"key":"EntropicBrew"},{"floor":16,"key":"PowerPotion"},{"floor":18,"key":"Strength Potion"},{"floor":20,"key":"AttackPotion"}],"is_trial":false,"path_per_floor":["M","M","$","M","$","R","E","R","T","E","M","$","E","M","R","B",null,"M","?","M","$","?","E"],"character_chosen":"IRONCLAD","items_purchased":["Orichalcum","Inflame","Disarm","Metallicize"],"campfire_rested":0,"item_purchase_floors":[3,5,12,21],"current_hp_per_floor":[73,69,69,69,69,69,72,72,72,71,73,73,65,68,68,8,58,49,49,38,38,37,0],"gold":48,"neow_bonus":"HUNDRED_GOLD","is_prod":false,"is_daily":false,"chose_seed":false,"campfire_upgraded":3,"win_rate":0,"timestamp":1547461285,"path_taken":["M","M","?","M","$","R","E","R","T","E","M","$","E","M","R","BOSS","M","?","M","$","?","E"],"build_version":"2019-01-10","purchased_purges":0,"victory":false,"max_hp_per_floor":[75,75,75,75,75,75,75,75,75,75,75,75,75,75,75,75,75,75,75,75,75,75,75],"card_choices":[{"not_picked":["Body Slam","Headbutt"],"picked":"Iron Wave","floor":1},{"not_picked":["Sentinel","Offering"],"picked":"Perfected Strike","floor":2},{"not_picked":["Warcry","Thunderclap"],"picked":"Pommel Strike","floor":4},{"not_picked":["Heavy Blade","Armaments"],"picked":"Feel No Pain","floor":7},{"not_picked":["Iron Wave","True Grit"],"picked":"Armaments","floor":10},{"not_picked":["Body Slam","Warcry"],"picked":"Headbutt","floor":11},{"not_picked":["Wild Strike","Infernal Blade"],"picked":"True Grit","floor":13},{"not_picked":["Carnage","Thunderclap"],"picked":"Immolate","floor":14},{"not_picked":["Berserk","Exhume"],"picked":"Juggernaut","floor":16},{"not_picked":["Bloodletting","Twin Strike","Flex"],"picked":"SKIP","floor":18},{"not_picked":["Havoc","Clash+1"],"picked":"Body Slam","floor":20}],"player_experience":1182444,"relics_obtained":[{"floor":7,"key":"PreservedInsect"},{"floor":9,"key":"Omamori"},{"floor":10,"key":"Self Forming Clay"},{"floor":13,"key":"Juzu Bracelet"}],"event_choices":[{"cards_removed":["Strike_R"],"damage_healed":0,"gold_gain":0,"player_choice":"Gave Gold","damage_taken":0,"max_hp_gain":0,"max_hp_loss":0,"event_name":"Beggar","floor":19,"gold_loss":75},{"damage_healed":0,"gold_gain":0,"player_choice":"Fight","damage_taken":0,"max_hp_gain":0,"max_hp_loss":0,"event_name":"Colosseum","floor":22,"gold_loss":0},{"damage_healed":0,"gold_gain":0,"player_choice":"Fled From Nobs","damage_taken":0,"max_hp_gain":0,"max_hp_loss":0,"event_name":"Colosseum","floor":22,"gold_loss":0}],"is_beta":true,"boss_relics":[{"not_picked":["Astrolabe","Runic Dome"],"picked":"Velvet Choker"}],"items_purged_floors":[],"is_endless":false,"potions_floor_spawned":[4,7,10,11,14,16,18,20],"killed_by":"Book of Stabbing","ascension_level":20}