{"gold_per_floor":[118,132,12,22,22,22,22,22,22,33,65,65,83,8,8,107,107,132,132,132,82,100,100,115,115,115,128,128,53,53,69,69,160,160,183,183,203,15,36,36,36],"floor_reached":41,"playtime":2324,"items_purged":["Strike_R","Strike_R"],"score":762,"play_id":"aa08a6d7-1f16-4b11-a3a6-ae64e14f1556","local_time":"20190319191720","is_ascension_mode":true,"campfire_choices":[{"data":"Rampage","floor":6,"key":"SMITH"},{"floor":8,"key":"REST"},{"floor":15,"key":"REST"},{"floor":23,"key":"REST"},{"floor":25,"key":"REST"},{"data":"Disarm","floor":32,"key":"SMITH"},{"floor":40,"key":"REST"}],"neow_cost":"NONE","seed_source_timestamp":193947636149054,"circlet_count":0,"master_deck":["AscendersBane","Strike_R","Strike_R","Strike_R+1","Defend_R","Defend_R","Defend_R","Defend_R","Bash+1","Rampage+1","Headbutt","Battle Trance+1","Spot Weakness","Shrug It Off","Reaper","Headbutt","Shockwave","Limit Break","Metallicize+1","Shockwave","Sword Boomerang","Armaments","Disarm+1","Disarm","Juggernaut+1","Flame Barrier","Demon Form+1","Whirlwind"],"relics":["Burning Blood","Frozen Egg 2","Dodecahedron","Dream Catcher","Golden Idol","Sozu","Singing Bowl","Cursed Key"],"potions_floor_usage":[11,16],"damage_taken":[{"damage":1,"enemies":"Cultist","floor":1,"turns":3},{"damage":7,"enemies":"Jaw Worm","floor":2,"turns":4},{"damage":7,"enemies":"2 Louse","floor":4,"turns":3},{"damage":18,"enemies":"Exordium Thugs","floor":10,"turns":5},{"damage":32,"enemies":"Lagavulin","floor":11,"turns":6},{"damage":15,"enemies":"2 Fungi Beasts","floor":13,"turns":4},{"damage":28,"enemies":"Slime Boss","floor":16,"turns":10},{"damage":56,"enemies":"3 Byrds","floor":18,"turns":7},{"damage":25,"enemies":"Spheric Guardian","floor":22,"turns":5},{"damage":16,"enemies":"3 Cultists","floor":24,"turns":5},{"damage":16,"enemies":"Snake Plant","floor":27,"turns":5},{"damage":15,"enemies":"Centurion and Healer","floor":31,"turns":7},{"damage":68,"enemies":"Champ","floor":33,"turns":11},{"damage":52,"enemies":"3 Darklings","floor":35,"turns":7},{"damage":2,"enemies":"3 Shapes","floor":37,"turns":8},{"damage":27,"enemies":"Maw","floor":39,"turns":8},{"damage":84,"enemies":"Reptomancer","floor":41,"turns":3}],"seed_played":"-8122119634334750594","potions_obtained":[{"floor":1,"key":"Regen Potion"},{"floor":10,"key":"SpeedPotion"},{"floor":13,"key":"Energy Potion"}],"is_trial":false,"path_per_floor":["M","M","$","M","?","R","?","R","T","M","E","?","M","$","R","B",null,"M","?","?","?","M","R","M","R","T","M","$","$","?","M","R","B",null,"M","?","M","$","M","R","E"],"character_chosen":"IRONCLAD","items_purchased":["Battle Trance","Spot Weakness","Disarm","Whirlwind"],"campfire_rested":5,"item_purchase_floors":[3,3,29,38],"current_hp_per_floor":[73,72,72,71,48,48,48,70,70,58,32,32,29,29,49,32,59,15,29,29,29,10,30,35,55,55,47,47,47,47,60,60,27,59,39,39,45,45,45,69,0],"gold":36,"neow_bonus":"UPGRADE_CARD","is_prod":false,"is_daily":false,"chose_seed":false,"campfire_upgraded":2,"win_rate":0,"timestamp":1553019440,"path_taken":["M","M","$","?","?","R","?","R","T","?","E","?","M","?","R","BOSS","M","?","?","?","M","R","M","R","T","?","?","$","?","M","R","BOSS","M","?","M","?","M","R","E"],"build_version":"2019-03-15","purchased_purges":2,"victory":false,"max_hp_per_floor":[75,75,75,75,75,75,75,75,75,75,75,68,68,68,68,68,68,68,68,68,68,68,68,68,68,68,70,70,70,70,70,70,70,70,72,72,74,74,76,78,78],"card_choices":[{"not_picked":["Warcry","Wild Strike"],"picked":"Rampage","floor":1},{"not_picked":["Intimidate","Heavy Blade"],"picked":"Headbutt","floor":2},{"not_picked":["Havoc","Body Slam","Intimidate"],"picked":"SKIP","floor":4},{"not_picked":["Warcry","Carnage"],"picked":"Shrug It Off","floor":10},{"not_picked":["Wild Strike","Clash"],"picked":"Reaper","floor":11},{"not_picked":["Body Slam","Infernal Blade"],"picked":"Headbutt","floor":13},{"not_picked":["Havoc","Wild Strike"],"picked":"Shockwave","floor":15},{"not_picked":["Reaper","Barricade+1"],"picked":"Limit Break","floor":16},{"not_picked":["Sword Boomerang","Rupture+1"],"picked":"Metallicize+1","floor":18},{"not_picked":["Sever Soul","Wild Strike"],"picked":"Shockwave","floor":22},{"not_picked":["True Grit","Clash"],"picked":"Sword Boomerang","floor":23},{"not_picked":["Headbutt","Pommel Strike"],"picked":"Armaments","floor":24},{"not_picked":["Clash","Headbutt"],"picked":"Disarm","floor":25},{"not_picked":["Armaments","Feed","Clash"],"picked":"Singing Bowl","floor":27},{"not_picked":["Anger","Burning Pact"],"picked":"Flame Barrier","floor":31},{"not_picked":["Double Tap","Barricade+1"],"picked":"Demon Form+1","floor":33},{"not_picked":["Shockwave+1","Dropkick+1","Pommel Strike"],"picked":"Singing Bowl","floor":35},{"not_picked":["Iron Wave","Flex+1","Clash"],"picked":"Singing Bowl","floor":37},{"not_picked":["Pummel+1","Twin Strike+1","Sever Soul"],"picked":"Singing Bowl","floor":39},{"not_picked":["Anger","Brutality+1","Clash+1"],"picked":"Singing Bowl","floor":40}],"player_experience":328493,"relics_obtained":[{"floor":9,"key":"Dodecahedron"},{"floor":11,"key":"Dream Catcher"},{"floor":26,"key":"Singing Bowl"}],"event_choices":[{"damage_healed":0,"gold_gain":0,"player_choice":"Entered Light","damage_taken":23,"max_hp_gain":0,"max_hp_loss":0,"event_name":"Shining Light","floor":5,"gold_loss":0,"cards_upgraded":["Battle Trance","Strike_R"]},{"damage_healed":0,"gold_gain":0,"player_choice":"Gave Potion","damage_taken":0,"relics_obtained":["Frozen Egg 2"],"max_hp_gain":0,"max_hp_loss":0,"event_name":"WeMeetAgain","floor":7,"gold_loss":0},{"damage_healed":0,"gold_gain":0,"player_choice":"Lose Max HP","damage_taken":0,"relics_obtained":["Golden Idol"],"max_hp_gain":0,"max_hp_loss":7,"event_name":"Golden Idol","floor":12,"gold_loss":0},{"damage_healed":14,"gold_gain":0,"player_choice":"Heal","damage_taken":0,"max_hp_gain":0,"max_hp_loss":0,"event_name":"The Library","floor":19,"gold_loss":0},{"damage_healed":0,"gold_gain":0,"player_choice":"Ignored","damage_taken":0,"max_hp_gain":0,"max_hp_loss":0,"event_name":"Ghosts","floor":20,"gold_loss":0},{"damage_healed":0,"gold_gain":0,"player_choice":"Bet on Murderer","damage_taken":0,"max_hp_gain":0,"max_hp_loss":0,"event_name":"The Joust","floor":21,"gold_loss":50},{"damage_healed":0,"gold_gain":0,"player_choice":"1 cards matched","damage_taken":0,"max_hp_gain":0,"max_hp_loss":0,"event_name":"Match and Keep!","floor":30,"gold_loss":0,"cards_obtained":["Juggernaut"]},{"damage_healed":0,"gold_gain":0,"player_choice":"Got Potions","damage_taken":0,"max_hp_gain":0,"max_hp_loss":0,"event_name":"Lab","floor":36,"gold_loss":0}],"is_beta":true,"boss_relics":[{"not_picked":["Philosopher\u0027s Stone","Black Star"],"picked":"Sozu"},{"not_picked":["Lizard Tail","Runic Pyramid"],"picked":"Cursed Key"}],"items_purged_floors":[14,38],"is_endless":false,"potions_floor_spawned":[1,10,13,31,33,35],"killed_by":"Reptomancer","ascension_level":19}