{"gold_per_floor":[114,126,48,48,11,45,96,96,144,144,144,175,189,209,209,283,283,298,308,308,64,83,83,115,134,134,55,70,70,70,70,70,70],"floor_reached":33,"playtime":1356,"items_purged":[],"score":596,"play_id":"c39f2aba-eb1f-4432-9184-8d181118b664","local_time":"20190329105217","is_ascension_mode":true,"campfire_choices":[{"data":"Dualcast","floor":8.0,"key":"SMITH"},{"data":"Zap","floor":11.0,"key":"SMITH"},{"data":"Static Discharge","floor":15.0,"key":"SMITH"},{"floor":23.0,"key":"REST"},{"floor":29.0,"key":"REST"},{"floor":32.0,"key":"REST"}],"neow_cost":"NONE","seed_source_timestamp":1752601361912200,"circlet_count":0,"master_deck":["AscendersBane","Strike_B","Strike_B","Strike_B","Defend_B","Defend_B","Defend_B","Defend_B","Zap+1","Dualcast+1","Consume","Coolheaded","Doom and Gloom","Lockon","Electrodynamics","Loop","Reinforced Body","Static Discharge+1","Buffer","Defragment","Tempest+1","Glacier","Echo Form","Cold Snap+1","Redo+1","Double Energy","Conserve Battery","Steam","Glacier","Shame"],"special_seed":0,"relics":["Cracked Core","NeowsBlessing","Lantern","Mercury Hourglass","Orichalcum","Anchor","Happy Flower","Sozu","Vajra","Shuriken","Kunai"],"potions_floor_usage":[],"damage_taken":[{"damage":0.0,"enemies":"2 Louse","floor":1.0,"turns":1.0},{"damage":0.0,"enemies":"Jaw Worm","floor":2.0,"turns":1.0},{"damage":0.0,"enemies":"3 Sentries","floor":6.0,"turns":1.0},{"damage":15.0,"enemies":"Lagavulin","floor":12.0,"turns":4.0},{"damage":0.0,"enemies":"Small Slimes","floor":13.0,"turns":2.0},{"damage":0.0,"enemies":"Looter","floor":14.0,"turns":2.0},{"damage":4.0,"enemies":"Hexaghost","floor":16.0,"turns":6.0},{"damage":17.0,"enemies":"Spheric Guardian","floor":18.0,"turns":3.0},{"damage":36.0,"enemies":"Chosen","floor":19.0,"turns":4.0},{"damage":6.0,"enemies":"Snake Plant","floor":22.0,"turns":5.0},{"damage":19.0,"enemies":"Slavers","floor":24.0,"turns":2.0},{"damage":2.0,"enemies":"Shelled Parasite and Fungi","floor":25.0,"turns":7.0},{"damage":0.0,"enemies":"Cultist and Chosen","floor":28.0,"turns":4.0},{"damage":55,"enemies":"Automaton","floor":33,"turns":8}],"seed_played":"-2932413644279895134","potions_obtained":[{"floor":2.0,"key":"FocusPotion"},{"floor":13.0,"key":"SpeedPotion"}],"is_trial":false,"path_per_floor":["M","M","$","?","$","E","T","R","T","?","R","E","M","M","R","B",null,"M","M","?","$","M","R","E","M","T","$","M","R","?","?","R","B"],"character_chosen":"DEFECT","items_purchased":["Doom and Gloom","Lockon","Glacier","Echo Form","Conserve Battery","Steam"],"campfire_rested":3,"item_purchase_floors":[3,5,21,21,27,27],"current_hp_per_floor":[64,64,64,59,59,59,59,59,59,52,52,37,37,37,37,33,62,45,9,9,9,3,24,5,3,3,3,3,24,24,24,45,0],"gold":70,"neow_bonus":"THREE_ENEMY_KILL","is_prod":false,"is_daily":false,"chose_seed":false,"campfire_upgraded":3,"win_rate":0,"timestamp":1553881937,"path_taken":["M","M","$","?","$","E","?","R","T","?","R","E","M","M","R","BOSS","M","M","?","$","M","R","E","M","T","$","M","R","?","?","R","BOSS"],"build_version":"2019-03-15","purchased_purges":0,"victory":false,"max_hp_per_floor":[71,71,71,71,71,71,71,71,71,71,71,71,71,71,71,71,71,71,71,71,71,71,71,71,71,71,71,71,71,71,71,71,71],"card_choices":[{"not_picked":["Beam Cell","Barrage"],"picked":"Consume","floor":1.0},{"not_picked":["Sweeping Beam","Turbo"],"picked":"Coolheaded","floor":2.0},{"not_picked":["Rebound","Storm"],"picked":"Electrodynamics","floor":6.0},{"not_picked":["Redo","Beam Cell"],"picked":"Loop","floor":12.0},{"not_picked":["Barrage","Turbo"],"picked":"Reinforced Body","floor":13.0},{"not_picked":["Barrage","Double Energy"],"picked":"Static Discharge","floor":14.0},{"not_picked":["Hyperbeam","Machine Learning"],"picked":"Buffer","floor":16.0},{"not_picked":["Leap","Chaos"],"picked":"Defragment","floor":18.0},{"not_picked":["Ball Lightning","Compile Driver"],"picked":"Tempest+1","floor":19.0},{"not_picked":["Static Discharge","Beam Cell"],"picked":"Cold Snap+1","floor":22.0},{"not_picked":["Reinforced Body","Hologram"],"picked":"Redo+1","floor":24.0},{"not_picked":["Streamline","Creative AI"],"picked":"Double Energy","floor":25.0},{"not_picked":["Static Discharge","Recycle"],"picked":"Glacier","floor":28.0}],"player_experience":3401497,"relics_obtained":[{"floor":6.0,"key":"Mercury Hourglass"},{"floor":7.0,"key":"Orichalcum"},{"floor":9.0,"key":"Anchor"},{"floor":12.0,"key":"Happy Flower"},{"floor":24.0,"key":"Vajra"},{"floor":26.0,"key":"Shuriken"}],"event_choices":[{"damage_healed":0.0,"max_hp_gain":0.0,"max_hp_loss":0.0,"gold_gain":0.0,"event_name":"Scrap Ooze","player_choice":"Success","floor":4.0,"gold_loss":0.0,"damage_taken":5.0,"relics_obtained":["Lantern"]},{"cards_removed":["Strike_B"],"damage_healed":0.0,"max_hp_gain":0.0,"max_hp_loss":0.0,"gold_gain":0.0,"event_name":"Golden Wing","player_choice":"Card Removal","floor":10.0,"gold_loss":0.0,"damage_taken":7.0},{"damage_healed":0.0,"max_hp_gain":0.0,"max_hp_loss":0.0,"gold_gain":0.0,"event_name":"Cursed Tome","player_choice":"Ignored","floor":20.0,"gold_loss":0.0,"damage_taken":0.0},{"damage_healed":0.0,"max_hp_gain":0.0,"max_hp_loss":0.0,"gold_gain":0.0,"event_name":"Beggar","player_choice":"Ignored","floor":30.0,"gold_loss":0.0,"damage_taken":0.0},{"damage_healed":0.0,"max_hp_gain":0.0,"max_hp_loss":0.0,"gold_gain":0.0,"event_name":"Addict","player_choice":"Stole Relic","floor":31.0,"gold_loss":0.0,"damage_taken":0.0,"relics_obtained":["Kunai"],"cards_obtained":["Shame"]}],"is_beta":true,"boss_relics":[{"not_picked":["Pandora\u0027s Box","White Beast Statue"],"picked":"Sozu"}],"items_purged_floors":[],"is_endless":false,"potions_floor_spawned":[2,13,22],"killed_by":"Automaton","ascension_level":20}