{"gold_per_floor":[112,126,126,139,158,193,204,230,230,230,240,240,265,275,275,376,376,396,406,406,417,417,447,43,43,43,75,75,75,101,16,16,115,115,126,141,495,510,529,546,546,556,608,636,636,669,669,686,686,686,686,686,188,215,215],"floor_reached":55,"playtime":4661,"items_purged":["Strike_B","Writhe"],"score":898,"play_id":"5413de19-0bf0-4c54-b5a4-04b1f02b34ad","local_time":"20190428141715","is_ascension_mode":true,"campfire_choices":[{"data":"Go for the Eyes","floor":12,"key":"SMITH"},{"floor":15,"key":"REST"},{"data":"Zap","floor":25,"key":"SMITH"},{"floor":28,"key":"REST"},{"floor":32,"key":"REST"},{"floor":41,"key":"REST"},{"floor":45,"key":"REST"},{"floor":49,"key":"RECALL"},{"data":"Fission","floor":52,"key":"SMITH"}],"neow_cost":"NONE","seed_source_timestamp":0,"circlet_count":0,"master_deck":["Strike_B+1","Defend_B+1","Defend_B+1","Defend_B+1","Zap+1","Dualcast","Conserve Battery","Streamline+1","Go for the Eyes+1","Ball Lightning+1","Echo Form","Ball Lightning+1","Leap","All For One+1","Buffer+1","Biased Cognition+1","FTL+1","BootSequence+1","Steam","Madness","Loop","Coolheaded","Beam Cell+1","Fission+1","Hologram+1","Seek","Cold Snap+1","Compile Driver+1","Gash+1","Stack"],"relics":["Cracked Core","Art of War","Singing Bowl","Sundial","Molten Egg 2","Bronze Scales","Astrolabe","MutagenicStrength","Gremlin Horn","DataDisk","Turnip","Centennial Puzzle","Dodecahedron","Bag of Marbles","Philosopher\u0027s Stone","Old Coin","Peace Pipe","Pear","Vajra","Whetstone","Pantograph"],"potions_floor_usage":[42,50,55,55],"damage_taken":[{"damage":1,"enemies":"Cultist","floor":1,"turns":3},{"damage":3,"enemies":"Small Slimes","floor":2,"turns":4},{"damage":0,"enemies":"2 Louse","floor":4,"turns":2},{"damage":2,"enemies":"Blue Slaver","floor":5,"turns":3},{"damage":9,"enemies":"Lagavulin","floor":6,"turns":6},{"damage":3,"enemies":"2 Fungi Beasts","floor":7,"turns":3},{"damage":19,"enemies":"Gremlin Nob","floor":8,"turns":4},{"damage":10,"enemies":"Looter","floor":11,"turns":3},{"damage":18,"enemies":"3 Sentries","floor":13,"turns":5},{"damage":7,"enemies":"Large Slime","floor":14,"turns":3},{"damage":17,"enemies":"Hexaghost","floor":16,"turns":9},{"damage":12,"enemies":"3 Byrds","floor":18,"turns":3},{"damage":10,"enemies":"Spheric Guardian","floor":19,"turns":4},{"damage":0,"enemies":"Snecko","floor":21,"turns":4},{"damage":19,"enemies":"Book of Stabbing","floor":23,"turns":4},{"damage":31,"enemies":"Slavers","floor":27,"turns":5},{"damage":1,"enemies":"Book of Stabbing","floor":30,"turns":4},{"damage":14,"enemies":"Collector","floor":33,"turns":9},{"damage":15,"enemies":"3 Shapes","floor":35,"turns":3},{"damage":2,"enemies":"3 Darklings","floor":36,"turns":4},{"damage":5,"enemies":"2 Orb Walkers","floor":37,"turns":3},{"damage":12,"enemies":"Jaw Worm Horde","floor":38,"turns":5},{"damage":0,"enemies":"Transient","floor":39,"turns":5},{"damage":33,"enemies":"Spire Growth","floor":40,"turns":5},{"damage":0,"enemies":"3 Darklings","floor":42,"turns":4},{"damage":17,"enemies":"Reptomancer","floor":44,"turns":6},{"damage":0,"enemies":"Giant Head","floor":46,"turns":7},{"damage":9,"enemies":"Maw","floor":48,"turns":5},{"damage":68,"enemies":"Time Eater","floor":50,"turns":10},{"damage":47,"enemies":"Shield and Spear","floor":54,"turns":5},{"damage":85,"enemies":"The Heart","floor":55,"turns":9}],"seed_played":"4970","potions_obtained":[{"floor":1,"key":"Dexterity Potion"},{"floor":6,"key":"GamblersBrew"},{"floor":8,"key":"Strength Potion"},{"floor":10,"key":"FearPotion"},{"floor":40,"key":"Block Potion"},{"floor":46,"key":"Swift Potion"}],"is_trial":false,"path_per_floor":["M","M","?","M","M","E","M","E","T","?","M","R","E","M","R","B",null,"M","M","?","M","?","E","$","R","T","E","R","?","E","?","R","B",null,"M","M","?","M","M","M","R","M","T","E","R","E","?","M","R","B",null,"R","$","E","B"],"character_chosen":"DEFECT","items_purchased":["DataDisk","Madness","Loop","Coolheaded","Vajra","Gash+1","Whetstone","AttackPotion"],"campfire_rested":5,"item_purchase_floors":[24,24,24,24,53,53,53,53],"current_hp_per_floor":[74,71,75,75,73,66,63,44,44,44,34,34,18,11,34,17,79,67,59,81,81,81,62,62,62,62,33,57,57,56,56,80,66,83,68,68,65,53,55,24,51,51,51,36,63,75,101,92,92,24,105,105,105,58,0],"gold":215,"neow_bonus":"RANDOM_COMMON_RELIC","is_prod":false,"is_daily":false,"chose_seed":true,"campfire_upgraded":3,"win_rate":0,"timestamp":1556486235,"path_taken":["M","M","?","?","M","E","M","E","T","?","?","R","E","M","R","BOSS","M","M","?","?","?","E","$","R","T","E","R","?","E","?","R","BOSS","M","M","?","M","M","M","R","M","T","E","R","E","?","M","R","BOSS","R","$","E","BOSS"],"build_version":"2019-01-23","purchased_purges":2,"victory":false,"max_hp_per_floor":[75,75,75,75,75,77,77,77,77,77,77,77,79,79,79,79,79,79,81,81,81,81,81,81,81,81,83,83,83,83,83,83,83,83,83,85,87,87,89,91,91,91,91,93,93,105,105,105,105,105,105,105,105,105,105],"card_choices":[{"not_picked":["Sunder","Streamline"],"picked":"Conserve Battery","floor":1},{"not_picked":["Storm","Beam Cell","Turbo"],"picked":"SKIP","floor":2},{"not_picked":["Gash","Leap"],"picked":"Streamline","floor":4},{"not_picked":["Consume","Rainbow"],"picked":"Go for the Eyes","floor":5},{"not_picked":["Beam Cell","Rebound","Redo"],"picked":"Singing Bowl","floor":6},{"not_picked":["Gash","Rip and Tear"],"picked":"Ball Lightning","floor":7},{"not_picked":["Glacier","Blizzard"],"picked":"Echo Form","floor":8},{"not_picked":["Skim","Gash+1"],"picked":"Ball Lightning+1","floor":11},{"not_picked":["Barrage+1","Steam Power","Heatsinks"],"picked":"Singing Bowl","floor":13},{"not_picked":["Auto Shields","Doom and Gloom+1"],"picked":"Leap","floor":14},{"not_picked":["Buffer","Rainbow"],"picked":"All For One+1","floor":16},{"not_picked":["Defragment+1","Blizzard+1"],"picked":"FTL+1","floor":18},{"not_picked":["Leap","Conserve Battery","Force Field"],"picked":"Singing Bowl","floor":19},{"not_picked":["Barrage+1","Steam Power"],"picked":"BootSequence+1","floor":21},{"not_picked":["Recycle","Rebound+1"],"picked":"Steam","floor":23},{"not_picked":["Conserve Battery","Rebound+1","Hello World"],"picked":"Singing Bowl","floor":27},{"not_picked":["Cold Snap+1","Machine Learning"],"picked":"Beam Cell+1","floor":30},{"not_picked":["Biased Cognition","Hyperbeam+1"],"picked":"Fission","floor":33},{"not_picked":["Reprogram","Fusion+1"],"picked":"Hologram+1","floor":35},{"not_picked":["Force Field+1","Double Energy+1","Turbo"],"picked":"Singing Bowl","floor":36},{"not_picked":["Doom and Gloom+1","Leap+1","Coolheaded"],"picked":"Singing Bowl","floor":37},{"not_picked":["Go for the Eyes+1","Sweeping Beam+1"],"picked":"Seek","floor":38},{"not_picked":["Sweeping Beam+1","Genetic Algorithm+1","Beam Cell+1"],"picked":"Singing Bowl","floor":39},{"not_picked":["Go for the Eyes+1","Turbo+1","Steam"],"picked":"Singing Bowl","floor":40},{"not_picked":["Streamline+1","Barrage+1"],"picked":"Cold Snap+1","floor":42},{"not_picked":["Go for the Eyes+1","Steam","Streamline+1"],"picked":"Singing Bowl","floor":44},{"not_picked":["Streamline+1","Multi-Cast","Steam"],"picked":"Singing Bowl","floor":46},{"not_picked":["Leap","Hologram+1"],"picked":"Compile Driver+1","floor":48},{"not_picked":["Ball Lightning+1","Recycle"],"picked":"Stack","floor":54}],"player_experience":1176417,"relics_obtained":[{"floor":6,"key":"Singing Bowl"},{"floor":8,"key":"Sundial"},{"floor":9,"key":"Molten Egg 2"},{"floor":13,"key":"Bronze Scales"},{"floor":23,"key":"Gremlin Horn"},{"floor":26,"key":"Turnip"},{"floor":27,"key":"Centennial Puzzle"},{"floor":30,"key":"Dodecahedron"},{"floor":37,"key":"Old Coin"},{"floor":44,"key":"Peace Pipe"},{"floor":46,"key":"Pear"},{"floor":54,"key":"Pantograph"}],"event_choices":[{"damage_healed":4,"gold_gain":0,"player_choice":"Full Heal","damage_taken":0,"max_hp_gain":0,"max_hp_loss":0,"event_name":"Wheel of Change","floor":3,"gold_loss":0},{"damage_healed":0,"gold_gain":0,"player_choice":"Got Potions","damage_taken":0,"max_hp_gain":0,"max_hp_loss":0,"event_name":"Lab","floor":10,"gold_loss":0},{"cards_removed":["White Noise"],"damage_healed":22,"gold_gain":0,"player_choice":"Offered Uncommon","damage_taken":0,"max_hp_gain":0,"max_hp_loss":0,"event_name":"Bonfire Elementals","floor":20,"gold_loss":0},{"damage_healed":0,"gold_gain":0,"player_choice":"Inject Mutagens","damage_taken":0,"relics_obtained":["MutagenicStrength"],"max_hp_gain":0,"max_hp_loss":0,"event_name":"Drug Dealer","floor":22,"gold_loss":0},{"damage_healed":0,"gold_gain":0,"player_choice":"Simplicity","damage_taken":0,"max_hp_gain":0,"max_hp_loss":0,"event_name":"Back to Basics","floor":29,"gold_loss":0,"cards_upgraded":["Strike_B","Defend_B","Defend_B","Defend_B"]},{"damage_healed":0,"gold_gain":0,"player_choice":"Obtained Relic","damage_taken":0,"relics_obtained":["Bag of Marbles"],"max_hp_gain":0,"max_hp_loss":0,"event_name":"Addict","floor":31,"gold_loss":85},{"damage_healed":0,"gold_gain":0,"player_choice":"Fight","damage_taken":0,"max_hp_gain":0,"max_hp_loss":0,"event_name":"Mysterious Sphere","floor":37,"gold_loss":0},{"damage_healed":26,"gold_gain":0,"player_choice":"Writhe","damage_taken":0,"max_hp_gain":0,"max_hp_loss":0,"event_name":"Winding Halls","floor":47,"gold_loss":0,"cards_obtained":["Writhe"]}],"is_beta":false,"boss_relics":[{"not_picked":["Orrery","Snecko Eye"],"picked":"Astrolabe"},{"not_picked":["Calling Bell","FrozenCore"],"picked":"Philosopher\u0027s Stone"}],"items_purged_floors":[24,53],"is_endless":false,"potions_floor_spawned":[1,6,8,13,16,18,21,27,35,36,38,40,46],"killed_by":"The Heart","ascension_level":1}