{"gold_per_floor":[111,111,129,145,35,35,65,65,65,99,99,109,124,138,138,212,212,227,227,237,237,62,62,72,89,89,89],"floor_reached":27,"playtime":1558,"items_purged":["Strike_G","Shame"],"score":468,"play_id":"b62e5393-1f67-4a7e-b73d-50960cde90ea","local_time":"20190405195206","is_ascension_mode":true,"campfire_choices":[{"data":"Deadly Poison","floor":6,"key":"SMITH"},{"floor":11,"key":"REST"},{"floor":15,"key":"REST"},{"data":"Envenom","floor":23,"key":"SMITH"}],"neow_cost":"NONE","seed_source_timestamp":13869089304243,"circlet_count":0,"master_deck":["AscendersBane","Defend_G+1","Defend_G+1","Defend_G+1","Defend_G+1","Defend_G+1","Strike_G+1","Strike_G+1","Strike_G+1","Strike_G+1","Survivor","Neutralize+1","Deadly Poison+1","Backflip","Envenom+1","Well Laid Plans","Infinite Blades+1","Footwork+1","PiercingWail","Crippling Poison","Escape Plan","Envenom+1","Dagger Spray","Dash","Footwork+1","Infinite Blades+1"],"relics":["Ring of the Snake","Frozen Egg 2","Orichalcum","Shuriken","Philosopher\u0027s Stone","Smiling Mask","Bottled Lightning"],"potions_floor_usage":[7,13,13,25,27],"damage_taken":[{"damage":4,"enemies":"Small Slimes","floor":1,"turns":4},{"damage":0,"enemies":"Cultist","floor":3,"turns":4},{"damage":2,"enemies":"Jaw Worm","floor":4,"turns":4},{"damage":17,"enemies":"Lagavulin","floor":7,"turns":6},{"damage":16,"enemies":"Gremlin Nob","floor":10,"turns":5},{"damage":3,"enemies":"Looter","floor":12,"turns":3},{"damage":12,"enemies":"Large Slime","floor":13,"turns":5},{"damage":3,"enemies":"Exordium Wildlife","floor":14,"turns":4},{"damage":0,"enemies":"Hexaghost","floor":16,"turns":9},{"damage":15,"enemies":"Spheric Guardian","floor":18,"turns":5},{"damage":6,"enemies":"2 Thieves","floor":20,"turns":5},{"damage":3,"enemies":"Snecko","floor":24,"turns":5},{"damage":10,"enemies":"Centurion and Healer","floor":25,"turns":6},{"damage":33,"enemies":"Snake Plant","floor":27,"turns":2}],"seed_played":"-6087740372047107360","potions_obtained":[{"floor":0,"key":"Fire Potion"},{"floor":0,"key":"Explosive Potion"},{"floor":12,"key":"Strength Potion"},{"floor":14,"key":"Swift Potion"},{"floor":16,"key":"Explosive Potion"}],"is_trial":false,"path_per_floor":["M","?","M","M","$","R","E","$","T","E","R","M","M","M","R","B",null,"M","?","M","?","$","R","M","M","T","M"],"character_chosen":"THE_SILENT","items_purchased":["Well Laid Plans","Footwork+1","Fire Potion"],"campfire_rested":2,"item_purchase_floors":[5,22,22],"current_hp_per_floor":[55,55,55,53,53,53,36,36,36,20,39,36,24,21,40,40,60,45,45,39,39,39,39,36,26,26,0],"gold":89,"neow_bonus":"THREE_SMALL_POTIONS","is_prod":false,"is_daily":false,"chose_seed":false,"campfire_upgraded":2,"win_rate":0,"timestamp":1554486726,"path_taken":["M","?","M","?","?","R","E","$","T","E","R","?","M","M","R","BOSS","M","?","M","?","$","R","M","M","T","M"],"build_version":"2019-04-04","purchased_purges":2,"victory":false,"max_hp_per_floor":[66,66,66,66,66,66,66,66,66,66,66,66,66,66,66,66,66,66,66,66,66,66,66,66,66,66,66],"card_choices":[{"not_picked":["Masterful Stab","Slice"],"picked":"Deadly Poison","floor":1},{"not_picked":["Dagger Throw","PiercingWail"],"picked":"Backflip","floor":3},{"not_picked":["Flying Knee","Acrobatics"],"picked":"Envenom","floor":4},{"not_picked":["Skewer","PiercingWail"],"picked":"Infinite Blades","floor":7},{"not_picked":["A Thousand Cuts+1","Reflex"],"picked":"Footwork+1","floor":10},{"not_picked":["Blade Dance","Dagger Throw"],"picked":"PiercingWail","floor":12},{"not_picked":["Bane","Bouncing Flask"],"picked":"Crippling Poison","floor":13},{"not_picked":["Endless Agony","All Out Attack"],"picked":"Escape Plan","floor":14},{"not_picked":["Doppelganger","Bullet Time"],"picked":"Envenom+1","floor":16},{"not_picked":["Outmaneuver","Blade Dance"],"picked":"Dagger Spray","floor":18},{"not_picked":["Eviscerate","Deadly Poison"],"picked":"Dash","floor":20},{"not_picked":["Outmaneuver","Bane","Deadly Poison"],"picked":"SKIP","floor":24},{"not_picked":["Skewer","Backflip"],"picked":"Infinite Blades+1","floor":25}],"player_experience":452827,"relics_obtained":[{"floor":7,"key":"Frozen Egg 2"},{"floor":9,"key":"Orichalcum"},{"floor":10,"key":"Shuriken"},{"floor":26,"key":"Bottled Lightning"}],"event_choices":[{"damage_healed":0,"gold_gain":0,"player_choice":"Forge","damage_taken":0,"max_hp_gain":0,"max_hp_loss":0,"event_name":"Accursed Blacksmith","floor":2,"gold_loss":0,"cards_upgraded":["Neutralize"]},{"damage_healed":0,"gold_gain":0,"player_choice":"Simplicity","damage_taken":0,"max_hp_gain":0,"max_hp_loss":0,"event_name":"Back to Basics","floor":19,"gold_loss":0,"cards_upgraded":["Defend_G","Defend_G","Defend_G","Defend_G","Defend_G","Strike_G","Strike_G","Strike_G","Strike_G"]},{"damage_healed":0,"gold_gain":0,"player_choice":"Stole Relic","damage_taken":0,"relics_obtained":["Smiling Mask"],"max_hp_gain":0,"max_hp_loss":0,"event_name":"Addict","floor":21,"gold_loss":0,"cards_obtained":["Shame"]}],"is_beta":true,"boss_relics":[{"not_picked":["Empty Cage","Calling Bell"],"picked":"Philosopher\u0027s Stone"}],"items_purged_floors":[5,22],"is_endless":false,"potions_floor_spawned":[1,12,14,16,24],"killed_by":"Snake Plant","ascension_level":14}