{"gold_per_floor":[110,126,126,146,165,165,197,197,221,221,27,57,76,106,106,106],"floor_reached":16,"playtime":530,"items_purged":[],"score":240,"play_id":"caef8918-752c-4dfb-bb20-f37a7bbdaf89","local_time":"20190618050832","is_ascension_mode":true,"campfire_choices":[{"data":"Neutralize","floor":6,"key":"SMITH"},{"data":"Storm of Steel","floor":8,"key":"SMITH"},{"floor":10,"key":"REST"},{"floor":15,"key":"REST"}],"neow_cost":"NONE","seed_source_timestamp":4600533726271338,"circlet_count":0,"master_deck":["AscendersBane","Strike_G","Strike_G","Strike_G","Strike_G","Defend_G","Defend_G","Defend_G","Defend_G","Defend_G","Survivor","Neutralize+1","Bane","Sucker Punch","Predator","Deflect","Cloak And Dagger","Storm of Steel+1","Predator","Well Laid Plans","PiercingWail","Flying Knee"],"relics":["Ring of the Snake","NeowsBlessing","Potion Belt","Smiling Mask","PreservedInsect","Art of War","The Courier"],"potions_floor_usage":[5,7,13],"damage_taken":[{"damage":0,"enemies":"Jaw Worm","floor":1,"turns":1},{"damage":0,"enemies":"Cultist","floor":2,"turns":1},{"damage":0,"enemies":"2 Louse","floor":4,"turns":1},{"damage":11,"enemies":"Exordium Thugs","floor":5,"turns":4},{"damage":25,"enemies":"3 Sentries","floor":7,"turns":8},{"damage":11,"enemies":"Gremlin Nob","floor":12,"turns":3},{"damage":0,"enemies":"Blue Slaver","floor":13,"turns":3},{"damage":17,"enemies":"3 Sentries","floor":14,"turns":8},{"damage":35,"enemies":"Slime Boss","floor":16,"turns":7}],"seed_played":"-9060854056716618685","potions_obtained":[{"floor":2,"key":"Fire Potion"},{"floor":4,"key":"Strength Potion"},{"floor":12,"key":"Poison Potion"},{"floor":13,"key":"LiquidBronze"}],"is_trial":false,"path_per_floor":["M","M","?","M","M","R","E","R","T","R","$","E","M","E","R","B"],"character_chosen":"THE_SILENT","items_purchased":["PreservedInsect","Predator"],"campfire_rested":2,"item_purchase_floors":[11,11],"current_hp_per_floor":[59,59,59,59,48,48,23,23,23,42,42,31,31,14,33,0],"gold":106,"neow_bonus":"THREE_ENEMY_KILL","is_prod":false,"is_daily":false,"chose_seed":false,"campfire_upgraded":2,"win_rate":0,"timestamp":1560859712,"path_taken":["M","M","?","M","M","R","E","R","T","R","$","E","?","E","R","BOSS"],"build_version":"2019-06-17v2","purchased_purges":0,"victory":false,"max_hp_per_floor":[66,66,66,66,66,66,66,66,66,66,66,66,66,66,66,66],"card_choices":[{"not_picked":["Blade Dance","Deflect"],"picked":"Bane","floor":1},{"not_picked":["Dodge and Roll","Underhanded Strike"],"picked":"Sucker Punch","floor":2},{"not_picked":["Blur","Flechettes"],"picked":"Deflect","floor":4},{"not_picked":["Quick Slash","Underhanded Strike"],"picked":"Cloak And Dagger","floor":5},{"not_picked":["Flechettes","Reflex"],"picked":"Storm of Steel","floor":7},{"not_picked":["Dagger Throw","Blur"],"picked":"Well Laid Plans","floor":12},{"not_picked":["Quick Slash","Cloak And Dagger"],"picked":"PiercingWail","floor":13},{"not_picked":["Bane","Distraction"],"picked":"Flying Knee","floor":14}],"player_experience":1365457,"relics_obtained":[{"floor":7,"key":"Potion Belt"},{"floor":9,"key":"Smiling Mask"},{"floor":12,"key":"Art of War"},{"floor":14,"key":"The Courier"}],"event_choices":[{"damage_healed":0,"gold_gain":0,"cards_transformed":["Strike_G"],"player_choice":"Transformed","damage_taken":0,"max_hp_gain":0,"max_hp_loss":0,"event_name":"Transmorgrifier","floor":3,"gold_loss":0,"cards_obtained":["Predator"]}],"is_beta":true,"boss_relics":[],"items_purged_floors":[],"is_endless":false,"potions_floor_spawned":[2,4,12,13],"killed_by":"Slime Boss","ascension_level":20}