{"gold_per_floor":[119,136,136,8,81,81,115,115,140,175,195,195,213,228,228,305,305,324,324,324,343,59,86,86,86,86,105,47,61,75,75,75,153,153,167,167,167,442,4,32,32,52,52,69,69,97,97,117,117,117],"floor_reached":50,"playtime":2799,"items_purged":["Pain","Writhe","Regret"],"score":1160,"play_id":"c7bc226f-ad0f-488c-b628-fe41e6eed0d9","local_time":"20190326050320","is_ascension_mode":true,"campfire_choices":[{"data":"Bash","floor":6.0,"key":"SMITH"},{"data":"Anger","floor":8.0,"key":"SMITH"},{"data":"Armaments","floor":15.0,"key":"SMITH"},{"data":"Inflame","floor":24.0,"key":"SMITH"},{"floor":32.0,"key":"REST"},{"floor":41.0,"key":"REST"},{"floor":49,"key":"REST"}],"neow_cost":"NONE","seed_source_timestamp":0,"circlet_count":0,"master_deck":["AscendersBane","Defend_R","Defend_R","Defend_R","Defend_R","Bash+1","Armaments+1","Havoc","Anger+1","Uppercut+1","Clothesline","Power Through","Impervious","Ghostly Armor","Inflame+1","Shockwave","Pommel Strike+1","Bite","Bite","Bite","Bite","Shrug It Off","Shrug It Off","Sever Soul","Demon Form","Madness","Madness","Whirlwind","Dropkick","Corruption","Bloodletting+1","Mayhem","Feel No Pain"],"special_seed":0,"relics":["Burning Blood","NeowsBlessing","WarpedTongs","Blue Candle","Red Skull","Bag of Preparation","Ancient Tea Set","Cursed Key","Boot","Dodecahedron","Fusion Hammer","Strawberry","Whetstone","Singing Bowl"],"potions_floor_usage":[46,48,50,50],"damage_taken":[{"damage":0.0,"enemies":"Small Slimes","floor":1.0,"turns":1.0},{"damage":0.0,"enemies":"Cultist","floor":2.0,"turns":1.0},{"damage":0.0,"enemies":"3 Sentries","floor":7.0,"turns":2.0},{"damage":19.0,"enemies":"Lagavulin","floor":10.0,"turns":5.0},{"damage":4.0,"enemies":"Jaw Worm","floor":11.0,"turns":3.0},{"damage":0.0,"enemies":"Exordium Wildlife","floor":12.0,"turns":1.0},{"damage":5.0,"enemies":"2 Fungi Beasts","floor":13.0,"turns":4.0},{"damage":6.0,"enemies":"Blue Slaver","floor":14.0,"turns":3.0},{"damage":16.0,"enemies":"Hexaghost","floor":16.0,"turns":11.0},{"damage":0.0,"enemies":"Chosen","floor":18.0,"turns":5.0},{"damage":17.0,"enemies":"Colosseum Slavers","floor":20.0,"turns":6.0},{"damage":9.0,"enemies":"Shell Parasite","floor":21.0,"turns":5.0},{"damage":28.0,"enemies":"Slavers","floor":23.0,"turns":5.0},{"damage":2.0,"enemies":"Snake Plant","floor":27.0,"turns":4.0},{"damage":7.0,"enemies":"Snecko","floor":29.0,"turns":4.0},{"damage":21.0,"enemies":"Shelled Parasite and Fungi","floor":30.0,"turns":7.0},{"damage":30.0,"enemies":"Champ","floor":33.0,"turns":12.0},{"damage":9.0,"enemies":"3 Darklings","floor":35.0,"turns":6.0},{"damage":46.0,"enemies":"Reptomancer","floor":40.0,"turns":5.0},{"damage":2.0,"enemies":"3 Shapes","floor":42.0,"turns":7.0},{"damage":20,"enemies":"Spire Growth","floor":44,"turns":4},{"damage":53,"enemies":"Giant Head","floor":46,"turns":7},{"damage":13,"enemies":"3 Darklings","floor":48,"turns":5},{"damage":85,"enemies":"Donu and Deca","floor":50,"turns":6}],"seed_played":"-4514662083956868243","potions_obtained":[{"floor":7.0,"key":"Block Potion"},{"floor":11.0,"key":"SmokeBomb"},{"floor":16.0,"key":"AttackPotion"},{"floor":21.0,"key":"BloodPotion"},{"floor":27.0,"key":"Dexterity Potion"},{"floor":29.0,"key":"Swift Potion"},{"floor":35.0,"key":"AttackPotion"},{"floor":42.0,"key":"Energy Potion"},{"floor":47,"key":"Swift Potion"},{"floor":48,"key":"FearPotion"}],"is_trial":false,"path_per_floor":["M","M","?","$","T","R","E","R","T","E","M","M","M","M","R","B",null,"M","?","?","M","$","E","R","?","T","M","$","M","M","?","R","B",null,"M","?","?","?","$","E","R","M","T","M","?","E","?","M","R","B"],"character_chosen":"IRONCLAD","items_purchased":["Poison Potion","Inflame","PowerPotion","Shockwave","Shrug It Off","Strawberry","Whirlwind","BloodPotion"],"campfire_rested":3,"item_purchase_floors":[4,22,22,22,28,39,39,39],"current_hp_per_floor":[74,75,75,75,75,75,75,75,75,62,64,70,71,71,71,61,72,75,75,64,61,61,39,39,39,39,53,53,64,62,62,75,75,75,75,61,61,61,68,35,59,77,77,68,68,41,41,45,70,0],"gold":117,"neow_bonus":"THREE_ENEMY_KILL","is_prod":false,"is_daily":false,"chose_seed":false,"campfire_upgraded":4,"win_rate":0,"timestamp":1553573000,"path_taken":["M","M","?","$","?","R","E","R","T","E","M","M","?","M","R","BOSS","M","?","?","M","$","E","R","?","T","M","?","?","M","?","R","BOSS","M","?","?","?","$","E","R","?","T","M","?","E","?","M","R","BOSS"],"build_version":"2019-03-15","purchased_purges":3,"victory":false,"max_hp_per_floor":[75,75,75,75,75,75,75,75,75,75,75,75,75,75,75,75,75,75,75,75,75,75,75,75,75,75,75,75,75,75,75,75,75,75,75,75,75,75,82,82,82,82,82,82,82,84,84,84,84,84],"card_choices":[{"not_picked":["Havoc","Fire Breathing"],"picked":"Armaments","floor":1.0},{"not_picked":["Entrench","Blood for Blood"],"picked":"Havoc","floor":2.0},{"not_picked":["Thunderclap","Blood for Blood"],"picked":"Anger","floor":7.0},{"not_picked":["Headbutt","Metallicize"],"picked":"Uppercut","floor":10.0},{"not_picked":["Iron Wave","Whirlwind"],"picked":"Clothesline","floor":11.0},{"not_picked":["Armaments","Reckless Charge","Headbutt"],"picked":"SKIP","floor":13.0},{"not_picked":["Metallicize","Warcry"],"picked":"Power Through","floor":14.0},{"not_picked":["Dark Embrace","Bludgeon"],"picked":"Impervious","floor":16.0},{"not_picked":["Carnage","Perfected Strike","Heavy Blade"],"picked":"SKIP","floor":18.0},{"not_picked":["Perfected Strike","Twin Strike"],"picked":"Ghostly Armor","floor":21.0},{"not_picked":["Pummel","Heavy Blade"],"picked":"Pommel Strike","floor":23.0},{"not_picked":["Thunderclap","Feel No Pain","Intimidate"],"picked":"SKIP","floor":27.0},{"not_picked":["Warcry","Rampage"],"picked":"Shrug It Off","floor":29.0},{"not_picked":["Reckless Charge","Pommel Strike"],"picked":"Sever Soul","floor":30.0},{"not_picked":["Exhume","Bludgeon"],"picked":"Demon Form","floor":33.0},{"not_picked":["Twin Strike","Pommel Strike","Combust"],"picked":"SKIP","floor":35.0},{"not_picked":["Shrug It Off","Entrench"],"picked":"Dropkick","floor":40.0},{"not_picked":["Intimidate+1","Armaments"],"picked":"Corruption","floor":42.0},{"not_picked":["Clothesline","Blood for Blood"],"picked":"Bloodletting+1","floor":44},{"not_picked":["Dark Shackles","Sadistic Nature"],"picked":"Mayhem","floor":45},{"not_picked":["Flex","Metallicize+1","Carnage"],"picked":"Singing Bowl","floor":46},{"not_picked":["Metallicize","Heavy Blade"],"picked":"Feel No Pain","floor":48}],"player_experience":379296,"relics_obtained":[{"floor":5.0,"key":"Blue Candle"},{"floor":7.0,"key":"Red Skull"},{"floor":9.0,"key":"Bag of Preparation"},{"floor":10.0,"key":"Ancient Tea Set"},{"floor":23.0,"key":"Blood Vial"},{"floor":26.0,"key":"Dodecahedron"},{"floor":40.0,"key":"Whetstone"},{"floor":46,"key":"Singing Bowl"}],"event_choices":[{"damage_healed":0.0,"max_hp_gain":0.0,"max_hp_loss":0.0,"gold_gain":0.0,"event_name":"Accursed Blacksmith","player_choice":"Rummage","floor":3.0,"gold_loss":0.0,"damage_taken":0.0,"relics_obtained":["WarpedTongs"],"cards_obtained":["Pain"]},{"damage_healed":0.0,"max_hp_gain":0.0,"max_hp_loss":0.0,"gold_gain":0.0,"event_name":"The Mausoleum","player_choice":"Opened","floor":19.0,"gold_loss":0.0,"damage_taken":0.0,"relics_obtained":["Boot"],"cards_obtained":["Writhe"]},{"damage_healed":0.0,"max_hp_gain":0.0,"max_hp_loss":0.0,"gold_gain":0.0,"event_name":"Colosseum","player_choice":"Fight","floor":20.0,"gold_loss":0.0,"damage_taken":0.0},{"damage_healed":0.0,"max_hp_gain":0.0,"max_hp_loss":0.0,"gold_gain":0.0,"event_name":"Colosseum","player_choice":"Fled From Nobs","floor":20.0,"gold_loss":0.0,"damage_taken":0.0},{"damage_healed":0.0,"max_hp_gain":0.0,"max_hp_loss":0.0,"gold_gain":0.0,"event_name":"Vampires","player_choice":"Became a vampire (Vial)","floor":25.0,"relics_lost":["Blood Vial"],"gold_loss":0.0,"damage_taken":0.0,"cards_obtained":["Bite","Bite","Bite","Bite","Bite"]},{"cards_removed":["Regret"],"damage_healed":0.0,"max_hp_gain":0.0,"max_hp_loss":0.0,"gold_gain":0.0,"event_name":"Back to Basics","player_choice":"Elegance","floor":31.0,"gold_loss":0.0,"damage_taken":0.0},{"damage_healed":0.0,"max_hp_gain":0.0,"max_hp_loss":0.0,"gold_gain":0.0,"event_name":"Winding Halls","player_choice":"Embrace Madness","floor":36.0,"gold_loss":0.0,"damage_taken":14.0,"cards_obtained":["Madness","Madness"]},{"cards_removed":["Bite"],"damage_healed":0.0,"max_hp_gain":0.0,"max_hp_loss":0.0,"gold_gain":0.0,"event_name":"Falling","player_choice":"Removed Attack","floor":37.0,"gold_loss":0.0,"damage_taken":0.0},{"damage_healed":0.0,"max_hp_gain":0.0,"max_hp_loss":0.0,"gold_gain":275.0,"event_name":"Golden Shrine","player_choice":"Desecrate","floor":38.0,"gold_loss":0.0,"damage_taken":0.0,"cards_obtained":["Regret"]},{"damage_healed":0,"gold_gain":0,"player_choice":"Memory 1","damage_taken":0,"max_hp_gain":0,"max_hp_loss":0,"event_name":"SensoryStone","floor":45,"gold_loss":0},{"damage_healed":0,"gold_gain":0,"player_choice":"Got Potions","damage_taken":0,"max_hp_gain":0,"max_hp_loss":0,"event_name":"Lab","floor":47,"gold_loss":0}],"is_beta":true,"boss_relics":[{"not_picked":["White Beast Statue","Lizard Tail"],"picked":"Cursed Key"},{"not_picked":["Black Star","Tiny House"],"picked":"Fusion Hammer"}],"items_purged_floors":[4,22,39],"is_endless":false,"potions_floor_spawned":[7,11,12,16,20,21,27,29,35,42,44,48],"killed_by":"Donu and Deca","ascension_level":20}