{"gold_per_floor":[113,0,15,30,30,30,56,56,82,82,112,122,122,149,149,221,221,236,5,5,5,5,5,5,5,5,37,15,40,40,59,59,59],"floor_reached":33,"playtime":1236,"items_purged":[],"score":594,"play_id":"acc9b3c7-b7d4-42cd-a74c-2ab011807103","local_time":"20190611211738","is_ascension_mode":true,"campfire_choices":[{"data":"Bash","floor":6.0,"key":"SMITH"},{"data":"Clothesline","floor":10.0,"key":"SMITH"},{"data":"Disarm","floor":15.0,"key":"SMITH"},{"data":"Demon Form","floor":23,"key":"SMITH"},{"floor":25,"key":"REST"},{"data":"Ghostly","floor":30,"key":"SMITH"},{"data":"True Grit","floor":32,"key":"SMITH"}],"neow_cost":"NONE","seed_source_timestamp":4053147107278862,"circlet_count":0,"master_deck":["AscendersBane","Strike_R","Strike_R","Strike_R","Defend_R","Defend_R","Defend_R","Defend_R","Bash+1","Disarm+1","Anger","Feel No Pain","Combust","Clothesline+1","Spot Weakness","Feel No Pain","Flame Barrier","Demon Form+1","Battle Trance","Ghostly+1","Ghostly","Ghostly","Decay","Warcry+1","True Grit+1","Power Through+1","Havoc+1"],"special_seed":0,"relics":["Burning Blood","NeowsBlessing","Centennial Puzzle","Vajra","The Courier","Darkstone Periapt","FossilizedHelix","Empty Cage","Membership Card","PreservedInsect","Thread and Needle","Bird Faced Urn","Du-Vu Doll","Pantograph"],"potions_floor_usage":[16,29,33],"damage_taken":[{"damage":0.0,"enemies":"Small Slimes","floor":1.0,"turns":1.0},{"damage":0.0,"enemies":"Jaw Worm","floor":3.0,"turns":1.0},{"damage":0.0,"enemies":"2 Louse","floor":4.0,"turns":2.0},{"damage":48.0,"enemies":"Lagavulin","floor":7.0,"turns":8.0},{"damage":19.0,"enemies":"Gremlin Nob","floor":11.0,"turns":4.0},{"damage":11.0,"enemies":"Looter","floor":12.0,"turns":2.0},{"damage":30.0,"enemies":"Lagavulin","floor":14.0,"turns":6.0},{"damage":9,"enemies":"The Guardian","floor":16,"turns":16},{"damage":55,"enemies":"3 Byrds","floor":18,"turns":5},{"damage":15,"enemies":"Book of Stabbing","floor":27,"turns":6},{"damage":35,"enemies":"Gremlin Leader","floor":29,"turns":6},{"damage":0,"enemies":"Spheric Guardian","floor":31,"turns":5},{"damage":43,"enemies":"Automaton","floor":33,"turns":10}],"seed_played":"-7879266580541212212","potions_obtained":[{"floor":7.0,"key":"Block Potion"},{"floor":11.0,"key":"Dexterity Potion"},{"floor":12.0,"key":"Strength Potion"},{"floor":16,"key":"SteroidPotion"},{"floor":18,"key":"BloodPotion"},{"floor":31,"key":"SkillPotion"}],"is_trial":false,"path_per_floor":["M","$","M","M","?","R","E","?","T","R","E","M","?","E","R","B",null,"M","$","?","?","?","R","T","R","T","E","$","E","R","M","R","B"],"character_chosen":"IRONCLAD","items_purchased":["Anger","Feel No Pain","Membership Card","PreservedInsect","True Grit"],"campfire_rested":1,"item_purchase_floors":[2,2,19,19,28],"current_hp_per_floor":[74,74,75,75,75,75,33,58,58,58,45,40,40,16,16,13,60,11,11,11,11,17,17,17,29,29,20,20,7,7,17,17,0],"gold":59,"neow_bonus":"THREE_ENEMY_KILL","is_prod":false,"is_daily":false,"chose_seed":false,"campfire_upgraded":6,"win_rate":0,"timestamp":1560313058,"path_taken":["M","$","M","M","?","R","E","?","T","R","E","?","?","E","R","BOSS","M","$","?","?","?","R","?","R","T","E","$","E","R","?","R","BOSS"],"build_version":"2019-06-10","purchased_purges":0,"victory":false,"max_hp_per_floor":[75,75,75,75,75,75,75,75,75,75,75,75,75,75,75,75,75,75,75,75,37,43,43,43,43,43,43,43,43,43,43,43,43],"card_choices":[{"not_picked":["Clothesline","Feel No Pain"],"picked":"Disarm","floor":1.0},{"not_picked":["Hemokinesis","Twin Strike"],"picked":"Combust","floor":3.0},{"not_picked":["Whirlwind","Heavy Blade"],"picked":"Clothesline","floor":4.0},{"not_picked":["Anger","Sentinel"],"picked":"Spot Weakness","floor":7.0},{"not_picked":["Perfected Strike","Anger"],"picked":"Feel No Pain","floor":11.0},{"not_picked":["Iron Wave","Hemokinesis"],"picked":"Flame Barrier","floor":12.0},{"not_picked":["Second Wind","Hemokinesis","Body Slam"],"picked":"SKIP","floor":14.0},{"not_picked":["Offering","Juggernaut"],"picked":"Demon Form","floor":16},{"not_picked":["Uppercut","Cleave"],"picked":"Battle Trance","floor":18},{"not_picked":["Flex","Pommel Strike"],"picked":"Warcry+1","floor":27},{"not_picked":["Warcry","Burning Pact"],"picked":"Power Through+1","floor":29},{"not_picked":["Sentinel","Reckless Charge"],"picked":"Havoc+1","floor":31}],"player_experience":1348939,"relics_obtained":[{"floor":7.0,"key":"Centennial Puzzle"},{"floor":9.0,"key":"Vajra"},{"floor":11.0,"key":"The Courier"},{"floor":14.0,"key":"FossilizedHelix"},{"floor":24,"key":"Thread and Needle"},{"floor":26,"key":"Bird Faced Urn"},{"floor":27,"key":"Du-Vu Doll"},{"floor":29,"key":"Pantograph"}],"event_choices":[{"damage_healed":0.0,"max_hp_gain":0.0,"max_hp_loss":0.0,"gold_gain":0.0,"event_name":"Liars Game","player_choice":"Ignored","floor":5.0,"gold_loss":0.0,"damage_taken":0.0},{"damage_healed":25.0,"max_hp_gain":0.0,"max_hp_loss":0.0,"gold_gain":0.0,"event_name":"Big Fish","player_choice":"Banana","floor":8.0,"gold_loss":0.0,"damage_taken":0.0},{"damage_healed":0.0,"max_hp_gain":0.0,"max_hp_loss":0.0,"gold_gain":0.0,"event_name":"Dead Adventurer","player_choice":"Searched \u00272\u0027 times","floor":13.0,"gold_loss":0.0,"damage_taken":0.0,"relics_obtained":["Darkstone Periapt"]},{"damage_healed":0,"gold_gain":0,"player_choice":"Became a Ghost","damage_taken":0,"max_hp_gain":0,"max_hp_loss":38,"event_name":"Ghosts","floor":21,"gold_loss":0,"cards_obtained":["Ghostly","Ghostly","Ghostly"]},{"damage_healed":0,"gold_gain":0,"player_choice":"Smashed Altar","damage_taken":0,"max_hp_gain":0,"max_hp_loss":0,"event_name":"Forgotten Altar","floor":22,"gold_loss":0,"cards_obtained":["Decay"]}],"is_beta":true,"boss_relics":[{"not_picked":["Lizard Tail","Black Blood"],"picked":"Empty Cage"}],"items_purged_floors":[],"is_endless":false,"potions_floor_spawned":[7,11,12,16,18,31],"killed_by":"Automaton","ascension_level":20}