{"gold_per_floor":[362,24,41,53,70,105,116,116,170,186,203,203,235,246,246,317,317,336,251,301,39,39,39,52,71,71,84,101,101,121,134,134,205,205,216,216],"floor_reached":36,"playtime":3378,"items_purged":["Regret","Strike_G"],"score":824,"play_id":"75bf3a40-f3f3-4372-ad9a-656532641637","local_time":"20181024200346","is_ascension_mode":true,"campfire_choices":[{"data":"Neutralize","floor":8,"key":"SMITH"},{"data":"Footwork","floor":12,"key":"SMITH"},{"data":"Infinite Blades","floor":15,"key":"SMITH"},{"data":"Panache","floor":23,"key":"SMITH"},{"data":"Calculated Gamble","floor":32,"key":"SMITH"}],"neow_cost":"CURSE","seed_source_timestamp":2909432410307002,"circlet_count":0,"master_deck":["Defend_G+1","Defend_G+1","Defend_G+1","Defend_G+1","Defend_G+1","Survivor","Neutralize+1","AscendersBane","Dagger Throw","Panache+1","Dash","Backflip","Escape Plan","Footwork+1","Outmaneuver","Slice","Backstab","Blade Dance","Infinite Blades+1","Storm of Steel","Footwork","Calculated Gamble+1","Terror+1","Backflip","Bite","Bite","Bite","Bite","Bite","Acrobatics","Tools of the Trade"],"relics":["Ring of the Serpent","Ornamental Fan","Tiny Chest","Vajra","Sozu","Regal Pillow","Pear"],"potions_floor_usage":[6,13,25,30],"damage_taken":[{"damage":14,"enemies":"Cultist","floor":1,"turns":5},{"damage":0,"enemies":"Jaw Worm","floor":3,"turns":5},{"damage":0,"enemies":"2 Louse","floor":4,"turns":2},{"damage":3,"enemies":"Large Slime","floor":5,"turns":6},{"damage":1,"enemies":"Gremlin Nob","floor":6,"turns":5},{"damage":2,"enemies":"Exordium Wildlife","floor":7,"turns":5},{"damage":10,"enemies":"Gremlin Gang","floor":10,"turns":4},{"damage":8,"enemies":"Exordium Thugs","floor":11,"turns":5},{"damage":5,"enemies":"3 Sentries","floor":13,"turns":9},{"damage":0,"enemies":"Large Slime","floor":14,"turns":4},{"damage":0,"enemies":"Slime Boss","floor":16,"turns":7},{"damage":22,"enemies":"Chosen","floor":18,"turns":5},{"damage":0,"enemies":"2 Thieves","floor":24,"turns":3},{"damage":4,"enemies":"Chosen and Byrds","floor":25,"turns":6},{"damage":7,"enemies":"3 Cultists","floor":27,"turns":4},{"damage":24,"enemies":"Snecko","floor":28,"turns":4},{"damage":0,"enemies":"Centurion and Healer","floor":30,"turns":23},{"damage":0,"enemies":"Shelled Parasite and Fungi","floor":31,"turns":5},{"damage":61,"enemies":"Automaton","floor":33,"turns":13},{"damage":45,"enemies":"3 Darklings","floor":35,"turns":19},{"damage":70,"enemies":"2 Orb Walkers","floor":36,"turns":5}],"seed_played":"5628931770984244821","potions_obtained":[{"floor":1,"key":"EssenceOfSteel"},{"floor":5,"key":"Ancient Potion"},{"floor":7,"key":"GhostInAJar"},{"floor":10,"key":"Block Potion"},{"floor":13,"key":"SkillPotion"},{"floor":16,"key":"GamblersBrew"}],"is_trial":false,"path_per_floor":["M","$","M","M","M","E","M","R","T","M","M","R","E","M","R","B",null,"M","$","?","$","?","R","M","M","T","M","M","?","M","M","R","B",null,"M"],"character_chosen":"THE_SILENT","items_purchased":["Panache","Dash","Footwork","Regal Pillow"],"campfire_rested":0,"item_purchase_floors":[2,2,19,21],"current_hp_per_floor":[45,45,45,45,42,41,39,39,39,29,21,21,16,16,16,16,54,32,32,32,32,32,32,32,28,38,31,7,7,53,53,53,8,42,53,0],"gold":216,"neow_bonus":"TWO_FIFTY_GOLD","is_prod":false,"is_daily":false,"chose_seed":false,"campfire_upgraded":5,"win_rate":0,"timestamp":1540436626,"path_taken":["M","$","M","M","M","E","M","R","T","M","M","R","E","?","R","BOSS","M","$","?","$","?","R","M","?","T","M","M","?","M","M","R","BOSS","M","?"],"build_version":"2018-10-23","purchased_purges":2,"victory":false,"max_hp_per_floor":[66,66,66,66,66,66,66,66,66,66,66,66,66,66,66,66,66,66,66,66,66,66,66,66,66,76,76,76,53,53,53,53,53,53,53,53],"card_choices":[{"not_picked":["Cloak And Dagger","Prepared"],"picked":"Dagger Throw","floor":1},{"not_picked":["Acrobatics","Finisher"],"picked":"Backflip","floor":3},{"not_picked":["Acrobatics","Underhanded Strike"],"picked":"Escape Plan","floor":4},{"not_picked":["PiercingWail","Deflect"],"picked":"Footwork","floor":5},{"not_picked":["Phantasmal Killer","Backflip"],"picked":"Outmaneuver","floor":6},{"not_picked":["Acrobatics","PiercingWail"],"picked":"Slice","floor":7},{"not_picked":["Catalyst","Escape Plan"],"picked":"Backstab","floor":10},{"not_picked":["Escape Plan","Flying Knee"],"picked":"Blade Dance","floor":11},{"not_picked":["Outmaneuver","Flechettes"],"picked":"Infinite Blades","floor":13},{"not_picked":["Riddle With Holes","Grand Finale","Bane"],"picked":"SKIP","floor":14},{"not_picked":["Unload","Burst"],"picked":"Storm of Steel","floor":16},{"not_picked":["Finisher","Blade Dance","Backstab"],"picked":"SKIP","floor":18},{"not_picked":["Slice","Endless Agony"],"picked":"Calculated Gamble","floor":24},{"not_picked":["Dash","Prepared","Bane"],"picked":"SKIP","floor":25},{"not_picked":["Backflip","Predator"],"picked":"Terror+1","floor":27},{"not_picked":["Dodge and Roll","Crippling Poison"],"picked":"Backflip","floor":28},{"not_picked":["Escape Plan","Flying Knee"],"picked":"Acrobatics","floor":30},{"not_picked":["Bullet Time","Bane","Deadly Poison"],"picked":"SKIP","floor":31},{"not_picked":["Malaise","Corpse Explosion"],"picked":"Tools of the Trade","floor":33},{"not_picked":["Dagger Throw","Blade Dance","All Out Attack"],"picked":"SKIP","floor":35}],"player_experience":981565,"relics_obtained":[{"floor":6,"key":"Ornamental Fan"},{"floor":9,"key":"Tiny Chest"},{"floor":13,"key":"Vajra"},{"floor":26,"key":"Pear"}],"event_choices":[{"damage_healed":0,"gold_gain":100,"player_choice":"Bet on Murderer","damage_taken":0,"max_hp_gain":0,"max_hp_loss":0,"event_name":"The Joust","floor":20,"gold_loss":50},{"damage_healed":0,"gold_gain":0,"player_choice":"Simplicity","damage_taken":0,"max_hp_gain":0,"max_hp_loss":0,"event_name":"Back to Basics","floor":22,"gold_loss":0,"cards_upgraded":["Defend_G","Defend_G","Defend_G","Defend_G","Defend_G","Strike_G","Strike_G","Strike_G","Strike_G"]},{"damage_healed":0,"gold_gain":0,"player_choice":"Became a vampire","damage_taken":0,"max_hp_gain":0,"max_hp_loss":23,"event_name":"Vampires","floor":29,"gold_loss":0,"cards_obtained":["Bite","Bite","Bite","Bite","Bite"]},{"damage_healed":0,"gold_gain":0,"player_choice":"Fight","damage_taken":0,"max_hp_gain":0,"max_hp_loss":0,"event_name":"Mysterious Sphere","floor":36,"gold_loss":0}],"is_beta":true,"boss_relics":[{"not_picked":["HoveringKite","Calling Bell"],"picked":"Sozu"},{"not_picked":["Coffee Dripper","Eternal Feather"],"picked":"Ring of the Serpent"}],"items_purged_floors":[2,21],"is_endless":false,"potions_floor_spawned":[1,5,7,10,13,16,24,25,27,28,30,35],"killed_by":"2 Orb Walkers","ascension_level":17}