{"gold_per_floor":[110,185,198,69,81,81,109,109,135,147,193,225,253,265],"floor_reached":14,"playtime":2383,"items_purged":["Normality"],"score":110,"play_id":"2ae9ba9a-b49e-44e8-aae7-ec3757720a3f","local_time":"20190912120234","is_ascension_mode":true,"campfire_choices":[{"floor":6,"key":"RECALL"},{"floor":8,"key":"REST"}],"neow_cost":"CURSE","seed_source_timestamp":895358006600,"circlet_count":0,"master_deck":["Strike_R","Strike_R","Strike_R","Strike_R","Strike_R","Defend_R","Defend_R","Defend_R","Defend_R","Bash","Forethought","Dark Shackles","Feel No Pain","Armaments","Warcry","Wild Strike","Inflame","Fire Breathing","Offering","Power Through"],"relics":["Burning Blood","Juzu Bracelet","MawBank","Golden Idol","Red Skull"],"potions_floor_usage":[7],"damage_taken":[{"damage":8,"enemies":"Small Slimes","floor":1,"turns":3},{"damage":2,"enemies":"Cultist","floor":3,"turns":5},{"damage":12,"enemies":"2 Louse","floor":5,"turns":4},{"damage":29,"enemies":"Gremlin Nob","floor":7,"turns":5},{"damage":51,"enemies":"Lagavulin","floor":11,"turns":8},{"damage":18,"enemies":"Large Slime","floor":12,"turns":4},{"damage":6,"enemies":"Blue Slaver","floor":13,"turns":2},{"damage":20,"enemies":"Exordium Wildlife","floor":14,"turns":2}],"seed_played":"5295810412618015105","potions_obtained":[{"floor":5,"key":"Strength Potion"}],"is_trial":false,"path_per_floor":["M","?","M","$","M","R","E","R","T","?","E","M","M","M"],"character_chosen":"IRONCLAD","items_purchased":["Warcry"],"campfire_rested":1,"item_purchase_floors":[4],"current_hp_per_floor":[78,70,74,74,68,68,45,69,69,69,24,12,12,0],"gold":265,"neow_bonus":"RANDOM_COLORLESS_2","is_prod":false,"is_daily":false,"chose_seed":false,"campfire_upgraded":0,"win_rate":0,"timestamp":1568260954,"path_taken":["M","?","M","$","M","R","E","R","T","?","E","M","M","M"],"build_version":"2019-09-10","purchased_purges":1,"victory":false,"max_hp_per_floor":[80,80,80,80,80,80,80,80,80,74,74,74,74,74],"card_choices":[{"not_picked":["Shockwave","Clash"],"picked":"Feel No Pain","floor":1},{"not_picked":["Shrug It Off","Anger"],"picked":"Armaments","floor":3},{"not_picked":["Armaments","Flex"],"picked":"Wild Strike","floor":5},{"not_picked":["Whirlwind","Heavy Blade"],"picked":"Inflame","floor":7},{"not_picked":["Heavy Blade","Rage"],"picked":"Fire Breathing","floor":11},{"not_picked":["Wild Strike","Thunderclap"],"picked":"Offering","floor":12},{"not_picked":["Corruption","Body Slam"],"picked":"Power Through","floor":13}],"player_experience":116569,"relics_obtained":[{"floor":7,"key":"Juzu Bracelet"},{"floor":9,"key":"MawBank"},{"floor":11,"key":"Red Skull"}],"event_choices":[{"damage_healed":0,"gold_gain":75,"player_choice":"Touch","damage_taken":8,"max_hp_gain":0,"max_hp_loss":0,"event_name":"FaceTrader","floor":2,"gold_loss":0},{"damage_healed":0,"gold_gain":0,"player_choice":"Lose Max HP","damage_taken":0,"relics_obtained":["Golden Idol"],"max_hp_gain":0,"max_hp_loss":6,"event_name":"Golden Idol","floor":10,"gold_loss":0}],"is_beta":true,"boss_relics":[],"items_purged_floors":[4],"is_endless":false,"potions_floor_spawned":[5],"killed_by":"Exordium Wildlife","ascension_level":2}