{"gold_per_floor":[110,123,123,73,73,106,118,130],"floor_reached":8,"playtime":387,"items_purged":[],"score":78,"play_id":"1763e666-e303-4755-907a-5752755378b8","local_time":"20181230004400","is_ascension_mode":true,"campfire_choices":[{"floor":7,"key":"REST"}],"neow_cost":"TEN_PERCENT_HP_LOSS","seed_source_timestamp":612216800499419,"circlet_count":0,"master_deck":["Defend_G","Defend_G","Defend_G","Defend_G","Strike_G","Strike_G","Strike_G","Survivor","Neutralize","Infinite Blades","Underhanded Strike","Dodge and Roll","Accuracy","Regret","Bullet Time"],"relics":["Ring of the Snake","Happy Flower","Pantograph","MawBank"],"potions_floor_usage":[],"damage_taken":[{"damage":0,"enemies":"Jaw Worm","floor":1,"turns":4},{"damage":3,"enemies":"Small Slimes","floor":2,"turns":6},{"damage":53,"enemies":"Gremlin Nob","floor":6,"turns":6},{"damage":32,"enemies":"Lagavulin","floor":8,"turns":4}],"seed_played":"6472884036894365664","potions_obtained":[],"is_trial":false,"path_per_floor":["M","M","?","?","?","E","R","E"],"character_chosen":"THE_SILENT","items_purchased":[],"campfire_rested":1,"item_purchase_floors":[],"current_hp_per_floor":[63,60,57,57,57,4,22,0],"gold":130,"neow_bonus":"TRANSFORM_TWO_CARDS","is_prod":false,"is_daily":false,"chose_seed":false,"campfire_upgraded":0,"win_rate":0,"timestamp":1546148640,"path_taken":["M","M","?","?","?","E","R","E"],"build_version":"2018-12-20","purchased_purges":0,"victory":false,"max_hp_per_floor":[63,63,63,63,63,63,63,63],"card_choices":[{"not_picked":["Deflect","Masterful Stab"],"picked":"Dodge and Roll","floor":1},{"not_picked":["Cloak And Dagger","Blade Dance"],"picked":"Accuracy","floor":2},{"not_picked":["Infinite Blades","Poisoned Stab"],"picked":"Bullet Time","floor":6}],"player_experience":220762,"relics_obtained":[{"floor":6,"key":"MawBank"}],"event_choices":[{"damage_healed":0,"gold_gain":0,"player_choice":"Success","damage_taken":3,"relics_obtained":["Happy Flower"],"max_hp_gain":0,"max_hp_loss":0,"event_name":"Scrap Ooze","floor":3,"gold_loss":0},{"cards_removed":["Strike_G"],"damage_healed":0,"gold_gain":0,"player_choice":"Card Removal","damage_taken":0,"max_hp_gain":0,"max_hp_loss":0,"event_name":"The Cleric","floor":4,"gold_loss":50},{"damage_healed":0,"gold_gain":0,"player_choice":"Box","damage_taken":0,"relics_obtained":["Pantograph"],"max_hp_gain":0,"max_hp_loss":0,"event_name":"Big Fish","floor":5,"gold_loss":0,"cards_obtained":["Regret"]}],"is_beta":false,"boss_relics":[],"items_purged_floors":[],"is_endless":false,"potions_floor_spawned":[],"killed_by":"Lagavulin","ascension_level":9}