{"gold_per_floor":[116,128,141,291,305,305,339,339,393,424,424,436,455,205,205,284,284,303,313,6,6,6,6,6],"floor_reached":24,"playtime":1352,"items_purged":["Doubt","Strike_R"],"score":361,"play_id":"5c15fa3d-5cb9-4ace-a11e-7be3b0ad0cc5","local_time":"20190311220315","is_ascension_mode":true,"campfire_choices":[{"data":"Shrug It Off","floor":6,"key":"SMITH"},{"data":"Armaments","floor":8,"key":"SMITH"},{"floor":15,"key":"REST"},{"data":"Uppercut","floor":23,"key":"SMITH"}],"neow_cost":"NONE","seed_source_timestamp":153863155951614,"circlet_count":0,"master_deck":["AscendersBane","Strike_R","Strike_R","Strike_R","Strike_R","Defend_R","Defend_R","Defend_R","Defend_R","Bash+1","Shrug It Off+1","Inflame","Headbutt","Anger","Armaments+1","Uppercut+1","True Grit","Metallicize+1","Mayhem+1","Immolate","Iron Wave","Iron Wave+1","Mayhem+1","RitualDagger"],"relics":["Burning Blood","Frozen Egg 2","Bronze Scales","Boot","Runic Cube","DollysMirror"],"potions_floor_usage":[7,12,12,19],"damage_taken":[{"damage":6,"enemies":"Cultist","floor":1,"turns":4},{"damage":9,"enemies":"Jaw Worm","floor":2,"turns":4},{"damage":9,"enemies":"Small Slimes","floor":3,"turns":3},{"damage":18,"enemies":"3 Louse","floor":5,"turns":4},{"damage":18,"enemies":"Gremlin Nob","floor":7,"turns":4},{"damage":21,"enemies":"3 Sentries","floor":10,"turns":7},{"damage":10,"enemies":"2 Fungi Beasts","floor":12,"turns":3},{"damage":4,"enemies":"Blue Slaver","floor":13,"turns":4},{"damage":3,"enemies":"The Guardian","floor":16,"turns":9},{"damage":13,"enemies":"Spheric Guardian","floor":18,"turns":4},{"damage":16,"enemies":"Shell Parasite","floor":19,"turns":5},{"damage":48,"enemies":"Book of Stabbing","floor":24,"turns":5}],"seed_played":"-8602051247769300521","potions_obtained":[{"floor":5,"key":"AttackPotion"},{"floor":7,"key":"SteroidPotion"},{"floor":10,"key":"PowerPotion"},{"floor":18,"key":"AttackPotion"}],"is_trial":false,"path_per_floor":["M","M","M","?","M","R","E","R","T","E","?","M","M","$","R","B",null,"M","M","$","?","?","R","E"],"character_chosen":"IRONCLAD","items_purchased":["Mayhem+1","DollysMirror"],"campfire_rested":1,"item_purchase_floors":[14,20],"current_hp_per_floor":[68,65,62,62,50,50,38,38,38,23,18,14,16,16,38,41,67,60,50,50,44,44,44,0],"gold":6,"neow_bonus":"UPGRADE_CARD","is_prod":false,"is_daily":false,"chose_seed":false,"campfire_upgraded":3,"win_rate":0,"timestamp":1552338195,"path_taken":["M","M","M","?","M","R","E","R","T","E","?","M","M","$","R","BOSS","M","M","$","?","?","R","E"],"build_version":"2019-02-06","purchased_purges":2,"victory":false,"max_hp_per_floor":[75,75,75,75,75,75,75,75,75,75,75,75,75,75,75,75,75,75,75,75,75,75,75,75],"card_choices":[{"not_picked":["Perfected Strike","Heavy Blade"],"picked":"Shrug It Off","floor":1},{"not_picked":["Cleave","Pommel Strike"],"picked":"Inflame","floor":2},{"not_picked":["Warcry","Intimidate"],"picked":"Headbutt","floor":3},{"not_picked":["Clash","Perfected Strike"],"picked":"Anger","floor":5},{"not_picked":["Brutality","Twin Strike"],"picked":"Armaments","floor":7},{"not_picked":["Whirlwind","Dropkick"],"picked":"Uppercut","floor":10},{"not_picked":["Seeing Red","Searing Blow"],"picked":"True Grit","floor":12},{"not_picked":["Pummel","Wild Strike"],"picked":"Metallicize+1","floor":13},{"not_picked":["Reaper","Fiend Fire"],"picked":"Immolate","floor":16},{"not_picked":["Pummel","Cleave"],"picked":"Iron Wave","floor":18},{"not_picked":["Perfected Strike","Sentinel+1"],"picked":"Iron Wave+1","floor":19}],"player_experience":185157,"relics_obtained":[{"floor":7,"key":"Frozen Egg 2"},{"floor":9,"key":"Bronze Scales"},{"floor":10,"key":"Boot"}],"event_choices":[{"damage_healed":0,"gold_gain":150,"player_choice":"AGREE","damage_taken":0,"max_hp_gain":0,"max_hp_loss":0,"event_name":"Liars Game","floor":4,"gold_loss":0,"cards_obtained":["Doubt"]},{"damage_healed":0,"gold_gain":0,"player_choice":"Fled","damage_taken":5,"max_hp_gain":0,"max_hp_loss":0,"event_name":"Scrap Ooze","floor":11,"gold_loss":0},{"damage_healed":0,"gold_gain":0,"player_choice":"Joined the Cult","damage_taken":6,"max_hp_gain":0,"max_hp_loss":0,"event_name":"Nest","floor":21,"gold_loss":0,"cards_obtained":["RitualDagger"]},{"damage_healed":0,"gold_gain":0,"player_choice":"Ignored","damage_taken":0,"max_hp_gain":0,"max_hp_loss":0,"event_name":"Beggar","floor":22,"gold_loss":0}],"is_beta":true,"boss_relics":[{"not_picked":["Tiny House","Runic Pyramid"],"picked":"Runic Cube"}],"items_purged_floors":[14,20],"is_endless":false,"potions_floor_spawned":[5,7,10,18],"killed_by":"Book of Stabbing","ascension_level":15}