{"gold_per_floor":[110,129,145,159,169,169,201,218,241,276,286,286,305,324,324,427,427,438,438,438,457,469,498,498,498,521,537,462,462,243,256,256,360,360,380,102,102,202,222,232,232,245,245,262,160,160,160,177,177,177],"floor_reached":50,"playtime":5962,"items_purged":["Strike_B","Strike_B"],"score":530,"play_id":"c2de5db1-56ad-4f17-ab60-c4c89a72fb9a","local_time":"20181026174952","is_ascension_mode":false,"campfire_choices":[{"data":"Panacea","floor":6.0,"key":"SMITH"},{"floor":15.0,"key":"REST"},{"floor":25.0,"key":"REST"},{"floor":29.0,"key":"REST"},{"floor":32.0,"key":"REST"},{"floor":41,"key":"REST"},{"floor":47,"key":"REST"},{"floor":49,"key":"REST"}],"neow_cost":"NONE","seed_source_timestamp":0,"circlet_count":0,"master_deck":["Strike_B","Defend_B","Defend_B","Defend_B","Defend_B","Zap","Dualcast","Panacea+1","Gash","Scrape","FTL","Steam Power","Cold Snap","Hologram","All For One","Undo","FTL","Loop","Streamline","Go for the Eyes","Scrape","Echo Form","Cold Snap+1","Metamorphosis","Reinforced Body","Undo","Fission","Hologram+1","Blizzard","Streamline","Beam Cell","Gash","Gash+1","All For One","Cold Snap","Go for the Eyes+1"],"special_seed":0,"relics":["Cracked Core","Smiling Mask","Lantern","Oddly Smooth Stone","Fusion Hammer","Potion Belt","Centennial Puzzle","Anchor","Eternal Feather","HandDrill","Pocketwatch","Question Card"],"potions_floor_usage":[],"damage_taken":[{"damage":0.0,"enemies":"Small Slimes","floor":1.0,"turns":2.0},{"damage":0.0,"enemies":"2 Louse","floor":2.0,"turns":2.0},{"damage":1.0,"enemies":"Cultist","floor":3.0,"turns":3.0},{"damage":5.0,"enemies":"Looter","floor":4.0,"turns":3.0},{"damage":0.0,"enemies":"2 Fungi Beasts","floor":5.0,"turns":2.0},{"damage":17.0,"enemies":"3 Sentries","floor":7.0,"turns":7.0},{"damage":8.0,"enemies":"Large Slime","floor":8.0,"turns":4.0},{"damage":26.0,"enemies":"Gremlin Nob","floor":10.0,"turns":4.0},{"damage":6.0,"enemies":"Red Slaver","floor":11.0,"turns":3.0},{"damage":0.0,"enemies":"Lots of Slimes","floor":13.0,"turns":2.0},{"damage":4.0,"enemies":"Exordium Wildlife","floor":14.0,"turns":2.0},{"damage":26.0,"enemies":"The Guardian","floor":16.0,"turns":11.0},{"damage":20.0,"enemies":"Spheric Guardian","floor":18.0,"turns":5.0},{"damage":0.0,"enemies":"Chosen","floor":21.0,"turns":3.0},{"damage":18.0,"enemies":"Shelled Parasite and Fungi","floor":22.0,"turns":4.0},{"damage":27.0,"enemies":"Book of Stabbing","floor":23.0,"turns":5.0},{"damage":0.0,"enemies":"Cultist and Chosen","floor":27.0,"turns":5.0},{"damage":11.0,"enemies":"Snake Plant","floor":31.0,"turns":4.0},{"damage":24.0,"enemies":"Collector","floor":33.0,"turns":11.0},{"damage":17.0,"enemies":"Orb Walker","floor":35.0,"turns":4.0},{"damage":22,"enemies":"Mind Bloom Boss Battle","floor":38,"turns":8},{"damage":22,"enemies":"3 Darklings","floor":39,"turns":8},{"damage":21,"enemies":"Sphere and 2 Shapes","floor":40,"turns":12},{"damage":27,"enemies":"Maw","floor":42,"turns":7},{"damage":1,"enemies":"Transient","floor":44,"turns":5},{"damage":0,"enemies":"Sphere and 2 Shapes","floor":48,"turns":7},{"damage":94,"enemies":"Awakened One","floor":50,"turns":6}],"seed_played":"-8429998625041375003","potions_obtained":[{"floor":7.0,"key":"Swift Potion"},{"floor":10.0,"key":"FearPotion"},{"floor":11.0,"key":"Explosive Potion"},{"floor":23.0,"key":"AttackPotion"},{"floor":33.0,"key":"FocusPotion"},{"floor":35.0,"key":"FocusPotion"},{"floor":37,"key":"EntropicBrew"},{"floor":38,"key":"PowerPotion"}],"is_trial":false,"path_per_floor":["M","M","M","M","M","R","E","M","T","E","M","?","M","M","R","B",null,"M","?","?","M","M","E","?","R","T","M","?","R","$","M","R","B",null,"M","$","?","?","M","M","R","M","T","M","$","?","R","M","R"],"character_chosen":"DEFECT","items_purchased":["Metamorphosis","Reinforced Body","Blizzard","HandDrill","Cold Snap"],"campfire_rested":7,"item_purchase_floors":[30,30,36,36,45],"current_hp_per_floor":[75,75,74,69,69,69,52,44,44,18,12,12,12,8,30,4,75,55,41,90,90,72,45,45,72,72,72,72,90,90,79,90,66,90,73,73,73,51,29,8,53,26,26,25,25,25,73,73,90,0],"gold":177,"neow_bonus":"RANDOM_COLORLESS","is_prod":false,"is_daily":false,"chose_seed":false,"campfire_upgraded":1,"win_rate":0.0,"timestamp":1540590592,"path_taken":["M","M","M","M","M","R","E","M","T","E","M","?","M","M","R","BOSS","M","?","?","?","M","E","?","R","T","M","?","R","?","M","R","BOSS","M","$","?","?","?","M","R","M","T","M","$","?","R","M","R","BOSS"],"build_version":"2018-10-25v2","purchased_purges":2,"victory":false,"max_hp_per_floor":[75,75,75,75,75,75,75,75,75,75,75,75,75,75,75,75,75,75,80,90,90,90,90,90,90,90,90,90,90,90,90,90,90,90,90,90,90,90,90,90,90,90,90,90,90,90,90,90,90,90],"card_choices":[{"not_picked":["Streamline","BootSequence"],"picked":"Gash","floor":1.0},{"not_picked":["Compile Driver","Coolheaded"],"picked":"Scrape","floor":2.0},{"not_picked":["Coolheaded","Self Repair"],"picked":"FTL","floor":3.0},{"not_picked":["Ball Lightning","Redo"],"picked":"Steam Power","floor":4.0},{"not_picked":["Heatsinks","Leap"],"picked":"Cold Snap","floor":5.0},{"not_picked":["Darkness","Stack"],"picked":"Hologram","floor":7.0},{"not_picked":["Redo","Compile Driver"],"picked":"All For One","floor":8.0},{"not_picked":["Leap","Auto Shields"],"picked":"Undo","floor":10.0},{"not_picked":["Conserve Battery","Stack"],"picked":"FTL","floor":11.0},{"not_picked":["Ball Lightning","Lockon"],"picked":"Loop","floor":13.0},{"not_picked":["Capacitor","Steam"],"picked":"Streamline","floor":14.0},{"not_picked":["Seek","Biased Cognition"],"picked":"Creative AI","floor":16.0},{"not_picked":["Sweeping Beam","Redo"],"picked":"Go for the Eyes","floor":18.0},{"not_picked":["Redo","FTL"],"picked":"Scrape","floor":21.0},{"not_picked":["Tempest","Sweeping Beam"],"picked":"Hello World+1","floor":22.0},{"not_picked":["Barrage","Compile Driver"],"picked":"Echo Form","floor":23.0},{"not_picked":["Conserve Battery","Heatsinks"],"picked":"Cold Snap+1","floor":27.0},{"not_picked":["Go for the Eyes","Defragment"],"picked":"Undo","floor":31.0},{"not_picked":["Amplify","Biased Cognition"],"picked":"Fission","floor":33.0},{"not_picked":["Storm","Lockon+1"],"picked":"Hologram+1","floor":35.0},{"not_picked":["Hello World","Leap"],"picked":"Streamline","floor":38},{"not_picked":["Barrage+1","Steam+1"],"picked":"Beam Cell","floor":39},{"not_picked":["Scrape","Reprogram+1"],"picked":"Gash","floor":40},{"not_picked":["Conserve Battery","Auto Shields"],"picked":"Gash+1","floor":42},{"not_picked":["Stack","Static Discharge","Barrage+1"],"picked":"All For One","floor":44},{"not_picked":["Loop","Tempest","Streamline"],"picked":"Go for the Eyes+1","floor":48}],"player_experience":40143,"relics_obtained":[{"floor":7.0,"key":"Smiling Mask"},{"floor":9.0,"key":"Lantern"},{"floor":10.0,"key":"Oddly Smooth Stone"},{"floor":23.0,"key":"Potion Belt"},{"floor":26.0,"key":"Anchor"},{"floor":38,"key":"Pocketwatch"},{"floor":43,"key":"Question Card"}],"event_choices":[{"damage_healed":0.0,"max_hp_gain":0.0,"max_hp_loss":0.0,"gold_gain":0.0,"event_name":"Liars Game","player_choice":"Ignored","floor":12.0,"gold_loss":0.0,"damage_taken":0.0},{"damage_healed":0.0,"max_hp_gain":5.0,"max_hp_loss":0.0,"gold_gain":0.0,"event_name":"Forgotten Altar","player_choice":"Shed Blood","floor":19.0,"gold_loss":0.0,"damage_taken":19.0},{"cards_removed":["Creative AI"],"damage_healed":39.0,"max_hp_gain":10.0,"max_hp_loss":0.0,"gold_gain":0.0,"event_name":"Bonfire Elementals","player_choice":"Offered Rare","floor":20.0,"gold_loss":0.0,"damage_taken":0.0},{"damage_healed":0.0,"max_hp_gain":0.0,"max_hp_loss":0.0,"gold_gain":0.0,"event_name":"The Mausoleum","player_choice":"Opened","floor":24.0,"gold_loss":0.0,"damage_taken":0.0,"relics_obtained":["Centennial Puzzle"]},{"cards_removed":["Strike_B"],"damage_healed":0.0,"max_hp_gain":0.0,"max_hp_loss":0.0,"gold_gain":0.0,"event_name":"Beggar","player_choice":"Gave Gold","floor":28.0,"gold_loss":75.0,"damage_taken":0.0},{"damage_healed":0,"gold_gain":0,"player_choice":"Got Potions","damage_taken":0,"max_hp_gain":0,"max_hp_loss":0,"event_name":"The Lab","floor":37,"gold_loss":0},{"damage_healed":0,"gold_gain":0,"player_choice":"Fight","damage_taken":0,"max_hp_gain":0,"max_hp_loss":0,"event_name":"MindBloom","floor":38,"gold_loss":0},{"cards_removed":["Hello World"],"damage_healed":0,"gold_gain":0,"player_choice":"Removed Power","damage_taken":0,"max_hp_gain":0,"max_hp_loss":0,"event_name":"Falling","floor":46,"gold_loss":0}],"is_beta":false,"boss_relics":[{"not_picked":["Tiny House","White Beast Statue"],"picked":"Fusion Hammer"},{"not_picked":["Sozu","Coffee Dripper"],"picked":"Eternal Feather"}],"items_purged_floors":[36,45],"is_endless":false,"potions_floor_spawned":[7,10,11,13,16,23,33,35,38],"killed_by":"Awakened One","ascension_level":0}