{"gold_per_floor":[118,130,205,205,216,216,234,234,258,258,268,294,160,160,160,160],"floor_reached":16,"playtime":945,"items_purged":["Strike_G"],"score":150,"play_id":"79bfb235-6aec-4da6-bc35-324e50d3e29a","local_time":"20190103192300","is_ascension_mode":true,"campfire_choices":[{"data":"Leg Sweep","floor":6,"key":"SMITH"},{"floor":8,"key":"REST"},{"floor":15,"key":"REST"}],"neow_cost":"NONE","seed_source_timestamp":1024412891666268,"circlet_count":0,"master_deck":["AscendersBane","Defend_G","Defend_G","Defend_G","Defend_G","Strike_G","Strike_G","Strike_G","Strike_G","Survivor","Neutralize","Leg Sweep+1","Backflip","Well Laid Plans","Discovery","Die Die Die"],"relics":["Ring of the Snake","NeowsBlessing","Smiling Mask","Kunai","Bag of Marbles"],"potions_floor_usage":[12,16],"damage_taken":[{"damage":0,"enemies":"Jaw Worm","floor":1,"turns":1},{"damage":0,"enemies":"2 Louse","floor":2,"turns":1},{"damage":0,"enemies":"Cultist","floor":5,"turns":1},{"damage":6,"enemies":"2 Fungi Beasts","floor":7,"turns":6},{"damage":0,"enemies":"Red Slaver","floor":11,"turns":5},{"damage":49,"enemies":"Lagavulin","floor":12,"turns":16},{"damage":35,"enemies":"Hexaghost","floor":16,"turns":16}],"seed_played":"4265537954215576611","potions_obtained":[{"floor":11,"key":"Dexterity Potion"},{"floor":12,"key":"FearPotion"}],"is_trial":false,"path_per_floor":["M","M","?","?","M","R","M","R","T","T","M","E","$","?","R","B"],"character_chosen":"THE_SILENT","items_purchased":["Discovery"],"campfire_rested":2,"item_purchase_floors":[13],"current_hp_per_floor":[63,63,52,45,45,45,39,60,60,60,60,11,11,11,32,0],"gold":160,"neow_bonus":"THREE_ENEMY_KILL","is_prod":false,"is_daily":false,"chose_seed":false,"campfire_upgraded":1,"win_rate":0,"timestamp":1546561380,"path_taken":["M","M","?","?","M","R","M","R","T","?","?","E","$","?","R","BOSS"],"build_version":"2018-12-20","purchased_purges":1,"victory":false,"max_hp_per_floor":[70,70,70,70,70,70,70,70,70,70,70,70,70,70,70,70],"card_choices":[{"not_picked":["Poisoned Stab","Deflect","Predator"],"picked":"SKIP","floor":1},{"not_picked":["Poisoned Stab","Outmaneuver"],"picked":"Leg Sweep","floor":2},{"not_picked":["Underhanded Strike","Dagger Throw","Predator"],"picked":"SKIP","floor":5},{"not_picked":["Storm of Steel","Infinite Blades"],"picked":"Backflip","floor":7},{"not_picked":["Deadly Poison","Flying Knee","Endless Agony"],"picked":"SKIP","floor":11},{"not_picked":["Caltrops","Quick Slash"],"picked":"Well Laid Plans","floor":12}],"player_experience":240989,"relics_obtained":[{"floor":9,"key":"Smiling Mask"},{"floor":10,"key":"Kunai"},{"floor":12,"key":"Bag of Marbles"}],"event_choices":[{"damage_healed":0,"gold_gain":75,"player_choice":"Gather Gold","damage_taken":11,"max_hp_gain":0,"max_hp_loss":0,"event_name":"World of Goop","floor":3,"gold_loss":0},{"cards_removed":["Defend_G"],"damage_healed":0,"gold_gain":0,"player_choice":"Card Removal","damage_taken":7,"max_hp_gain":0,"max_hp_loss":0,"event_name":"Golden Wing","floor":4,"gold_loss":0},{"damage_healed":0,"gold_gain":0,"player_choice":"1 cards matched","damage_taken":0,"max_hp_gain":0,"max_hp_loss":0,"event_name":"Match and Keep!","floor":14,"gold_loss":0,"cards_obtained":["Die Die Die"]}],"is_beta":false,"boss_relics":[],"items_purged_floors":[13],"is_endless":false,"potions_floor_spawned":[11,12],"killed_by":"Hexaghost","ascension_level":10}