{"gold_per_floor":[119,131,131,406,44,44,103,103,103,119,119,119,119,132,132,132],"floor_reached":16,"playtime":580,"items_purged":[],"score":196,"play_id":"e7bf6354-d3cb-4fcf-9fbb-95e23fe107d5","local_time":"20190830160132","is_ascension_mode":true,"campfire_choices":[{"data":"Neutralize","floor":6.0,"key":"SMITH"},{"data":"Footwork","floor":8,"key":"SMITH"},{"data":"Cloak And Dagger","floor":13,"key":"SMITH"},{"data":"Noxious Fumes","floor":15,"key":"SMITH"}],"neow_cost":"NONE","seed_source_timestamp":356951780423100,"circlet_count":0,"master_deck":["AscendersBane","Strike_G","Strike_G","Strike_G","Strike_G","Strike_G","Defend_G","Defend_G","Defend_G","Defend_G","Defend_G","Survivor","Neutralize+1","Shame","Injury","Dagger Throw+1","Dagger Throw+1","Normality","Footwork+1","Poisoned Stab+1","PiercingWail","Glass Knife+1","Cloak And Dagger+1","Noxious Fumes+1"],"special_seed":0,"relics":["Calling Bell","Juzu Bracelet","Molten Egg 2","Incense Burner","Anchor","Tiny Chest","Dodecahedron"],"potions_floor_usage":[7,16],"damage_taken":[{"damage":1.0,"enemies":"2 Louse","floor":1.0,"turns":5.0},{"damage":9.0,"enemies":"Cultist","floor":2.0,"turns":4.0},{"damage":20,"enemies":"3 Sentries","floor":7,"turns":8},{"damage":0,"enemies":"Small Slimes","floor":10,"turns":2},{"damage":0,"enemies":"Looter","floor":14,"turns":3},{"damage":36,"enemies":"Slime Boss","floor":16,"turns":7}],"seed_played":"-6845316165458397012","potions_obtained":[{"floor":7,"key":"Dexterity Potion"}],"is_trial":false,"path_per_floor":["M","M","?","?","$","R","E","R","T","M","?","?","R","M","R","B"],"character_chosen":"THE_SILENT","items_purchased":["Footwork","Anchor","Poisoned Stab+1","PiercingWail","Strength Potion"],"campfire_rested":0,"item_purchase_floors":[5,5,5,5,5],"current_hp_per_floor":[58,49,49,49,49,49,29,29,29,29,29,29,29,29,29,0],"gold":132,"neow_bonus":"BOSS_RELIC","is_prod":false,"is_daily":false,"chose_seed":false,"campfire_upgraded":4,"win_rate":0,"timestamp":1567195292,"path_taken":["M","M","?","?","?","R","E","R","T","M","?","?","R","M","R","BOSS"],"build_version":"2019-07-17","purchased_purges":0,"victory":false,"max_hp_per_floor":[66,66,66,66,66,66,66,66,66,66,66,66,66,66,66,66],"card_choices":[{"not_picked":["Reflex","Prepared"],"picked":"Dagger Throw+1","floor":1.0},{"not_picked":["Slice+1","Sucker Punch+1"],"picked":"Dagger Throw+1","floor":2.0},{"not_picked":["Infinite Blades","Bane+1"],"picked":"Glass Knife+1","floor":7},{"not_picked":["Choke+1","Heel Hook+1"],"picked":"Cloak And Dagger","floor":10},{"not_picked":["Sucker Punch+1","Dodge and Roll"],"picked":"Noxious Fumes","floor":14}],"player_experience":757419,"relics_obtained":[{"floor":0.0,"key":"Juzu Bracelet"},{"floor":0.0,"key":"Molten Egg 2"},{"floor":0.0,"key":"Incense Burner"},{"floor":7,"key":"Tiny Chest"},{"floor":9,"key":"Dodecahedron"}],"event_choices":[{"damage_healed":0.0,"max_hp_gain":0.0,"max_hp_loss":0.0,"gold_gain":0.0,"cards_transformed":["Pain"],"event_name":"Transmorgrifier","player_choice":"Transformed","floor":3.0,"gold_loss":0.0,"damage_taken":0.0,"cards_obtained":["Normality"]},{"damage_healed":0.0,"max_hp_gain":0.0,"max_hp_loss":0.0,"gold_gain":275.0,"event_name":"Golden Shrine","player_choice":"Desecrate","floor":4.0,"gold_loss":0.0,"damage_taken":0.0,"cards_obtained":["Regret"]},{"cards_removed":["Regret"],"damage_healed":0,"gold_gain":0,"player_choice":"Purged","damage_taken":0,"max_hp_gain":0,"max_hp_loss":0,"event_name":"Purifier","floor":11,"gold_loss":0},{"damage_healed":0,"gold_gain":0,"player_choice":"Ignored","damage_taken":0,"max_hp_gain":0,"max_hp_loss":0,"event_name":"Golden Idol","floor":12,"gold_loss":0}],"is_beta":false,"boss_relics":[],"items_purged_floors":[],"is_endless":false,"potions_floor_spawned":[7],"killed_by":"Slime Boss","ascension_level":20}