{"gold_per_floor":[115,130,150,150,161,193,193,193,193,193,203,229,247,272,272,372,372,382,400,325,325,340,359,359,387,387,387,406,83,83,83,83,179,179,195,10,10,29,44,44,56,56,56,67,83,83,83,83,83,83,83,83,43,78,78],"floor_reached":55,"playtime":4580,"items_purged":["Strike_G","Strike_G"],"score":968,"play_id":"df6a1584-1ea7-4709-ac68-50ee37f43c1c","local_time":"20190206161957","is_ascension_mode":true,"campfire_choices":[{"data":"Dash","floor":7.0,"key":"SMITH"},{"floor":10.0,"key":"REST"},{"data":"Catalyst","floor":15.0,"key":"SMITH"},{"floor":24.0,"key":"REST"},{"data":"Noxious Fumes","floor":27.0,"key":"SMITH"},{"data":"Bane","floor":30.0,"key":"SMITH"},{"floor":32.0,"key":"REST"},{"data":"Envenom","floor":40.0,"key":"SMITH"},{"floor":42,"key":"RECALL"},{"data":"Footwork","floor":46,"key":"SMITH"},{"data":"Well Laid Plans","floor":49,"key":"SMITH"},{"floor":52,"key":"REST"}],"neow_cost":"NONE","seed_source_timestamp":0,"circlet_count":0,"master_deck":["Defend_G","Defend_G","Defend_G","Defend_G","Strike_G","Strike_G","Strike_G","Survivor","Neutralize+1","Deadly Poison","PiercingWail","Deadly Poison","Footwork+1","Dash+1","Well Laid Plans+1","Noxious Fumes","Blur","Catalyst+1","Corpse Explosion","Blur","Noxious Fumes+1","Poisoned Stab","Bane+1","Poisoned Stab","RitualDagger","Envenom+1","Riddle With Holes+1","Dark Shackles","Backstab","Crippling Poison","Deadly Poison+1","Doubt","Madness","Madness","Leg Sweep","Sucker Punch+1"],"special_seed":0,"relics":["Ring of the Snake","Centennial Puzzle","Du-Vu Doll","Meat on the Bone","Kunai","Gremlin Horn","Mango","Velvet Choker","Darkstone Periapt","Mummified Hand","Sozu","Letter Opener","Shuriken"],"potions_floor_usage":[50,55],"damage_taken":[{"damage":0.0,"enemies":"Small Slimes","floor":1.0,"turns":4.0},{"damage":2.0,"enemies":"Jaw Worm","floor":2.0,"turns":4.0},{"damage":1.0,"enemies":"Cultist","floor":3.0,"turns":4.0},{"damage":0.0,"enemies":"2 Fungi Beasts","floor":5.0,"turns":4.0},{"damage":22.0,"enemies":"3 Sentries","floor":6.0,"turns":9.0},{"damage":6.0,"enemies":"Exordium Wildlife","floor":11.0,"turns":6.0},{"damage":28.0,"enemies":"Gremlin Nob","floor":12.0,"turns":6.0},{"damage":5.0,"enemies":"Gremlin Gang","floor":13.0,"turns":4.0},{"damage":11.0,"enemies":"Lagavulin","floor":14.0,"turns":7.0},{"damage":0.0,"enemies":"Hexaghost","floor":16.0,"turns":8.0},{"damage":12.0,"enemies":"2 Thieves","floor":18.0,"turns":3.0},{"damage":0.0,"enemies":"Spheric Guardian","floor":19.0,"turns":5.0},{"damage":13.0,"enemies":"Snecko","floor":22.0,"turns":6.0},{"damage":0.0,"enemies":"3 Cultists","floor":23.0,"turns":3.0},{"damage":5.0,"enemies":"Gremlin Leader","floor":25.0,"turns":6.0},{"damage":4.0,"enemies":"Centurion and Healer","floor":28.0,"turns":5.0},{"damage":2.0,"enemies":"Champ","floor":33.0,"turns":9.0},{"damage":9.0,"enemies":"Orb Walker","floor":35.0,"turns":3.0},{"damage":1.0,"enemies":"3 Darklings","floor":38.0,"turns":2.0},{"damage":2.0,"enemies":"4 Shapes","floor":39.0,"turns":6.0},{"damage":17.0,"enemies":"Sphere and 2 Shapes","floor":41.0,"turns":4.0},{"damage":17,"enemies":"Writhing Mass","floor":44,"turns":6},{"damage":0,"enemies":"4 Shapes","floor":45,"turns":6},{"damage":67,"enemies":"Awakened One","floor":50,"turns":13},{"damage":36,"enemies":"Shield and Spear","floor":54,"turns":5},{"damage":54,"enemies":"The Heart","floor":55,"turns":3}],"seed_played":"-5938856043941330503","potions_obtained":[{"floor":5.0,"key":"GhostInAJar"},{"floor":6.0,"key":"GamblersBrew"},{"floor":11.0,"key":"Weak Potion"},{"floor":13.0,"key":"Poison Potion"},{"floor":23.0,"key":"SneckoOil"},{"floor":25.0,"key":"SmokeBomb"},{"floor":33.0,"key":"GamblersBrew"}],"is_trial":false,"path_per_floor":["M","M","M","?","M","E","R","?","T","R","M","E","M","E","R","B",null,"M","M","?","?","M","M","R","E","T","R","M","$","R","?","R","B",null,"M","$","?","M","M","R","M","R","T","M","M","R","?","?","R","B",null,"R","$","E","B"],"character_chosen":"THE_SILENT","items_purchased":["Mummified Hand","Dark Shackles","Leg Sweep"],"campfire_rested":4,"item_purchase_floors":[29,36,53],"current_hp_per_floor":[70,68,67,67,67,45,45,38,38,59,53,37,44,59,59,59,78,66,66,66,58,45,45,70,65,65,65,61,61,61,55,80,78,83,74,74,84,83,81,81,64,64,64,47,47,47,90,79,79,24,74,90,90,54,0],"gold":78,"neow_bonus":"RANDOM_COMMON_RELIC","is_prod":false,"is_daily":false,"chose_seed":false,"campfire_upgraded":7,"win_rate":0,"timestamp":1549498797,"path_taken":["M","M","M","?","M","E","R","?","T","R","M","E","M","E","R","BOSS","M","M","?","?","?","M","R","E","T","R","M","$","R","?","R","BOSS","M","$","?","M","M","R","M","R","T","?","M","R","?","?","R","BOSS","R","$","E","BOSS"],"build_version":"2019-01-23","purchased_purges":2,"victory":false,"max_hp_per_floor":[70,70,70,70,70,70,70,70,70,70,70,70,70,84,84,84,84,84,84,84,84,84,84,84,84,84,84,84,84,84,84,84,84,84,84,84,84,84,84,84,84,84,84,84,84,84,90,90,90,90,90,90,90,90,90],"card_choices":[{"not_picked":["Blade Dance","Acrobatics"],"picked":"Deadly Poison","floor":1.0},{"not_picked":["Deadly Poison","Flying Knee"],"picked":"PiercingWail","floor":2.0},{"not_picked":["Prepared","PiercingWail"],"picked":"Deadly Poison","floor":3.0},{"not_picked":["Quick Slash","Deadly Poison"],"picked":"Footwork","floor":5.0},{"not_picked":["PiercingWail","Dagger Throw"],"picked":"Dash","floor":6.0},{"not_picked":["Dash","Concentrate"],"picked":"Well Laid Plans","floor":11.0},{"not_picked":["Dodge and Roll","Doppelganger"],"picked":"Noxious Fumes","floor":12.0},{"not_picked":["Accuracy","Dodge and Roll"],"picked":"Blur","floor":13.0},{"not_picked":["Expertise","Footwork"],"picked":"Catalyst","floor":14.0},{"not_picked":["Grand Finale","Envenom"],"picked":"Corpse Explosion","floor":16.0},{"not_picked":["Deadly Poison","Deflect+1"],"picked":"Blur","floor":18.0},{"not_picked":["Outmaneuver","Bouncing Flask"],"picked":"Noxious Fumes","floor":19.0},{"not_picked":["Finisher","Outmaneuver"],"picked":"Poisoned Stab","floor":22.0},{"not_picked":["Quick Slash","Grand Finale"],"picked":"Bane","floor":23.0},{"not_picked":["Endless Agony","Prepared"],"picked":"Poisoned Stab","floor":25.0},{"not_picked":["Finisher","Quick Slash","Blade Dance"],"picked":"SKIP","floor":28.0},{"not_picked":["Unload","Malaise"],"picked":"Envenom","floor":33.0},{"not_picked":["Cloak And Dagger+1","Accuracy"],"picked":"Riddle With Holes+1","floor":35.0},{"not_picked":["Acrobatics","Poisoned Stab","Noxious Fumes"],"picked":"SKIP","floor":38.0},{"not_picked":["Prepared+1","Dodge and Roll+1"],"picked":"Backstab","floor":39.0},{"not_picked":["Cloak And Dagger+1","Night Terror","Tactician"],"picked":"SKIP","floor":41},{"not_picked":["Accuracy+1","Infinite Blades"],"picked":"Crippling Poison","floor":44},{"not_picked":["Flying Knee+1","Quick Slash+1"],"picked":"Deadly Poison+1","floor":45},{"not_picked":["Outmaneuver","Bane+1"],"picked":"Sucker Punch+1","floor":54}],"player_experience":938577,"relics_obtained":[{"floor":6.0,"key":"Du-Vu Doll"},{"floor":9.0,"key":"Kunai"},{"floor":12.0,"key":"Gremlin Horn"},{"floor":14.0,"key":"Mango"},{"floor":25.0,"key":"Darkstone Periapt"},{"floor":43,"key":"Letter Opener"},{"floor":54,"key":"Shuriken"}],"event_choices":[{"damage_healed":0.0,"max_hp_gain":0.0,"max_hp_loss":0.0,"gold_gain":0.0,"event_name":"Living Wall","player_choice":"Grow","floor":4.0,"gold_loss":0.0,"damage_taken":0.0,"cards_upgraded":["Neutralize"]},{"damage_healed":0.0,"max_hp_gain":0.0,"max_hp_loss":0.0,"gold_gain":0.0,"event_name":"Scrap Ooze","player_choice":"Success","floor":8.0,"gold_loss":0.0,"damage_taken":7.0,"relics_obtained":["Meat on the Bone"]},{"cards_removed":["Defend_G"],"damage_healed":0.0,"max_hp_gain":0.0,"max_hp_loss":0.0,"gold_gain":0.0,"event_name":"Beggar","player_choice":"Gave Gold","floor":20.0,"gold_loss":75.0,"damage_taken":0.0},{"damage_healed":0.0,"max_hp_gain":0.0,"max_hp_loss":0.0,"gold_gain":0.0,"event_name":"Knowing Skull","player_choice":"","floor":21.0,"potions_obtained":[],"gold_loss":0.0,"damage_taken":8.0,"cards_obtained":[]},{"damage_healed":0.0,"max_hp_gain":0.0,"max_hp_loss":0.0,"gold_gain":0.0,"event_name":"Nest","player_choice":"Joined the Cult","floor":31.0,"gold_loss":0.0,"damage_taken":6.0,"cards_obtained":["RitualDagger"]},{"damage_healed":10.0,"max_hp_gain":0.0,"max_hp_loss":0.0,"gold_gain":0.0,"event_name":"Wheel of Change","player_choice":"Full Heal","floor":37.0,"gold_loss":0.0,"damage_taken":0.0},{"damage_healed":37,"gold_gain":0,"player_choice":"Heal","damage_taken":0,"max_hp_gain":0,"max_hp_loss":0,"event_name":"MindBloom","floor":47,"gold_loss":0,"cards_obtained":["Doubt"]},{"damage_healed":0,"gold_gain":0,"player_choice":"Embrace Madness","damage_taken":11,"max_hp_gain":0,"max_hp_loss":0,"event_name":"Winding Halls","floor":48,"gold_loss":0,"cards_obtained":["Madness","Madness"]}],"is_beta":false,"boss_relics":[{"not_picked":["Ring of the Serpent","Black Star"],"picked":"Velvet Choker"},{"not_picked":["White Beast Statue","Calling Bell"],"picked":"Sozu"}],"items_purged_floors":[29,36],"is_endless":false,"potions_floor_spawned":[5,6,11,13,23,25,33,38,39,41,54],"killed_by":"The Heart","ascension_level":5}