{"gold_per_floor":[119,119,132,145,145,145,160,160,160,160,176,209,220,248,248,248],"floor_reached":16,"playtime":555,"items_purged":[],"score":224,"play_id":"8b79672e-3c44-4f5f-b471-773a3b234675","local_time":"20190102220218","is_ascension_mode":true,"campfire_choices":[{"data":"Bash","floor":6.0,"key":"SMITH"},{"data":"True Grit","floor":8.0,"key":"SMITH"},{"data":"Heavy Blade","floor":15,"key":"SMITH"}],"neow_cost":"NONE","seed_source_timestamp":0,"circlet_count":0,"master_deck":["AscendersBane","Strike_R","Strike_R","Strike_R","Strike_R","Strike_R","Defend_R","Defend_R","Defend_R","Defend_R","Bash+1","Twin Strike","Battle Trance","Spot Weakness","True Grit+1","Double Tap","Heavy Blade+1","Clothesline"],"special_seed":0,"relics":["Burning Blood","Kunai","Letter Opener","NlothsMask","Matryoshka","Bag of Preparation"],"potions_floor_usage":[14],"damage_taken":[{"damage":7.0,"enemies":"Cultist","floor":1.0,"turns":4.0},{"damage":3.0,"enemies":"2 Louse","floor":3.0,"turns":3.0},{"damage":9.0,"enemies":"Jaw Worm","floor":4.0,"turns":4.0},{"damage":14.0,"enemies":"Looter","floor":7.0,"turns":4.0},{"damage":4.0,"enemies":"3 Louse","floor":11.0,"turns":2.0},{"damage":25.0,"enemies":"3 Sentries","floor":12.0,"turns":7.0},{"damage":1,"enemies":"2 Fungi Beasts","floor":13,"turns":3},{"damage":25,"enemies":"Lagavulin","floor":14,"turns":4},{"damage":35,"enemies":"The Guardian","floor":16,"turns":8}],"seed_played":"1793788763597613609","potions_obtained":[{"floor":11.0,"key":"Ancient Potion"},{"floor":12.0,"key":"Fire Potion"},{"floor":13,"key":"Strength Potion"}],"is_trial":false,"path_per_floor":["M","$","M","?","R","M","R","T","?","M","E","M","E","R","B"],"character_chosen":"IRONCLAD","items_purchased":[],"campfire_rested":0,"item_purchase_floors":[],"current_hp_per_floor":[74,74,77,74,69,69,61,61,61,61,63,44,49,30,30,0],"gold":248,"neow_bonus":"TEN_PERCENT_HP_BONUS","is_prod":false,"is_daily":false,"chose_seed":false,"campfire_upgraded":3,"win_rate":0,"timestamp":1546495338,"path_taken":["M","$","M","M","?","R","M","R","T","?","M","E","M","E","R","BOSS"],"build_version":"2019-01-01v2","purchased_purges":0,"victory":false,"max_hp_per_floor":[82,82,82,82,82,82,82,82,82,82,82,82,82,82,82,82],"card_choices":[{"not_picked":["Flex","Wild Strike"],"picked":"Twin Strike","floor":1.0},{"not_picked":["Searing Blow","Headbutt"],"picked":"Battle Trance","floor":3.0},{"not_picked":["Dropkick","Havoc"],"picked":"Spot Weakness","floor":4.0},{"not_picked":["Cleave","Rampage"],"picked":"True Grit","floor":7.0},{"not_picked":["Infernal Blade","Body Slam","Wild Strike"],"picked":"SKIP","floor":11.0},{"not_picked":["Clash","Power Through"],"picked":"Double Tap","floor":12.0},{"not_picked":["Searing Blow","Shrug It Off"],"picked":"Heavy Blade","floor":13},{"not_picked":["Clash","Evolve"],"picked":"Clothesline","floor":14}],"player_experience":1155809,"relics_obtained":[{"floor":9.0,"key":"Letter Opener"},{"floor":12.0,"key":"Matryoshka"},{"floor":14,"key":"Bag of Preparation"}],"event_choices":[{"damage_healed":0.0,"max_hp_gain":0.0,"max_hp_loss":0.0,"gold_gain":0.0,"event_name":"Scrap Ooze","player_choice":"Success","floor":5.0,"gold_loss":0.0,"damage_taken":5.0,"relics_obtained":["Kunai"]},{"damage_healed":0.0,"max_hp_gain":0.0,"max_hp_loss":0.0,"gold_gain":0.0,"event_name":"FaceTrader","player_choice":"Trade","floor":10.0,"gold_loss":0.0,"damage_taken":0.0,"relics_obtained":["NlothsMask"]}],"is_beta":true,"boss_relics":[],"items_purged_floors":[],"is_endless":false,"potions_floor_spawned":[11,12,13],"killed_by":"The Guardian","ascension_level":20}