{"gold_per_floor":[368,380,3,13,27,60,70,70,70,105,105,105,105,118,118,118],"floor_reached":16,"playtime":536,"items_purged":["Strike_G"],"score":224,"play_id":"88f09df2-f277-424f-949a-5a1bfcacd2a8","local_time":"20190813173932","is_ascension_mode":true,"campfire_choices":[{"floor":8.0,"key":"REST"},{"data":"Wraith Form v2","floor":11,"key":"SMITH"},{"data":"Noxious Fumes","floor":15,"key":"SMITH"}],"neow_cost":"PERCENT_DAMAGE","seed_source_timestamp":233976725699731,"circlet_count":0,"master_deck":["AscendersBane","Strike_G","Strike_G","Strike_G+1","Strike_G+1","Defend_G","Defend_G","Defend_G","Defend_G","Defend_G","Survivor","Neutralize","Crippling Poison+1","PiercingWail","Predator","Skewer","Deadly Poison","Footwork","Wraith Form v2+1","Noxious Fumes+1"],"special_seed":0,"relics":["Ring of the Snake","TwistedFunnel","Oddly Smooth Stone","Lantern","Whetstone"],"potions_floor_usage":[16,16],"damage_taken":[{"damage":1.0,"enemies":"Small Slimes","floor":1.0,"turns":4.0},{"damage":0.0,"enemies":"2 Louse","floor":2.0,"turns":3.0},{"damage":1.0,"enemies":"Cultist","floor":4.0,"turns":3.0},{"damage":4.0,"enemies":"Exordium Thugs","floor":5.0,"turns":5.0},{"damage":26.0,"enemies":"3 Sentries","floor":6.0,"turns":8.0},{"damage":1.0,"enemies":"Blue Slaver","floor":7.0,"turns":4.0},{"damage":19.0,"enemies":"Lagavulin","floor":10.0,"turns":6.0},{"damage":0,"enemies":"3 Louse","floor":14,"turns":2},{"damage":45,"enemies":"Slime Boss","floor":16,"turns":6}],"seed_played":"8627484233173587631","potions_obtained":[{"floor":5.0,"key":"Poison Potion"},{"floor":7.0,"key":"GamblersBrew"},{"floor":10,"key":"SpeedPotion"},{"floor":14,"key":"Poison Potion"}],"is_trial":false,"path_per_floor":["M","M","$","M","M","E","M","R","T","E","R","?","?","M","R","B"],"character_chosen":"THE_SILENT","items_purchased":["TwistedFunnel","Predator"],"campfire_rested":1,"item_purchase_floors":[3,3],"current_hp_per_floor":[43,43,43,42,38,12,11,30,30,11,11,33,33,33,33,0],"gold":118,"neow_bonus":"TWO_FIFTY_GOLD","is_prod":false,"is_daily":false,"chose_seed":false,"campfire_upgraded":2,"win_rate":0,"timestamp":1565732372,"path_taken":["M","M","$","M","M","E","M","R","T","E","R","?","?","M","R","BOSS"],"build_version":"2019-07-17","purchased_purges":1,"victory":false,"max_hp_per_floor":[66,66,66,66,66,66,66,66,66,66,66,66,66,66,66,66],"card_choices":[{"not_picked":["Deadly Poison","PiercingWail"],"picked":"Crippling Poison","floor":1.0},{"not_picked":["Bane","Sucker Punch"],"picked":"PiercingWail","floor":2.0},{"not_picked":["Prepared","Escape Plan"],"picked":"Skewer","floor":4.0},{"not_picked":["Dagger Throw","Terror","Setup"],"picked":"SKIP","floor":5.0},{"not_picked":["Concentrate","Venomology"],"picked":"Deadly Poison","floor":6.0},{"not_picked":["Dagger Throw","Cloak And Dagger"],"picked":"Footwork","floor":7.0},{"not_picked":["Backflip","Concentrate"],"picked":"Wraith Form v2","floor":10},{"not_picked":["Reflex","Backflip"],"picked":"Noxious Fumes","floor":14}],"player_experience":720865,"relics_obtained":[{"floor":6.0,"key":"Oddly Smooth Stone"},{"floor":9.0,"key":"Lantern"},{"floor":10,"key":"Whetstone"}],"event_choices":[{"damage_healed":22,"gold_gain":0,"player_choice":"Banana","damage_taken":0,"max_hp_gain":0,"max_hp_loss":0,"event_name":"Big Fish","floor":12,"gold_loss":0},{"damage_healed":0,"gold_gain":0,"player_choice":"Forge","damage_taken":0,"max_hp_gain":0,"max_hp_loss":0,"event_name":"Accursed Blacksmith","floor":13,"gold_loss":0,"cards_upgraded":["Crippling Poison"]}],"is_beta":false,"boss_relics":[],"items_purged_floors":[3],"is_endless":false,"potions_floor_spawned":[5,7,10,14],"killed_by":"Slime Boss","ascension_level":20}