{"path_per_floor":["M","M","M","M","M","R","?","R","T","R","M","R","?","E","R","B",null,"M","?","?","?","$","E","T","M","T","E","R","M","R","M","R","B",null,"M","M","M","M","$","R","E","M","T","?","R","?","M","?","R","B"],"character_chosen":"DEFECT","items_purchased":["Torii","Defragment","Streamline","Block Potion","Block Potion","Steam+1"],"gold_per_floor":[11,28,42,60,76,76,76,76,76,76,95,95,95,139,139,235,235,256,256,406,406,28,69,69,90,113,146,146,167,167,181,181,275,275,294,317,335,360,25,25,69,93,93,93,93,93,118,118,118,118],"floor_reached":51,"campfire_rested":3,"playtime":3100,"item_purchase_floors":[],"current_hp_per_floor":[62,61,56,52,44,44,37,37,37,37,36,36,36,31,31,19,54,46,46,46,46,46,24,24,17,17,6,25,25,25,25,44,30,57,57,56,54,33,33,33,23,11,11,11,30,22,22,66,66,64],"items_purged":["Strike_B","Strike_B"],"gold":118,"score":1159,"play_id":"5589a564-0334-4c5a-aadb-40580e8f5990","local_time":"20180608201640","is_prod":false,"is_daily":false,"chose_seed":false,"is_ascension_mode":true,"campfire_upgraded":7,"win_rate":0,"timestamp":1528514200,"campfire_choices":[{"data":"Zap","floor":6.0,"key":"SMITH"},{"data":"Dualcast","floor":8.0,"key":"SMITH"},{"data":"Conserve Battery","floor":10.0,"key":"SMITH"},{"data":"Go for the Eyes","floor":12.0,"key":"SMITH"},{"floor":15.0,"key":"DIG"},{"floor":28,"key":"REST"},{"data":"Capacitor","floor":30,"key":"SMITH"},{"floor":32,"key":"REST"},{"data":"Streamline","floor":40,"key":"SMITH"},{"floor":45,"key":"REST"},{"data":"Defragment","floor":49,"key":"SMITH"}],"path_taken":["M","M","M","M","M","R","?","R","T","R","M","R","?","E","R","BOSS","M","?","?","?","$","E","?","M","T","E","R","M","R","M","R","BOSS","M","M","M","M","$","R","E","M","T","?","R","?","M","?","R","BOSS"],"build_version":"2018-06-07v2","seed_source_timestamp":0,"purchased_purges":2,"victory":true,"master_deck":["Strike_B","Defend_B","Defend_B","Defend_B","Defend_B","Zap+1","Dualcast+1","AscendersBane","Conserve Battery+1","Ball Lightning","Cold Snap","Genetic Algorithm","Go for the Eyes+1","Rainbow+1","All For One","Blizzard","Turbo+1","Hologram+1","Capacitor+1","Hologram+1","Reprogram+1","Fission+1","Beam Cell","Steam+1","Defragment+1","Streamline+1","Steam+1","Chill+1","Madness+1","Madness+1","Glacier+1","Doubt"],"max_hp_per_floor":[71,71,71,71,71,71,71,71,71,71,71,71,66,66,66,66,66,66,66,66,66,66,66,66,66,66,66,66,66,66,66,66,66,66,66,66,66,66,66,66,66,66,66,66,66,66,66,66,66,66],"relics":["Cracked Core","Calipers","Toxic Egg 2","Golden Idol","Shovel","Toolbox","Runic Pyramid","Torii","DataDisk","Symbiotic Virus","Lantern","Potion Belt","Cursed Key","Dodecahedron"],"card_choices":[{"not_picked":["Chill","Double Energy"],"picked":"Conserve Battery","floor":1.0},{"not_picked":["Rebound","Sweeping Beam"],"picked":"Ball Lightning","floor":2.0},{"not_picked":["Stack","Barrage"],"picked":"Cold Snap","floor":3.0},{"not_picked":["Barrage","Leap"],"picked":"Genetic Algorithm","floor":4.0},{"not_picked":["Hello World","Storm","Turbo"],"picked":"SKIP","floor":5.0},{"not_picked":["Redo+1","Scrape"],"picked":"Go for the Eyes","floor":11.0},{"not_picked":["Sweeping Beam","Stack+1"],"picked":"Rainbow+1","floor":14.0},{"not_picked":["Buffer","Seek+1"],"picked":"All For One","floor":16.0},{"not_picked":["Sweeping Beam","Redo+1"],"picked":"Blizzard","floor":18.0},{"not_picked":["Beam Cell","Redo+1"],"picked":"Turbo+1","floor":23.0},{"not_picked":["Beam Cell","Hello World"],"picked":"Hologram+1","floor":25.0},{"not_picked":["Sweeping Beam","Leap+1"],"picked":"Capacitor","floor":27.0},{"not_picked":["Conserve Battery+1","Leap+1"],"picked":"Hologram+1","floor":29},{"not_picked":["Cold Snap","Turbo+1"],"picked":"Reprogram+1","floor":31},{"not_picked":["Creative AI","Reboot+1"],"picked":"Fission+1","floor":33},{"not_picked":["Loop+1","Streamline"],"picked":"Beam Cell","floor":35},{"not_picked":["Genetic Algorithm+1","Ball Lightning","Sunder"],"picked":"SKIP","floor":36},{"not_picked":["Gash","Leap+1","Streamline"],"picked":"SKIP","floor":37},{"not_picked":["Melter","Auto Shields+1"],"picked":"Steam+1","floor":38},{"not_picked":["Static Discharge","Stack+1","Scrape"],"picked":"SKIP","floor":41},{"not_picked":["Lockon","Scrape"],"picked":"Chill+1","floor":42},{"not_picked":["Stack+1","Multi-Cast+1"],"picked":"Glacier+1","floor":47}],"player_experience":612547,"potions_floor_usage":[33,33,33,33,33,33,38,41,50],"damage_taken":[{"damage":2.0,"enemies":"Jaw Worm","floor":1.0,"turns":3.0},{"damage":1.0,"enemies":"2 Louse","floor":2.0,"turns":3.0},{"damage":5.0,"enemies":"Small Slimes","floor":3.0,"turns":3.0},{"damage":4.0,"enemies":"Looter","floor":4.0,"turns":3.0},{"damage":8.0,"enemies":"Red Slaver","floor":5.0,"turns":4.0},{"damage":1.0,"enemies":"2 Fungi Beasts","floor":11.0,"turns":3.0},{"damage":5.0,"enemies":"3 Sentries","floor":14.0,"turns":7.0},{"damage":12.0,"enemies":"Hexaghost","floor":16.0,"turns":10.0},{"damage":8.0,"enemies":"3 Byrds","floor":18.0,"turns":5.0},{"damage":22.0,"enemies":"Slavers","floor":23.0,"turns":6.0},{"damage":7.0,"enemies":"Shell Parasite","floor":25.0,"turns":5.0},{"damage":11.0,"enemies":"Gremlin Leader","floor":27.0,"turns":6.0},{"damage":0,"enemies":"Centurion and Healer","floor":29,"turns":5},{"damage":0,"enemies":"Snecko","floor":31,"turns":5},{"damage":29,"enemies":"Champ","floor":33,"turns":9},{"damage":0,"enemies":"Orb Walker","floor":35,"turns":4},{"damage":1,"enemies":"3 Shapes","floor":36,"turns":7},{"damage":2,"enemies":"3 Darklings","floor":37,"turns":5},{"damage":21,"enemies":"Maw","floor":38,"turns":7},{"damage":10,"enemies":"2 Orb Walkers","floor":41,"turns":5},{"damage":12,"enemies":"4 Shapes","floor":42,"turns":6},{"damage":0,"enemies":"Spire Growth","floor":47,"turns":5},{"damage":2,"enemies":"Donu and Deca","floor":50,"turns":11}],"relics_obtained":[{"floor":9.0,"key":"Toxic Egg 2"},{"floor":14.0,"key":"Shovel"},{"floor":15.0,"key":"Toolbox"},{"floor":23.0,"key":"DataDisk"},{"floor":24.0,"key":"Symbiotic Virus"},{"floor":26.0,"key":"Lantern"},{"floor":27.0,"key":"Potion Belt"},{"floor":41,"key":"Dodecahedron"}],"event_choices":[{"event_name":"Golden Wing","player_choice":"Card Removal","floor":7.0,"damage_taken":0.0},{"event_name":"Golden Idol","player_choice":"Lose Max HP","floor":13.0,"damage_taken":0.0},{"event_name":"Vampires","player_choice":"Ignored","floor":19.0,"damage_taken":0.0},{"event_name":"Nest","player_choice":"Stole From Cult","floor":20.0,"damage_taken":0.0},{"event_name":"Ghosts","player_choice":"Ignored","floor":21.0,"damage_taken":0.0},{"event_name":"Mysterious Sphere","player_choice":"Ignore","floor":44,"damage_taken":0},{"event_name":"Winding Halls","player_choice":"Embrace Madness","floor":46,"damage_taken":0},{"event_name":"MindBloom","player_choice":"Heal","floor":48,"damage_taken":0}],"boss_relics":[{"not_picked":["Black Star","Runic Dome"],"picked":"Runic Pyramid"},{"not_picked":["Philosopher\u0027s Stone","Lizard Tail"],"picked":"Cursed Key"}],"items_purged_floors":[],"potions_floor_spawned":[2,3,4,14,16,27,29,31,36,38,41,47],"seed_played":"1514055652551066758","ascension_level":14,"potions_obtained":[{"floor":2.0,"key":"FearPotion"},{"floor":3.0,"key":"EssenceOfSteel"},{"floor":16.0,"key":"FocusPotion"},{"floor":27.0,"key":"Regen Potion"},{"floor":29,"key":"EntropicBrew"},{"floor":31,"key":"PowerPotion"},{"floor":36,"key":"Fire Potion"},{"floor":38,"key":"Energy Potion"},{"floor":41,"key":"Regen Potion"}],"is_trial":false}