{"gold_per_floor":[111,124,137,157,173,230,230,240,264,264,264,304,329,402,402,525,525,546,562,577,602,602,602,638,663,740,758,758,132,176,203,215,348,360,395,707,733,764,901,934,946,984,996,1031,307,363,363,37,37,37],"floor_reached":51,"playtime":2866,"items_purged":["Defend_R","Pain","Pain"],"score":803,"play_id":"2c6971b8-8779-40d3-8edb-fafb60226b03","local_time":"20190608170826","is_ascension_mode":false,"campfire_choices":[{"data":"Pommel Strike","floor":7.0,"key":"SMITH"},{"floor":10.0,"key":"REST"},{"data":"Perfected Strike","floor":15.0,"key":"SMITH"},{"data":"Pommel Strike","floor":23.0,"key":"SMITH"},{"floor":28.0,"key":"REST"},{"data":"Perfected Strike","floor":32.0,"key":"SMITH"},{"data":"True Grit","floor":41.0,"key":"SMITH"},{"floor":49.0,"key":"REST"}],"neow_cost":"NONE","seed_source_timestamp":0,"circlet_count":0,"master_deck":["Strike_R","Strike_R","Strike_R","Strike_R","Strike_R","Defend_R+1","Defend_R","Defend_R+1","Bash+1","Cleave","Iron Wave","Pommel Strike+1","Pommel Strike+1","Perfected Strike+1","Twin Strike","True Grit+1","Perfected Strike+1","True Grit+1","Twin Strike","Twin Strike","Pommel Strike+1","Wild Strike+1","Pommel Strike+1","Perfected Strike+1","Clothesline"],"special_seed":0,"relics":["Burning Blood","Tiny Chest","War Paint","Golden Idol","Bag of Preparation","Blue Candle","Velvet Choker","Potion Belt","The Courier","Lee\u0027s Waffle","Bronze Scales","WingedGreaves","MawBank","Cursed Key","Charon\u0027s Ashes","Juzu Bracelet","Pear","Strawberry","DollysMirror","Incense Burner","Centennial Puzzle","Shovel","Bag of Marbles"],"potions_floor_usage":[50,50,50,50,50],"damage_taken":[{"damage":0.0,"enemies":"2 Louse","floor":1.0,"turns":3.0},{"damage":3.0,"enemies":"Jaw Worm","floor":2.0,"turns":4.0},{"damage":1.0,"enemies":"Cultist","floor":3.0,"turns":3.0},{"damage":16.0,"enemies":"Gremlin Gang","floor":4.0,"turns":4.0},{"damage":4.0,"enemies":"3 Louse","floor":5.0,"turns":3.0},{"damage":40.0,"enemies":"Lagavulin","floor":6.0,"turns":7.0},{"damage":11.0,"enemies":"Blue Slaver","floor":8.0,"turns":4.0},{"damage":27.0,"enemies":"3 Sentries","floor":12.0,"turns":8.0},{"damage":4.0,"enemies":"Gremlin Gang","floor":13.0,"turns":4.0},{"damage":23.0,"enemies":"Slime Boss","floor":16.0,"turns":9.0},{"damage":8.0,"enemies":"Spheric Guardian","floor":18.0,"turns":4.0},{"damage":8.0,"enemies":"3 Byrds","floor":19.0,"turns":5.0},{"damage":15.0,"enemies":"Centurion and Healer","floor":20.0,"turns":4.0},{"damage":16.0,"enemies":"Cultist and Chosen","floor":21.0,"turns":5.0},{"damage":36.0,"enemies":"Book of Stabbing","floor":24.0,"turns":5.0},{"damage":12.0,"enemies":"3 Cultists","floor":25.0,"turns":5.0},{"damage":9.0,"enemies":"Snake Plant","floor":27.0,"turns":2.0},{"damage":24.0,"enemies":"Gremlin Leader","floor":30.0,"turns":4.0},{"damage":7.0,"enemies":"Centurion and Healer","floor":31.0,"turns":4.0},{"damage":64.0,"enemies":"Collector","floor":33.0,"turns":9.0},{"damage":2.0,"enemies":"Orb Walker","floor":35.0,"turns":2.0},{"damage":8.0,"enemies":"3 Darklings","floor":37.0,"turns":5.0},{"damage":13.0,"enemies":"Transient","floor":38.0,"turns":5.0},{"damage":21.0,"enemies":"Mind Bloom Boss Battle","floor":39.0,"turns":5.0},{"damage":0.0,"enemies":"Spire Growth","floor":40.0,"turns":2.0},{"damage":18.0,"enemies":"3 Darklings","floor":44.0,"turns":3.0},{"damage":28.0,"enemies":"2 Orb Walkers","floor":46.0,"turns":3.0},{"damage":60,"enemies":"Awakened One","floor":50,"turns":10}],"seed_played":"-6761561874496523963","potions_obtained":[{"floor":1.0,"key":"Energy Potion"},{"floor":3.0,"key":"Swift Potion"},{"floor":5.0,"key":"BloodPotion"},{"floor":16.0,"key":"Block Potion"},{"floor":21.0,"key":"Strength Potion"},{"floor":25.0,"key":"EssenceOfSteel"},{"floor":27.0,"key":"Fruit Juice"},{"floor":30.0,"key":"AttackPotion"},{"floor":31.0,"key":"Dexterity Potion"},{"floor":39.0,"key":"Energy Potion"},{"floor":44.0,"key":"SteroidPotion"},{"floor":46.0,"key":"Ancient Potion"}],"is_trial":false,"path_per_floor":["M","M","M","M","M","E","R","M","T","R","?","E","M","T","R","B",null,"M","M","M","M","?","R","E","M","T","M","R","$","E","M","R","B",null,"M","?","M","M","?","M","R","T","T","M","$","?","T","$","R","B",null],"character_chosen":"IRONCLAD","items_purchased":["Twin Strike","Lee\u0027s Waffle","Bronze Scales","WingedGreaves","Strawberry","DollysMirror","Incense Burner","Centennial Puzzle","Bag of Marbles","Clothesline","Weak Potion","PowerPotion"],"campfire_rested":3,"item_purchase_floors":[29,29,29,29,45,45,45,45,48,48,48,48],"current_hp_per_floor":[80,80,80,70,72,38,38,33,33,57,57,36,38,38,38,21,74,72,70,61,51,51,51,28,22,22,19,41,86,68,67,67,9,86,86,86,84,77,62,68,68,68,78,66,73,51,51,51,81,27],"gold":37,"neow_bonus":"UPGRADE_CARD","is_prod":false,"is_daily":false,"chose_seed":false,"campfire_upgraded":5,"win_rate":0,"timestamp":1560038906,"path_taken":["M","M","M","M","M","E","R","M","T","R","?","E","M","?","R","BOSS","M","?","?","M","?","R","E","M","T","?","R","$","E","M","R","BOSS","M","?","M","?","?","M","R","?","T","M","$","?","?","$","R","BOSS"],"build_version":"2019-01-23","purchased_purges":3,"victory":true,"max_hp_per_floor":[80,80,80,80,80,80,80,80,80,80,74,74,74,74,74,74,74,74,74,74,74,74,74,74,74,74,74,74,86,86,86,86,86,86,86,86,86,86,86,86,86,86,96,96,103,103,103,103,103,103],"card_choices":[{"not_picked":["Flame Barrier","Shockwave"],"picked":"Cleave","floor":1.0},{"not_picked":["Fire Breathing","Rampage"],"picked":"Iron Wave","floor":2.0},{"not_picked":["Sword Boomerang","Clothesline"],"picked":"Pommel Strike","floor":3.0},{"not_picked":["Rampage","Cleave"],"picked":"Pommel Strike","floor":4.0},{"not_picked":["Infernal Blade","Thunderclap","Double Tap"],"picked":"SKIP","floor":5.0},{"not_picked":["Rampage","Armaments","Clash"],"picked":"SKIP","floor":6.0},{"not_picked":["Warcry","Seeing Red","Clothesline"],"picked":"SKIP","floor":8.0},{"not_picked":["Anger","Evolve"],"picked":"Perfected Strike","floor":12.0},{"not_picked":["Anger","Berserk"],"picked":"Twin Strike","floor":13.0},{"not_picked":["Metallicize","Dropkick","Thunderclap"],"picked":"SKIP","floor":18.0},{"not_picked":["Anger","Power Through","Clothesline"],"picked":"SKIP","floor":19.0},{"not_picked":["Hemokinesis","Iron Wave+1"],"picked":"True Grit+1","floor":20.0},{"not_picked":["Iron Wave+1","Clothesline","Sword Boomerang+1"],"picked":"SKIP","floor":21.0},{"not_picked":["Sever Soul+1","Battle Trance","Power Through"],"picked":"SKIP","floor":24.0},{"not_picked":["Disarm","Metallicize"],"picked":"Perfected Strike","floor":25.0},{"not_picked":["Rupture","Exhume"],"picked":"True Grit","floor":27.0},{"not_picked":["Second Wind+1","Heavy Blade"],"picked":"Twin Strike","floor":30.0},{"not_picked":["Dual Wield","Havoc","Metallicize"],"picked":"SKIP","floor":31.0},{"not_picked":["Hemokinesis+1","Havoc+1"],"picked":"Pommel Strike+1","floor":35.0},{"not_picked":["Pummel+1","Body Slam","Sentinel"],"picked":"SKIP","floor":37.0},{"not_picked":["Flex+1","Thunderclap+1"],"picked":"Wild Strike+1","floor":38.0},{"not_picked":["Iron Wave","Thunderclap","Infernal Blade+1"],"picked":"SKIP","floor":40.0},{"not_picked":["Hemokinesis+1","Twin Strike"],"picked":"Pommel Strike+1","floor":44.0}],"player_experience":1280169,"relics_obtained":[{"floor":6.0,"key":"Tiny Chest"},{"floor":9.0,"key":"War Paint"},{"floor":12.0,"key":"Bag of Preparation"},{"floor":14.0,"key":"Blue Candle"},{"floor":24.0,"key":"Potion Belt"},{"floor":26.0,"key":"The Courier"},{"floor":30.0,"key":"MawBank"},{"floor":39.0,"key":"Charon\u0027s Ashes"},{"floor":42.0,"key":"Juzu Bracelet"},{"floor":43.0,"key":"Pear"},{"floor":46.0,"key":"Shovel"}],"event_choices":[{"damage_healed":0.0,"max_hp_gain":0.0,"max_hp_loss":6.0,"gold_gain":0.0,"event_name":"Golden Idol","player_choice":"Lose Max HP","floor":11.0,"gold_loss":0.0,"damage_taken":0.0,"relics_obtained":["Golden Idol"]},{"damage_healed":0.0,"max_hp_gain":0.0,"max_hp_loss":0.0,"gold_gain":0.0,"event_name":"Transmorgrifier","player_choice":"Ignored","floor":22.0,"gold_loss":0.0,"damage_taken":0.0},{"damage_healed":0.0,"max_hp_gain":0.0,"max_hp_loss":0.0,"gold_gain":300.0,"event_name":"Wheel of Change","player_choice":"Gold","floor":36.0,"gold_loss":0.0,"damage_taken":0.0},{"damage_healed":0.0,"max_hp_gain":0.0,"max_hp_loss":0.0,"gold_gain":0.0,"event_name":"MindBloom","player_choice":"Fight","floor":39.0,"gold_loss":0.0,"damage_taken":0.0},{"damage_healed":0.0,"max_hp_gain":0.0,"max_hp_loss":0.0,"gold_gain":0.0,"event_name":"Mysterious Sphere","player_choice":"Fight","floor":46.0,"gold_loss":0.0,"damage_taken":0.0}],"is_beta":false,"boss_relics":[{"not_picked":["Pandora\u0027s Box","Black Blood"],"picked":"Velvet Choker"},{"not_picked":["Black Star","Coffee Dripper"],"picked":"Cursed Key"}],"items_purged_floors":[29,45,48],"is_endless":false,"potions_floor_spawned":[1,3,5,8,16,19,21,25,27,30,31,39,44,46],"ascension_level":0}