{"gold_per_floor":[12,12,31,49,60,135,135,162,219,230,230,230,243,261,261,261],"floor_reached":16,"playtime":951,"items_purged":[],"score":182,"play_id":"1e97a453-284e-4eb5-bb50-12aba6cbc4a7","local_time":"20190311221918","is_ascension_mode":true,"campfire_choices":[{"data":"Bash","floor":7,"key":"SMITH"},{"data":"Armaments","floor":12,"key":"SMITH"},{"data":"Spot Weakness","floor":15,"key":"SMITH"}],"neow_cost":"NO_GOLD","seed_source_timestamp":155226412928111,"circlet_count":0,"master_deck":["AscendersBane","Strike_R","Strike_R","Strike_R","Defend_R","Defend_R","Defend_R","Defend_R","Bash+1","Ghostly Armor","Fire Breathing","Armaments+1","Clothesline","Shrug It Off","Spot Weakness+1","Anger"],"relics":["Burning Blood","GremlinMask","PreservedInsect","Tiny Chest"],"potions_floor_usage":[5,8,16,16],"damage_taken":[{"damage":9,"enemies":"Small Slimes","floor":1,"turns":6},{"damage":10,"enemies":"Cultist","floor":3,"turns":6},{"damage":9,"enemies":"2 Louse","floor":4,"turns":2},{"damage":14,"enemies":"Large Slime","floor":5,"turns":8},{"damage":25,"enemies":"Gremlin Nob","floor":8,"turns":5},{"damage":14,"enemies":"2 Fungi Beasts","floor":10,"turns":5},{"damage":7,"enemies":"Blue Slaver","floor":13,"turns":5},{"damage":5,"enemies":"3 Louse","floor":14,"turns":6},{"damage":43,"enemies":"Slime Boss","floor":16,"turns":9}],"seed_played":"6649178343127903810","potions_obtained":[{"floor":4,"key":"Explosive Potion"},{"floor":5,"key":"FearPotion"},{"floor":10,"key":"Ancient Potion"},{"floor":13,"key":"Energy Potion"}],"is_trial":false,"path_per_floor":["M","?","M","M","M","?","R","E","T","M","?","R","M","M","R","B"],"character_chosen":"IRONCLAD","items_purchased":[],"campfire_rested":0,"item_purchase_floors":[],"current_hp_per_floor":[65,65,61,58,50,39,39,20,20,12,37,37,36,37,37,0],"gold":261,"neow_bonus":"TRANSFORM_TWO_CARDS","is_prod":false,"is_daily":false,"chose_seed":false,"campfire_upgraded":3,"win_rate":0,"timestamp":1552339158,"path_taken":["M","?","?","M","M","?","R","E","T","M","?","R","M","M","R","BOSS"],"build_version":"2019-02-06","purchased_purges":0,"victory":false,"max_hp_per_floor":[75,75,75,75,75,75,75,75,75,75,75,75,75,75,75,75],"card_choices":[{"not_picked":["Warcry","Pommel Strike"],"picked":"Armaments","floor":1},{"not_picked":["Pommel Strike","Headbutt"],"picked":"Clothesline","floor":3},{"not_picked":["Havoc","Sword Boomerang"],"picked":"Shrug It Off","floor":4},{"not_picked":["Clash","Evolve","Second Wind"],"picked":"SKIP","floor":5},{"not_picked":["Immolate","Metallicize"],"picked":"Spot Weakness","floor":8},{"not_picked":["Power Through","Dual Wield","Entrench"],"picked":"SKIP","floor":10},{"not_picked":["Warcry","Bloodletting"],"picked":"Anger","floor":13},{"not_picked":["Body Slam","Dual Wield","Perfected Strike"],"picked":"SKIP","floor":14}],"player_experience":186509,"relics_obtained":[{"floor":8,"key":"PreservedInsect"},{"floor":9,"key":"Tiny Chest"}],"event_choices":[{"damage_healed":0,"gold_gain":0,"player_choice":"Trade","damage_taken":0,"relics_obtained":["GremlinMask"],"max_hp_gain":0,"max_hp_loss":0,"event_name":"FaceTrader","floor":2,"gold_loss":0},{"damage_healed":0,"gold_gain":75,"player_choice":"Gather Gold","damage_taken":11,"max_hp_gain":0,"max_hp_loss":0,"event_name":"World of Goop","floor":6,"gold_loss":0},{"damage_healed":25,"gold_gain":0,"player_choice":"Banana","damage_taken":0,"max_hp_gain":0,"max_hp_loss":0,"event_name":"Big Fish","floor":11,"gold_loss":0}],"is_beta":true,"boss_relics":[],"items_purged_floors":[],"is_endless":false,"potions_floor_spawned":[4,5,10,13],"killed_by":"Slime Boss","ascension_level":15}