{"gold_per_floor":[116,266,283,296,64,99,112,112,139,169,196,196,196,210,210,288,288,306,322,372,287,299,299,311,311,311,95,106,106,122,148,148,148],"floor_reached":33,"playtime":1529,"items_purged":["Doubt","Strike_B"],"score":574,"play_id":"0979d822-fe32-47e7-816c-46f75757db5a","local_time":"20181023014743","is_ascension_mode":true,"campfire_choices":[{"data":"Hologram","floor":8,"key":"SMITH"},{"data":"Defragment","floor":13,"key":"SMITH"},{"data":"Go for the Eyes","floor":15,"key":"SMITH"},{"floor":23,"key":"REST"},{"floor":25,"key":"REST"},{"data":"Hologram","floor":29,"key":"SMITH"},{"floor":32,"key":"REST"}],"neow_cost":"NONE","seed_source_timestamp":2759119903375339,"circlet_count":0,"master_deck":["Strike_B","Strike_B","Strike_B","Defend_B","Defend_B","Defend_B","Defend_B","Zap+1","Dualcast","AscendersBane","Melter","Gash","Cold Snap","All For One","Defragment+1","Hologram+1","Go for the Eyes+1","Ball Lightning","Thunder Strike","Consume","Beam Cell","FTL","Self Repair","Hologram+1","Machine Learning","Glacier"],"relics":["Cracked Core","Strawberry","PreservedInsect","Odd Mushroom","Omamori","Runic Dome","Blood Vial","Gremlin Horn","Dream Catcher"],"potions_floor_usage":[6,18,30,31,31],"damage_taken":[{"damage":2,"enemies":"Jaw Worm","floor":1,"turns":3},{"damage":0,"enemies":"Cultist","floor":3,"turns":3},{"damage":7,"enemies":"2 Louse","floor":4,"turns":2},{"damage":9,"enemies":"Gremlin Nob","floor":6,"turns":3},{"damage":4,"enemies":"Looter","floor":7,"turns":3},{"damage":6,"enemies":"The Mushroom Lair","floor":10,"turns":3},{"damage":7,"enemies":"3 Sentries","floor":11,"turns":4},{"damage":0,"enemies":"2 Fungi Beasts","floor":14,"turns":3},{"damage":21,"enemies":"The Guardian","floor":16,"turns":10},{"damage":22,"enemies":"3 Byrds","floor":18,"turns":4},{"damage":0,"enemies":"Spheric Guardian","floor":19,"turns":1},{"damage":38,"enemies":"Centurion and Healer","floor":22,"turns":8},{"damage":13,"enemies":"Snecko","floor":24,"turns":4},{"damage":26,"enemies":"Snake Plant","floor":28,"turns":3},{"damage":17,"enemies":"Centurion and Healer","floor":30,"turns":6},{"damage":0,"enemies":"Gremlin Leader","floor":31,"turns":4},{"damage":74,"enemies":"Automaton","floor":33,"turns":6}],"seed_played":"-4328595624459254704","potions_obtained":[{"floor":1,"key":"Block Potion"},{"floor":3,"key":"Fire Potion"},{"floor":16,"key":"Fire Potion"},{"floor":28,"key":"Explosive Potion"},{"floor":30,"key":"Explosive Potion"}],"is_trial":false,"path_per_floor":["M","?","M","M","$","E","M","R","T","?","E","?","R","M","R","B",null,"M","M","?","?","M","R","M","R","T","$","M","R","M","E","R"],"character_chosen":"DEFECT","items_purchased":["All For One","FTL","Self Repair"],"campfire_rested":3,"item_purchase_floors":[5,27,27],"current_hp_per_floor":[62,62,62,55,55,53,49,49,49,43,36,41,41,41,41,20,67,45,45,45,45,9,33,22,46,46,46,29,29,21,30,54,0],"gold":148,"neow_bonus":"UPGRADE_CARD","is_prod":false,"is_daily":false,"chose_seed":false,"campfire_upgraded":4,"win_rate":0,"timestamp":1540284463,"path_taken":["M","?","M","M","$","E","M","R","T","?","E","?","R","M","R","BOSS","M","M","?","?","M","R","?","R","T","$","M","R","M","E","R","BOSS"],"build_version":"2018-10-22","purchased_purges":2,"victory":false,"max_hp_per_floor":[71,71,71,71,71,78,78,78,78,78,78,83,83,83,83,83,83,83,83,83,83,83,83,83,83,83,83,83,83,83,83,83,83],"card_choices":[{"not_picked":["Turbo","Rebound"],"picked":"Melter","floor":1},{"not_picked":["White Noise","Hologram"],"picked":"Gash","floor":3},{"not_picked":["Barrage","Coolheaded"],"picked":"Cold Snap","floor":4},{"not_picked":["Stack","Coolheaded"],"picked":"Defragment","floor":6},{"not_picked":["Creative AI","Beam Cell"],"picked":"Hologram","floor":7},{"not_picked":["Thunder Strike","Static Discharge"],"picked":"Go for the Eyes","floor":11},{"not_picked":["Force Field","BootSequence"],"picked":"Ball Lightning","floor":14},{"not_picked":["Reboot","Multi-Cast"],"picked":"Thunder Strike","floor":16},{"not_picked":["Storm","Go for the Eyes"],"picked":"Consume","floor":18},{"not_picked":["Storm","Go for the Eyes","Sweeping Beam+1"],"picked":"SKIP","floor":19},{"not_picked":["BootSequence","Streamline"],"picked":"Beam Cell","floor":22},{"not_picked":["Coolheaded","Lockon+1","Fusion"],"picked":"SKIP","floor":24},{"not_picked":["Steam","Leap"],"picked":"Hologram","floor":28},{"not_picked":["Self Repair","Barrage","Streamline"],"picked":"SKIP","floor":30},{"not_picked":["Cold Snap","Compile Driver+1"],"picked":"Machine Learning","floor":31},{"not_picked":["Hologram","Doom and Gloom+1"],"picked":"Glacier","floor":32}],"player_experience":958092,"relics_obtained":[{"floor":6,"key":"Strawberry"},{"floor":9,"key":"PreservedInsect"},{"floor":10,"key":"Odd Mushroom"},{"floor":11,"key":"Omamori"},{"floor":26,"key":"Gremlin Horn"},{"floor":31,"key":"Dream Catcher"}],"event_choices":[{"damage_healed":0,"gold_gain":150,"player_choice":"AGREE","damage_taken":0,"max_hp_gain":0,"max_hp_loss":0,"event_name":"Liars Game","floor":2,"gold_loss":0,"cards_obtained":["Doubt"]},{"damage_healed":0,"gold_gain":0,"player_choice":"Fought Mushrooms","damage_taken":0,"max_hp_gain":0,"max_hp_loss":0,"event_name":"Mushrooms","floor":10,"gold_loss":0},{"damage_healed":0,"gold_gain":0,"player_choice":"Donut","damage_taken":0,"max_hp_gain":5,"max_hp_loss":0,"event_name":"Big Fish","floor":12,"gold_loss":0},{"damage_healed":0,"gold_gain":100,"player_choice":"Pray","damage_taken":0,"max_hp_gain":0,"max_hp_loss":0,"event_name":"Golden Shrine","floor":20,"gold_loss":0},{"damage_healed":0,"gold_gain":0,"player_choice":"Obtained Relic","damage_taken":0,"relics_obtained":["Blood Vial"],"max_hp_gain":0,"max_hp_loss":0,"event_name":"Addict","floor":21,"gold_loss":85}],"is_beta":true,"boss_relics":[{"not_picked":["Astrolabe","Coffee Dripper"],"picked":"Runic Dome"}],"items_purged_floors":[5,27],"is_endless":false,"potions_floor_spawned":[1,3,4,16,28,30],"killed_by":"Automaton","ascension_level":18}