{"gold_per_floor":[109,34,52,63,63,63,86,86,160,160,110,126,161,161,161,252,252,275,295,75,25,25,25,59,80,105,123,139,139,54,79,79,79],"floor_reached":33,"playtime":1728,"items_purged":["Concentrate"],"score":441,"play_id":"aa733cee-3fc5-4c0b-9b3c-23725e4bfe23","local_time":"20180709231638","is_ascension_mode":true,"campfire_choices":[{"data":"Infinite Blades","floor":6,"key":"SMITH"},{"data":"Sucker Punch","floor":8,"key":"SMITH"},{"data":"Neutralize","floor":10,"key":"SMITH"},{"floor":15,"key":"REST"},{"floor":29,"key":"REST"},{"floor":32,"key":"REST"}],"neow_cost":"NONE","seed_source_timestamp":92089031873282,"circlet_count":0,"master_deck":["Survivor","Neutralize+1","AscendersBane","Quick Slash","Bane","Dagger Throw","Quick Slash","Dodge and Roll","Slice","Deadly Poison+1","Infinite Blades+1","Crippling Poison","Flying Knee","Burst+1","Sucker Punch+1","Footwork","Grand Finale","Backflip","Well Laid Plans","Acrobatics","PiercingWail","Caltrops"],"relics":["Pandora\u0027s Box","Golden Idol","Smiling Mask","Omamori","Gremlin Horn","Fusion Hammer","War Paint","Centennial Puzzle","Anchor","Boot","Molten Egg 2"],"potions_floor_usage":[12,13,24,24,28,33,33],"damage_taken":[{"damage":0,"enemies":"2 Louse","floor":1,"turns":2},{"damage":0,"enemies":"Cultist","floor":3,"turns":3},{"damage":6,"enemies":"Jaw Worm","floor":4,"turns":3},{"damage":9,"enemies":"Exordium Wildlife","floor":7,"turns":3},{"damage":6,"enemies":"Blue Slaver","floor":12,"turns":3},{"damage":8,"enemies":"3 Sentries","floor":13,"turns":5},{"damage":32,"enemies":"Slime Boss","floor":16,"turns":11},{"damage":0,"enemies":"3 Byrds","floor":18,"turns":4},{"damage":16,"enemies":"2 Thieves","floor":19,"turns":4},{"damage":30,"enemies":"Gremlin Leader","floor":24,"turns":5},{"damage":0,"enemies":"3 Cultists","floor":25,"turns":3},{"damage":4,"enemies":"Cultist and Chosen","floor":27,"turns":4},{"damage":2,"enemies":"Centurion and Healer","floor":28,"turns":5},{"damage":6,"enemies":"3 Cultists","floor":31,"turns":4},{"damage":41,"enemies":"Champ","floor":33,"turns":8}],"seed_played":"-1871923965850482671","potions_obtained":[{"floor":1,"key":"Explosive Potion"},{"floor":3,"key":"FairyPotion"},{"floor":4,"key":"Block Potion"},{"floor":16,"key":"SkillPotion"},{"floor":19,"key":"Explosive Potion"},{"floor":27,"key":"GhostInAJar"},{"floor":28,"key":"Strength Potion"},{"floor":31,"key":"Block Potion"}],"is_trial":false,"path_per_floor":["M","$","M","M","?","R","M","R","T","R","?","M","E","T","R","B",null,"M","M","$","?","$","?","E","M","T","M","M","R","?","M","R"],"character_chosen":"THE_SILENT","items_purchased":["Well Laid Plans","War Paint"],"campfire_rested":3,"item_purchase_floors":[20,20],"current_hp_per_floor":[63,63,63,57,40,40,31,31,31,31,31,25,17,17,38,6,54,54,38,38,38,38,38,8,8,8,4,2,23,23,17,38,0],"gold":79,"neow_bonus":"BOSS_RELIC","is_prod":false,"is_daily":false,"chose_seed":false,"campfire_upgraded":3,"win_rate":0,"timestamp":1531203398,"path_taken":["M","$","M","M","?","R","M","R","T","R","?","M","E","?","R","BOSS","M","M","$","?","$","?","E","M","T","M","M","R","?","M","R","BOSS"],"build_version":"2018-07-05","purchased_purges":1,"victory":false,"max_hp_per_floor":[70,70,70,70,70,70,70,70,70,70,70,70,70,70,70,70,70,70,70,70,70,70,70,70,70,70,70,70,70,70,70,70,70],"card_choices":[{"not_picked":["Slice","Bane"],"picked":"Crippling Poison","floor":1},{"not_picked":["Bane","Deadly Poison"],"picked":"Flying Knee","floor":3},{"not_picked":["Dagger Throw","Poisoned Stab"],"picked":"Burst","floor":4},{"not_picked":["Deflect","PiercingWail"],"picked":"Sucker Punch","floor":7},{"not_picked":["Sucker Punch","Dagger Spray"],"picked":"Footwork","floor":12},{"not_picked":["Crippling Poison","Burst","Sucker Punch"],"picked":"SKIP","floor":13},{"not_picked":["Bullet Time","Doppelganger"],"picked":"Grand Finale","floor":16},{"not_picked":["Underhanded Strike+1","PiercingWail"],"picked":"Backflip","floor":18},{"not_picked":["Sucker Punch","Distraction","Outmaneuver"],"picked":"SKIP","floor":19},{"not_picked":["Reflex","Poisoned Stab"],"picked":"Acrobatics","floor":24},{"not_picked":["PiercingWail","Deadly Poison","Slice"],"picked":"SKIP","floor":25},{"not_picked":["Deadly Poison","Slice"],"picked":"PiercingWail","floor":25},{"not_picked":["Slice","Blur"],"picked":"Caltrops","floor":27},{"not_picked":["Cloak And Dagger","Dagger Throw+1","Bane+1"],"picked":"SKIP","floor":28},{"not_picked":["Deadly Poison","Cloak And Dagger","Bane+1"],"picked":"SKIP","floor":31}],"player_experience":752108,"relics_obtained":[{"floor":9,"key":"Smiling Mask"},{"floor":13,"key":"Omamori"},{"floor":14,"key":"Gremlin Horn"},{"floor":24,"key":"Anchor"},{"floor":26,"key":"Boot"}],"event_choices":[{"event_name":"Golden Idol","player_choice":"Take Damage","floor":5,"damage_taken":0},{"event_name":"The Cleric","player_choice":"Card Removal","floor":11,"damage_taken":0},{"event_name":"The Joust","player_choice":"Bet on Owner","floor":21,"damage_taken":0},{"event_name":"The Mausoleum","player_choice":"Yes","floor":23,"damage_taken":0},{"event_name":"Addict","player_choice":"Obtained Relic","floor":30,"damage_taken":0}],"boss_relics":[{"not_picked":["Empty Cage","Tiny House"],"picked":"Fusion Hammer"}],"items_purged_floors":[2],"is_endless":false,"potions_floor_spawned":[1,3,4,16,19,27,28,31],"killed_by":"Champ","ascension_level":13}