{"gold_per_floor":[117,117,136,61,77,92,17,33,33,48,74,94,128,144,144,246,246,256,256,355,366,366,366,377,377,401,80,91,102,102,117,117,221,221,237,251,270,285,33,33,64,75,75,0,11,11,29,129,129,129,129,129,54,89,89],"floor_reached":55,"playtime":5302,"items_purged":["Zap"],"score":692,"play_id":"6c2b389a-88e3-47b5-ba7f-dee9ff6cdbdf","local_time":"20190821175512","is_ascension_mode":false,"campfire_choices":[{"floor":15.0,"key":"REST"},{"floor":23.0,"key":"RECALL"},{"floor":25.0,"key":"REST"},{"data":"Defragment","floor":30,"key":"SMITH"},{"data":"Creative AI","floor":32,"key":"SMITH"},{"floor":40,"key":"REST"},{"data":"Amplify","floor":46,"key":"SMITH"},{"data":"Electrodynamics","floor":49,"key":"SMITH"},{"data":"Storm","floor":52,"key":"SMITH"}],"neow_cost":"NONE","seed_source_timestamp":0,"circlet_count":0,"master_deck":["Strike_B+1","Strike_B+1","Strike_B+1","Strike_B+1","Defend_B+1","Defend_B+1","Defend_B+1","Defend_B+1","Dualcast+1","Cold Snap","Coolheaded","Glacier","Defragment+1","Capacitor","Electrodynamics+1","Self Repair","Storm+1","Cold Snap","Coolheaded","Melter","Creative AI+1","Biased Cognition","Glacier+1","Lockon","Gash+1","Defragment","Barrage","Cold Snap","Amplify+1","Coolheaded","Cold Snap+1","Turbo+1"],"special_seed":0,"relics":["Cracked Core","Question Card","Pocketwatch","White Beast Statue","Bag of Marbles","Mummified Hand","Busted Crown","Sundial","FossilizedHelix","Mercury Hourglass","Red Mask","Turnip","War Paint"],"potions_floor_usage":[31,33,36,38,47,50,50],"damage_taken":[{"damage":0.0,"enemies":"Cultist","floor":1.0,"turns":3.0},{"damage":0.0,"enemies":"2 Louse","floor":3.0,"turns":3.0},{"damage":0.0,"enemies":"Jaw Worm","floor":5.0,"turns":4.0},{"damage":4.0,"enemies":"Blue Slaver","floor":6.0,"turns":5.0},{"damage":8.0,"enemies":"Exordium Wildlife","floor":8.0,"turns":2.0},{"damage":0.0,"enemies":"Large Slime","floor":10.0,"turns":5.0},{"damage":13.0,"enemies":"3 Sentries","floor":11.0,"turns":5.0},{"damage":8.0,"enemies":"Blue Slaver","floor":12.0,"turns":5.0},{"damage":19.0,"enemies":"Lagavulin","floor":13.0,"turns":5.0},{"damage":4.0,"enemies":"Red Slaver","floor":14.0,"turns":3.0},{"damage":26.0,"enemies":"Slime Boss","floor":16.0,"turns":7.0},{"damage":1.0,"enemies":"Shell Parasite","floor":18.0,"turns":5.0},{"damage":12.0,"enemies":"2 Thieves","floor":21.0,"turns":3.0},{"damage":17.0,"enemies":"Snake Plant","floor":24.0,"turns":7.0},{"damage":0.0,"enemies":"Snecko","floor":28.0,"turns":4.0},{"damage":0.0,"enemies":"Centurion and Healer","floor":29.0,"turns":6.0},{"damage":1,"enemies":"Snake Plant","floor":31,"turns":4},{"damage":8,"enemies":"Champ","floor":33,"turns":13},{"damage":0,"enemies":"Orb Walker","floor":35,"turns":4},{"damage":30,"enemies":"3 Darklings","floor":36,"turns":5},{"damage":7,"enemies":"4 Shapes","floor":37,"turns":5},{"damage":3,"enemies":"Sphere and 2 Shapes","floor":38,"turns":4},{"damage":10,"enemies":"Reptomancer","floor":41,"turns":6},{"damage":0,"enemies":"3 Darklings","floor":42,"turns":4},{"damage":0,"enemies":"Writhing Mass","floor":45,"turns":5},{"damage":0,"enemies":"Maw","floor":47,"turns":6},{"damage":7,"enemies":"Mind Bloom Boss Battle","floor":48,"turns":5},{"damage":24,"enemies":"Time Eater","floor":50,"turns":12},{"damage":25,"enemies":"Shield and Spear","floor":54,"turns":5},{"damage":72,"enemies":"The Heart","floor":55,"turns":5}],"seed_played":"-465718357919349530","potions_obtained":[{"floor":1.0,"key":"Fruit Juice"},{"floor":5.0,"key":"Swift Potion"},{"floor":8.0,"key":"FairyPotion"},{"floor":12.0,"key":"Energy Potion"},{"floor":14.0,"key":"AttackPotion"},{"floor":18.0,"key":"Fire Potion"},{"floor":21.0,"key":"FearPotion"},{"floor":29.0,"key":"PowerPotion"},{"floor":31,"key":"Energy Potion"},{"floor":33,"key":"SpeedPotion"},{"floor":36,"key":"PowerPotion"},{"floor":38,"key":"Strength Potion"},{"floor":42,"key":"AttackPotion"},{"floor":47,"key":"Fire Potion"},{"floor":54,"key":"Explosive Potion"}],"is_trial":false,"path_per_floor":["M","?","M","$","M","M","$","M","T","M","E","M","E","M","R","B",null,"M","?","?","M","?","R","M","R","T","$","M","M","R","M","R","B",null,"M","M","M","M","$","R","E","M","T","?","M","R","M","?","R","B",null,"R","$","E","B"],"character_chosen":"DEFECT","items_purchased":["Glacier","Electrodynamics","Defragment","Mummified Hand","Sundial"],"campfire_rested":3,"item_purchase_floors":[4,7,27,27,39],"current_hp_per_floor":[80,80,80,80,80,76,76,68,68,75,69,68,49,45,69,43,80,79,79,79,67,67,67,50,74,74,74,74,74,74,73,73,72,80,80,57,57,54,54,78,80,80,80,80,80,80,80,73,73,49,80,80,80,62,0],"gold":89,"neow_bonus":"THREE_CARDS","is_prod":false,"is_daily":false,"chose_seed":false,"campfire_upgraded":5,"win_rate":0,"timestamp":1566399312,"path_taken":["M","?","M","$","M","M","?","M","T","M","E","M","E","M","R","BOSS","M","?","?","M","?","R","M","R","T","?","M","M","R","M","R","BOSS","M","M","M","M","$","R","E","M","T","?","M","R","M","?","R","BOSS","R","$","E","BOSS"],"build_version":"2019-07-17","purchased_purges":1,"victory":false,"max_hp_per_floor":[80,80,80,80,80,80,80,80,80,80,80,80,80,80,80,80,80,80,80,80,80,80,80,80,80,80,80,80,80,80,80,80,80,80,80,80,80,80,80,80,80,80,80,80,80,80,80,80,80,80,80,80,80,80,80],"card_choices":[{"not_picked":["Rebound","Beam Cell"],"picked":"Cold Snap","floor":0.0},{"not_picked":["Skim","Barrage"],"picked":"Coolheaded","floor":1.0},{"not_picked":["Beam Cell","Redo","Hologram"],"picked":"SKIP","floor":3.0},{"not_picked":["Ball Lightning","Coolheaded"],"picked":"Defragment","floor":5.0},{"not_picked":["Sweeping Beam","Hologram"],"picked":"Capacitor","floor":6.0},{"not_picked":["Rebound","Leap"],"picked":"Self Repair","floor":8.0},{"not_picked":["Rebound","Leap"],"picked":"Storm","floor":10.0},{"not_picked":["Double Energy","Echo Form"],"picked":"Cold Snap","floor":11.0},{"not_picked":["Go for the Eyes","Recycle","Heatsinks"],"picked":"Coolheaded","floor":12.0},{"not_picked":["Darkness","Coolheaded","Gash"],"picked":"Melter","floor":13.0},{"not_picked":["Hologram","Reprogram","Leap"],"picked":"Creative AI","floor":14.0},{"not_picked":["Fission","Machine Learning","Electrodynamics"],"picked":"Biased Cognition","floor":16.0},{"not_picked":["Redo","Stack","Rebound"],"picked":"Glacier","floor":18.0},{"not_picked":["Aggregate","Static Discharge","Fusion+1"],"picked":"Lockon","floor":21.0},{"not_picked":["Compile Driver","Beam Cell+1","Streamline"],"picked":"Gash+1","floor":24.0},{"not_picked":["Streamline","Steam","Doom and Gloom","Beam Cell+1"],"picked":"SKIP","floor":28.0},{"not_picked":["Consume","Redo","Loop+1"],"picked":"Barrage","floor":29.0},{"not_picked":["Heatsinks","Turbo","Rainbow"],"picked":"Cold Snap","floor":31},{"not_picked":["Creative AI","Multi-Cast","Echo Form"],"picked":"Amplify","floor":33},{"not_picked":["Redo","Leap"],"picked":"SKIP","floor":35},{"not_picked":["Turbo"],"picked":"Coolheaded","floor":36},{"not_picked":["Go for the Eyes+1","Streamline+1"],"picked":"SKIP","floor":37},{"not_picked":["Heatsinks+1","Steam Power"],"picked":"SKIP","floor":38},{"not_picked":["Sweeping Beam"],"picked":"Cold Snap+1","floor":41},{"not_picked":["Hologram","Rebound"],"picked":"SKIP","floor":42},{"not_picked":["Storm","Ball Lightning"],"picked":"SKIP","floor":45},{"not_picked":["Conserve Battery+1","Turbo+1"],"picked":"SKIP","floor":47},{"not_picked":["Undo+1"],"picked":"Turbo+1","floor":48},{"not_picked":["Conserve Battery","Thunder Strike"],"picked":"SKIP","floor":54}],"player_experience":79380,"relics_obtained":[{"floor":11.0,"key":"Question Card"},{"floor":13.0,"key":"Pocketwatch"},{"floor":26.0,"key":"Bag of Marbles"},{"floor":41,"key":"FossilizedHelix"},{"floor":43,"key":"Mercury Hourglass"},{"floor":48,"key":"Turnip"},{"floor":54,"key":"War Paint"}],"event_choices":[{"damage_healed":0.0,"max_hp_gain":0.0,"max_hp_loss":0.0,"gold_gain":0.0,"event_name":"Purifier","player_choice":"Ignored","floor":2.0,"gold_loss":0.0,"damage_taken":0.0},{"damage_healed":0.0,"max_hp_gain":0.0,"max_hp_loss":0.0,"gold_gain":0.0,"event_name":"Back to Basics","player_choice":"Simplicity","floor":19.0,"gold_loss":0.0,"damage_taken":0.0,"cards_upgraded":["Strike_B","Strike_B","Strike_B","Strike_B","Defend_B","Defend_B","Defend_B","Defend_B"]},{"damage_healed":0.0,"max_hp_gain":0.0,"max_hp_loss":0.0,"gold_gain":99.0,"event_name":"Nest","player_choice":"Stole From Cult","floor":20.0,"gold_loss":0.0,"damage_taken":0.0},{"damage_healed":0.0,"max_hp_gain":0.0,"max_hp_loss":0.0,"gold_gain":0.0,"event_name":"Ghosts","player_choice":"Ignored","floor":22.0,"gold_loss":0.0,"damage_taken":0.0},{"damage_healed":0,"gold_gain":0,"player_choice":"Paid","damage_taken":0,"relics_obtained":["Red Mask"],"max_hp_gain":0,"max_hp_loss":0,"event_name":"Tomb of Lord Red Mask","floor":44,"gold_loss":75},{"damage_healed":0,"gold_gain":0,"player_choice":"Fight","damage_taken":0,"max_hp_gain":0,"max_hp_loss":0,"event_name":"MindBloom","floor":48,"gold_loss":0}],"is_beta":false,"boss_relics":[{"not_picked":["Runic Pyramid","Coffee Dripper"],"picked":"White Beast Statue"},{"not_picked":["Calling Bell","Velvet Choker"],"picked":"Busted Crown"}],"items_purged_floors":[53],"is_endless":false,"potions_floor_spawned":[1,5,8,12,13,14,18,21,24,28,29,31,33,35,36,37,38,41,42,45,47,48,54],"killed_by":"The Heart","ascension_level":0}