{"gold_per_floor":[115,133,58,17,167,197,197,217,217,235,266,266,279,298,298,376,376,376,376,291,291,71,71,71,71,71,71,71,71,71,71,71,71,71,71,71,71,71,71,71,71,1,1,1,1,1,1,1,1,1],"floor_reached":51,"playtime":2499,"items_purged":[],"score":1409,"play_id":"78b33098-451d-4fe0-af43-eb0de3dc4bba","local_time":"20190829150302","is_ascension_mode":true,"campfire_choices":[{"data":"Zap","floor":7,"key":"SMITH"},{"data":"Redo","floor":12,"key":"SMITH"},{"floor":15,"key":"REST"},{"data":"Glacier","floor":23,"key":"SMITH"},{"floor":25,"key":"REST"},{"floor":32,"key":"REST"},{"floor":40,"key":"REST"},{"floor":44,"key":"REST"},{"floor":49,"key":"REST"}],"neow_cost":"NONE","seed_source_timestamp":265143419398400,"circlet_count":0,"master_deck":["AscendersBane","Defend_B","Defend_B+1","Defend_B","Defend_B+1","Zap+1","Dualcast","Streamline","Redo+1","Glacier+1","Core Surge","Coolheaded","Ball Lightning","Sweeping Beam","Darkness+1","Machine Learning+1","Darkness+1","Hologram+1","Bite","Bite","Bite","Bite","Bite","White Noise+1","Hologram+1","Lockon+1","Compile Driver","Amplify+1","White Noise+1","Redo+1","Conserve Battery+1","Coolheaded+1","Compile Driver","Coolheaded+1","Capacitor+1","Skim+1","Loop+1"],"relics":["Cracked Core","NeowsBlessing","Bird Faced Urn","Toxic Egg 2","Frozen Egg 2","Ectoplasm","Red Mask","Ancient Tea Set","ClockworkSouvenir","Pantograph","Blood Vial","War Paint","Orrery","DataDisk","Symbiotic Virus","Bottled Flame"],"potions_floor_usage":[11,16,19,24,33,33,47,47,50],"damage_taken":[{"damage":0,"enemies":"2 Louse","floor":1,"turns":1},{"damage":0,"enemies":"Small Slimes","floor":2,"turns":1},{"damage":0,"enemies":"3 Sentries","floor":6,"turns":1},{"damage":2,"enemies":"Jaw Worm","floor":8,"turns":3},{"damage":9,"enemies":"2 Fungi Beasts","floor":10,"turns":3},{"damage":18,"enemies":"Gremlin Nob","floor":11,"turns":3},{"damage":7,"enemies":"3 Louse","floor":13,"turns":2},{"damage":0,"enemies":"Looter","floor":14,"turns":3},{"damage":31,"enemies":"Slime Boss","floor":16,"turns":6},{"damage":1,"enemies":"Spheric Guardian","floor":18,"turns":3},{"damage":32,"enemies":"Masked Bandits","floor":19,"turns":4},{"damage":31,"enemies":"Book of Stabbing","floor":24,"turns":4},{"damage":2,"enemies":"3 Byrds","floor":28,"turns":4},{"damage":19,"enemies":"3 Cultists","floor":29,"turns":6},{"damage":7,"enemies":"Snecko","floor":30,"turns":4},{"damage":20,"enemies":"Gremlin Leader","floor":31,"turns":5},{"damage":13,"enemies":"Champ","floor":33,"turns":8},{"damage":21,"enemies":"3 Darklings","floor":35,"turns":3},{"damage":0,"enemies":"Orb Walker","floor":36,"turns":3},{"damage":38,"enemies":"Transient","floor":38,"turns":5},{"damage":16,"enemies":"Maw","floor":39,"turns":7},{"damage":47,"enemies":"Reptomancer","floor":41,"turns":5},{"damage":11,"enemies":"Sphere and 2 Shapes","floor":46,"turns":6},{"damage":36,"enemies":"Transient","floor":47,"turns":5},{"damage":16,"enemies":"Donu and Deca","floor":50,"turns":9}],"seed_played":"7129278613127831418","potions_obtained":[{"floor":2,"key":"Fire Potion"},{"floor":8,"key":"Energy Potion"},{"floor":13,"key":"Strength Potion"},{"floor":14,"key":"Fire Potion"},{"floor":16,"key":"Block Potion"},{"floor":18,"key":"Fire Potion"},{"floor":24,"key":"FocusPotion"},{"floor":29,"key":"SpeedPotion"},{"floor":41,"key":"Explosive Potion"},{"floor":46,"key":"Block Potion"},{"floor":47,"key":"FearPotion"}],"is_trial":false,"path_per_floor":["M","M","?","$","?","E","R","M","T","M","E","R","M","M","R","B",null,"M","?","?","?","$","R","E","R","T","?","M","M","M","E","R","B",null,"M","M","?","M","M","R","E","?","T","R","$","M","M","?","R","B",null],"character_chosen":"DEFECT","items_purchased":["Glacier","ClockworkSouvenir"],"campfire_rested":6,"item_purchase_floors":[4,22],"current_hp_per_floor":[64,64,64,64,64,64,64,62,62,53,35,35,28,28,49,18,58,59,29,29,29,29,29,8,22,22,22,28,19,24,14,28,38,46,30,40,40,16,28,42,10,10,10,24,24,25,7,7,21,43],"gold":1,"neow_bonus":"THREE_ENEMY_KILL","is_prod":false,"is_daily":false,"chose_seed":false,"campfire_upgraded":3,"win_rate":0,"timestamp":1567105382,"path_taken":["M","M","?","$","?","E","R","M","T","M","E","R","M","M","R","BOSS","M","?","?","?","$","R","E","R","T","?","?","M","M","E","R","BOSS","M","M","?","M","M","R","E","?","T","R","$","?","M","?","R","BOSS"],"build_version":"2019-07-17","purchased_purges":0,"victory":true,"max_hp_per_floor":[71,71,71,71,71,71,71,71,71,71,71,71,71,71,71,71,71,71,71,71,49,49,49,49,49,49,49,49,49,49,49,49,49,49,49,49,49,49,49,49,49,49,49,49,49,49,49,49,49,49],"card_choices":[{"not_picked":["Go for the Eyes","Beam Cell"],"picked":"Streamline","floor":1},{"not_picked":["Storm","Undo"],"picked":"Redo","floor":2},{"not_picked":["Fusion","FTL"],"picked":"Core Surge","floor":6},{"not_picked":["Redo","Stack"],"picked":"Coolheaded","floor":8},{"not_picked":["Auto Shields+1","Cold Snap"],"picked":"Ball Lightning","floor":10},{"not_picked":["Beam Cell","Streamline","Cold Snap"],"picked":"SKIP","floor":11},{"not_picked":["Rebound","Rainbow+1"],"picked":"Sweeping Beam","floor":13},{"not_picked":["Go for the Eyes","Sweeping Beam"],"picked":"Darkness+1","floor":14},{"not_picked":["Meteor Strike","Rainbow+1"],"picked":"Machine Learning+1","floor":16},{"not_picked":["Tempest+1","Streamline"],"picked":"Darkness+1","floor":18},{"not_picked":["Undo+1","Hello World+1"],"picked":"Hologram+1","floor":19},{"not_picked":["Self Repair+1","Redo+1"],"picked":"White Noise+1","floor":24},{"not_picked":["Reprogram+1","BootSequence+1"],"picked":"Hologram+1","floor":28},{"not_picked":["Ball Lightning","Rip and Tear","Beam Cell"],"picked":"SKIP","floor":29},{"not_picked":["Streamline","Double Energy+1"],"picked":"Lockon+1","floor":30},{"not_picked":["BootSequence+1","All For One"],"picked":"Compile Driver","floor":31},{"not_picked":["Rainbow+1","Machine Learning+1"],"picked":"Amplify+1","floor":33},{"not_picked":["Beam Cell","Fusion+1"],"picked":"White Noise+1","floor":34},{"not_picked":["Genetic Algorithm+1","BootSequence+1"],"picked":"Redo+1","floor":34},{"not_picked":["Rebound","FTL"],"picked":"Conserve Battery+1","floor":34},{"not_picked":["Undo+1","FTL"],"picked":"Coolheaded+1","floor":34},{"not_picked":["Chill+1","Redo+1"],"picked":"Compile Driver","floor":35},{"not_picked":["Conserve Battery+1","Core Surge","Compile Driver"],"picked":"SKIP","floor":36},{"not_picked":["Sweeping Beam","Barrage"],"picked":"Coolheaded+1","floor":38},{"not_picked":["Steam+1","FTL"],"picked":"Capacitor+1","floor":39},{"not_picked":["Gash+1","Beam Cell+1"],"picked":"Skim+1","floor":41},{"not_picked":["Lockon","Cold Snap","Coolheaded+1"],"picked":"SKIP","floor":46},{"not_picked":["Reprogram+1","Coolheaded+1"],"picked":"Loop+1","floor":47}],"player_experience":744256,"relics_obtained":[{"floor":6,"key":"Bird Faced Urn"},{"floor":9,"key":"Toxic Egg 2"},{"floor":11,"key":"Frozen Egg 2"},{"floor":19,"key":"Red Mask"},{"floor":24,"key":"Pantograph"},{"floor":26,"key":"Blood Vial"},{"floor":31,"key":"War Paint"},{"floor":41,"key":"DataDisk"},{"floor":43,"key":"Bottled Flame"}],"event_choices":[{"cards_removed":["Strike_B"],"damage_healed":0,"gold_gain":0,"player_choice":"Card Removal","damage_taken":0,"max_hp_gain":0,"max_hp_loss":0,"event_name":"The Cleric","floor":3,"gold_loss":75},{"damage_healed":0,"gold_gain":150,"player_choice":"AGREE","damage_taken":0,"max_hp_gain":0,"max_hp_loss":0,"event_name":"Liars Game","floor":5,"gold_loss":0,"cards_obtained":["Doubt"]},{"damage_healed":0,"gold_gain":0,"player_choice":"Fought Bandits","damage_taken":0,"max_hp_gain":0,"max_hp_loss":0,"event_name":"Masked Bandits","floor":19,"gold_loss":0},{"damage_healed":0,"gold_gain":0,"player_choice":"Obtained Relic","damage_taken":0,"relics_obtained":["Ancient Tea Set"],"max_hp_gain":0,"max_hp_loss":0,"event_name":"Addict","floor":20,"gold_loss":85},{"damage_healed":0,"gold_gain":0,"player_choice":"Became a vampire","damage_taken":0,"max_hp_gain":0,"max_hp_loss":22,"event_name":"Vampires","floor":21,"gold_loss":0,"cards_obtained":["Bite","Bite","Bite","Bite","Bite"]},{"cards_removed":["Doubt"],"damage_healed":0,"gold_gain":0,"player_choice":"Elegance","damage_taken":0,"max_hp_gain":0,"max_hp_loss":0,"event_name":"Back to Basics","floor":27,"gold_loss":0},{"damage_healed":0,"gold_gain":222,"player_choice":"Wore Mask","damage_taken":0,"max_hp_gain":0,"max_hp_loss":0,"event_name":"Tomb of Lord Red Mask","floor":37,"gold_loss":0},{"damage_healed":0,"gold_gain":0,"player_choice":"Paid Gold","damage_taken":0,"relics_obtained":["Symbiotic Virus"],"max_hp_gain":0,"max_hp_loss":0,"event_name":"WeMeetAgain","floor":42,"gold_loss":70},{"damage_healed":0,"gold_gain":0,"player_choice":"Ignored","damage_taken":0,"max_hp_gain":0,"max_hp_loss":0,"event_name":"Mysterious Sphere","floor":48,"gold_loss":0}],"is_beta":false,"boss_relics":[{"not_picked":["Runic Dome","Eternal Feather"],"picked":"Ectoplasm"},{"not_picked":["Velvet Choker","Nuclear Battery"],"picked":"Orrery"}],"items_purged_floors":[],"is_endless":false,"potions_floor_spawned":[2,8,13,14,16,18,24,29,41,46,47],"ascension_level":16}