{"gold_per_floor":[119,138,138,153,66,66,86,86,86,86,116,41,58,78,78,155,155,169,15,15,27,47,47,81,81,127,139,139,139,139,20,20,92,92,105,205,80,80,97,97,126,126,207,44,44,44,44,0,0,0],"floor_reached":51,"playtime":2067,"items_purged":["Strike_R","Strike_R","Strike_R"],"score":1245,"play_id":"67454b65-bd27-436b-9355-be142f860c18","local_time":"20190811030802","is_ascension_mode":true,"campfire_choices":[{"data":"Rampage","floor":6.0,"key":"SMITH"},{"data":"Corruption","floor":8.0,"key":"SMITH"},{"data":"Iron Wave","floor":10.0,"key":"SMITH"},{"floor":15.0,"key":"REST"},{"floor":23.0,"key":"REST"},{"floor":25.0,"key":"REST"},{"data":"Heavy Blade","floor":28.0,"key":"SMITH"},{"floor":32.0,"key":"REST"},{"floor":40,"key":"REST"},{"floor":42,"key":"RECALL"},{"floor":47,"key":"REST"},{"floor":49,"key":"REST"}],"neow_cost":"NONE","seed_source_timestamp":0,"circlet_count":0,"master_deck":["AscendersBane","Strike_R","Defend_R","Defend_R","Defend_R","Defend_R","Bash","Reckless Charge","Rampage+1","Iron Wave+1","Corruption+1","Havoc+1","Shockwave+1","Sentinel+1","Demon Form+1","Heavy Blade+1","True Grit+1","Armaments+1","Warcry+1","Pommel Strike+1","Havoc+1","Whirlwind","Evolve","Dark Embrace","Headbutt+1","Whirlwind"],"special_seed":0,"relics":["Burning Blood","Toxic Egg 2","Gremlin Horn","Pear","Shuriken","Sozu","Paper Frog","Orichalcum","Fusion Hammer","Torii","Bird Faced Urn","Pantograph","Oddly Smooth Stone","Red Mask"],"potions_floor_usage":[],"damage_taken":[{"damage":0.0,"enemies":"Small Slimes","floor":1.0,"turns":3.0},{"damage":7.0,"enemies":"2 Louse","floor":2.0,"turns":3.0},{"damage":1.0,"enemies":"Cultist","floor":4.0,"turns":3.0},{"damage":7.0,"enemies":"3 Louse","floor":7.0,"turns":4.0},{"damage":51.0,"enemies":"3 Sentries","floor":11.0,"turns":10.0},{"damage":2.0,"enemies":"Red Slaver","floor":13.0,"turns":3.0},{"damage":1.0,"enemies":"2 Fungi Beasts","floor":14.0,"turns":3.0},{"damage":43.0,"enemies":"Slime Boss","floor":16.0,"turns":10.0},{"damage":2.0,"enemies":"Shell Parasite","floor":18.0,"turns":5.0},{"damage":27.0,"enemies":"Spheric Guardian","floor":21.0,"turns":5.0},{"damage":11.0,"enemies":"Snecko","floor":22.0,"turns":5.0},{"damage":64.0,"enemies":"Gremlin Leader","floor":24.0,"turns":6.0},{"damage":0.0,"enemies":"Centurion and Healer","floor":27.0,"turns":4.0},{"damage":22.0,"enemies":"Collector","floor":33.0,"turns":4.0},{"damage":8,"enemies":"3 Shapes","floor":35,"turns":4},{"damage":15,"enemies":"Mind Bloom Boss Battle","floor":36,"turns":5},{"damage":0,"enemies":"3 Darklings","floor":39,"turns":2},{"damage":6,"enemies":"Reptomancer","floor":41,"turns":3},{"damage":61,"enemies":"Awakened One","floor":50,"turns":7}],"seed_played":"-8744985475885284117","potions_obtained":[{"floor":11.0,"key":"BloodPotion"},{"floor":13.0,"key":"LiquidBronze"}],"is_trial":false,"path_per_floor":["M","M","?","M","?","R","M","R","T","R","E","$","M","M","R","B",null,"M","$","?","M","M","R","E","R","T","M","R","?","?","$","R","B",null,"M","?","$","?","M","R","E","R","T","$","?","$","R","?","R","B",null],"character_chosen":"IRONCLAD","items_purchased":["True Grit+1","Whirlwind","Evolve","Oddly Smooth Stone"],"campfire_rested":7,"item_purchase_floors":[19,31,31,44],"current_hp_per_floor":[74,73,47,52,52,52,51,51,61,61,16,16,20,25,50,13,67,71,71,71,50,45,70,33,58,58,64,64,64,39,39,66,50,80,78,69,69,69,75,85,85,85,85,85,85,85,85,85,85,38],"gold":0,"neow_bonus":"TRANSFORM_CARD","is_prod":false,"is_daily":false,"chose_seed":false,"campfire_upgraded":4,"win_rate":0,"timestamp":1565507282,"path_taken":["M","M","?","M","?","R","M","R","T","R","E","$","?","M","R","BOSS","M","$","?","?","M","R","E","R","T","M","R","?","?","$","R","BOSS","M","?","$","?","M","R","E","R","T","$","?","?","R","?","R","BOSS"],"build_version":"2019-07-17","purchased_purges":3,"victory":true,"max_hp_per_floor":[75,75,75,75,75,75,75,75,85,85,85,85,85,85,85,85,85,85,85,85,85,85,85,85,85,85,85,85,85,90,90,90,90,90,90,90,90,85,85,85,85,85,85,85,85,85,85,85,85,85],"card_choices":[{"not_picked":["Clothesline","Pommel Strike"],"picked":"Rampage","floor":1.0},{"not_picked":["Headbutt","Sword Boomerang"],"picked":"Iron Wave","floor":2.0},{"not_picked":["Reaper","Iron Wave"],"picked":"Corruption","floor":4.0},{"not_picked":["True Grit+1","Anger"],"picked":"Havoc+1","floor":7.0},{"not_picked":["Carnage","Searing Blow","Thunderclap"],"picked":"SKIP","floor":11.0},{"not_picked":["Pommel Strike","Clothesline"],"picked":"Shockwave+1","floor":13.0},{"not_picked":["Burning Pact+1","Metallicize"],"picked":"Sentinel+1","floor":14.0},{"not_picked":["Immolate","Offering+1"],"picked":"Demon Form","floor":16.0},{"not_picked":["Sever Soul+1","Pommel Strike"],"picked":"Heavy Blade","floor":18.0},{"not_picked":["Warcry+1","Pommel Strike"],"picked":"Armaments+1","floor":21.0},{"not_picked":["Combust+1","Clothesline"],"picked":"Warcry+1","floor":22.0},{"not_picked":["Body Slam","Havoc+1"],"picked":"Pommel Strike+1","floor":24.0},{"not_picked":["Pommel Strike+1","Spot Weakness+1"],"picked":"Havoc+1","floor":27.0},{"not_picked":["Reaper","Brutality"],"picked":"Dark Embrace","floor":33.0},{"not_picked":["Wild Strike+1","Carnage"],"picked":"Headbutt+1","floor":35},{"not_picked":["Sword Boomerang","True Grit+1"],"picked":"Whirlwind","floor":36},{"not_picked":["Flex+1","Anger","Armaments+1"],"picked":"SKIP","floor":39},{"not_picked":["Infernal Blade+1","Shockwave+1"],"picked":"Shrug It Off+1","floor":41}],"player_experience":714001,"relics_obtained":[{"floor":9.0,"key":"Pear"},{"floor":11.0,"key":"Shuriken"},{"floor":24.0,"key":"Paper Frog"},{"floor":26.0,"key":"Orichalcum"},{"floor":36,"key":"Torii"},{"floor":41,"key":"Bird Faced Urn"},{"floor":43,"key":"Pantograph"}],"event_choices":[{"damage_healed":0.0,"max_hp_gain":0.0,"max_hp_loss":0.0,"gold_gain":0.0,"event_name":"Scrap Ooze","player_choice":"Success","floor":3.0,"gold_loss":0.0,"damage_taken":26.0,"relics_obtained":["Toxic Egg 2"]},{"damage_healed":0.0,"max_hp_gain":0.0,"max_hp_loss":0.0,"gold_gain":0.0,"event_name":"WeMeetAgain","player_choice":"Paid Gold","floor":5.0,"gold_loss":87.0,"damage_taken":0.0,"relics_obtained":["Gremlin Horn"]},{"damage_healed":0.0,"max_hp_gain":0.0,"max_hp_loss":0.0,"gold_gain":0.0,"event_name":"Upgrade Shrine","player_choice":"Upgraded","floor":20.0,"gold_loss":0.0,"damage_taken":0.0,"cards_upgraded":["Demon Form"]},{"damage_healed":0.0,"max_hp_gain":0.0,"max_hp_loss":0.0,"gold_gain":0.0,"event_name":"Vampires","player_choice":"Ignored","floor":29.0,"gold_loss":0.0,"damage_taken":0.0},{"damage_healed":0.0,"max_hp_gain":5.0,"max_hp_loss":0.0,"gold_gain":0.0,"event_name":"Forgotten Altar","player_choice":"Shed Blood","floor":30.0,"gold_loss":0.0,"damage_taken":30.0},{"damage_healed":0,"gold_gain":0,"player_choice":"Fight","damage_taken":0,"max_hp_gain":0,"max_hp_loss":0,"event_name":"MindBloom","floor":36,"gold_loss":0},{"damage_healed":0,"gold_gain":0,"player_choice":"Max HP","damage_taken":0,"max_hp_gain":0,"max_hp_loss":5,"event_name":"Winding Halls","floor":38,"gold_loss":0},{"cards_removed":["Shrug It Off"],"damage_healed":0,"gold_gain":0,"player_choice":"Removed Skill","damage_taken":0,"max_hp_gain":0,"max_hp_loss":0,"event_name":"Falling","floor":45,"gold_loss":0},{"damage_healed":0,"gold_gain":0,"player_choice":"Paid","damage_taken":0,"relics_obtained":["Red Mask"],"max_hp_gain":0,"max_hp_loss":0,"event_name":"Tomb of Lord Red Mask","floor":48,"gold_loss":44}],"is_beta":false,"boss_relics":[{"not_picked":["Black Blood","Mark of Pain"],"picked":"Sozu"},{"not_picked":["Runic Pyramid","Lizard Tail"],"picked":"Fusion Hammer"}],"items_purged_floors":[12,19,37],"is_endless":false,"potions_floor_spawned":[11,13,16,18,24,36],"ascension_level":16}