{"gold_per_floor":[115,135,135,148,148,186,186,201,227,227,240,240,279,299,299,299],"floor_reached":16,"playtime":1026,"items_purged":[],"score":134,"play_id":"d86a205d-9a5e-46f2-9c1b-034676af1840","local_time":"20180907231243","is_ascension_mode":true,"campfire_choices":[{"floor":7,"key":"REST"},{"floor":10,"key":"REST"},{"data":"Bash","floor":12,"key":"SMITH"},{"data":"Whirlwind","floor":15,"key":"SMITH"}],"neow_cost":"NONE","seed_source_timestamp":2006400486933981,"circlet_count":0,"master_deck":["Strike_R","Strike_R","Strike_R","Strike_R","Strike_R","Defend_R","Defend_R","Defend_R","Defend_R","Bash+1","Clothesline","Headbutt","Whirlwind+1","Twin Strike","Pummel","Double Tap","Warcry"],"relics":["Burning Blood","Bag of Marbles","Golden Idol","Centennial Puzzle","Art of War","PreservedInsect"],"potions_floor_usage":[6,16,16],"damage_taken":[{"damage":4,"enemies":"Jaw Worm","floor":1,"turns":4},{"damage":0,"enemies":"Cultist","floor":2,"turns":2},{"damage":5,"enemies":"Small Slimes","floor":4,"turns":3},{"damage":48,"enemies":"Lagavulin","floor":6,"turns":8},{"damage":0,"enemies":"2 Fungi Beasts","floor":8,"turns":2},{"damage":13,"enemies":"Exordium Thugs","floor":11,"turns":4},{"damage":26,"enemies":"Gremlin Nob","floor":13,"turns":4},{"damage":8,"enemies":"Blue Slaver","floor":14,"turns":2},{"damage":41,"enemies":"Hexaghost","floor":16,"turns":10}],"seed_played":"7658572813367094591","potions_obtained":[{"floor":1,"key":"AttackPotion"},{"floor":2,"key":"SteroidPotion"},{"floor":4,"key":"Swift Potion"},{"floor":14,"key":"Block Potion"}],"is_trial":false,"path_per_floor":["M","M","?","M","?","E","R","M","T","R","M","R","E","M","R"],"character_chosen":"IRONCLAD","items_purchased":[],"campfire_rested":2,"item_purchase_floors":[],"current_hp_per_floor":[80,80,60,61,49,13,37,43,43,67,60,60,40,38,38,0],"gold":299,"neow_bonus":"RANDOM_COMMON_RELIC","is_prod":false,"is_daily":false,"chose_seed":false,"campfire_upgraded":2,"win_rate":0,"timestamp":1536387163,"path_taken":["M","M","?","M","?","E","R","?","T","R","M","R","E","M","R","BOSS"],"build_version":"2018-09-06","purchased_purges":0,"victory":false,"max_hp_per_floor":[80,80,80,80,80,80,80,80,80,80,80,80,80,80,80,80],"card_choices":[{"not_picked":["Bloodletting","Hemokinesis"],"picked":"Clothesline","floor":1},{"not_picked":["Sentinel","Clothesline"],"picked":"Headbutt","floor":2},{"not_picked":["Warcry","Wild Strike"],"picked":"Whirlwind","floor":4},{"not_picked":["Perfected Strike","Entrench"],"picked":"Twin Strike","floor":6},{"not_picked":["Flex","Warcry"],"picked":"Pummel","floor":8},{"not_picked":["Blood for Blood","Bloodletting","Body Slam"],"picked":"SKIP","floor":11},{"not_picked":["Pommel Strike","Combust"],"picked":"Double Tap","floor":13},{"not_picked":["Havoc","Wild Strike"],"picked":"Warcry","floor":14}],"player_experience":324237,"relics_obtained":[{"floor":6,"key":"Centennial Puzzle"},{"floor":9,"key":"Art of War"},{"floor":13,"key":"PreservedInsect"}],"event_choices":[{"event_name":"Golden Idol","player_choice":"Take Damage","floor":3,"damage_taken":0},{"event_name":"Scrap Ooze","player_choice":"unsuccessful","floor":5,"damage_taken":12}],"is_beta":false,"boss_relics":[],"items_purged_floors":[],"is_endless":false,"potions_floor_spawned":[1,2,4,14],"killed_by":"Hexaghost","ascension_level":4}