{"gold_per_floor":[17,28,45,56,73,73,103,68,148,148,163,179,195,345,345,422,422,435,435,453,463,463,463,388,388,459,512,543,543,244,259,259,259],"floor_reached":33,"playtime":2547,"items_purged":["Strike_G","Strike_G"],"score":498,"play_id":"0e899150-1e78-457c-bb54-1be472d80dea","local_time":"20190228142817","is_ascension_mode":true,"campfire_choices":[{"floor":6.0,"key":"REST"},{"floor":10,"key":"REST"},{"floor":15,"key":"REST"},{"floor":23,"key":"REST"},{"floor":25,"key":"REST"},{"floor":29,"key":"REST"},{"floor":32,"key":"REST"}],"neow_cost":"NO_GOLD","seed_source_timestamp":170369890714998,"circlet_count":0,"master_deck":["AscendersBane","Defend_G","Defend_G","Defend_G","Defend_G","Defend_G","Strike_G","Strike_G","Strike_G","Survivor","Neutralize","Dagger Spray","Burst","PiercingWail","Bouncing Flask","Backflip","Dodge and Roll","Backstab","Poisoned Stab","Deadly Poison","Corpse Explosion","PiercingWail+1","Deadly Poison","Leg Sweep+1","Burst","Escape Plan+1","Transmutation+1","Leg Sweep+1"],"special_seed":0,"relics":["Ring of the Snake","The Specimen","Bottled Lightning","Fusion Hammer","Toxic Egg 2","Lantern","Turnip"],"potions_floor_usage":[7,16,16,21,33,33],"damage_taken":[{"damage":5.0,"enemies":"Cultist","floor":1.0,"turns":5.0},{"damage":4.0,"enemies":"Small Slimes","floor":2.0,"turns":3.0},{"damage":2.0,"enemies":"2 Louse","floor":3.0,"turns":3.0},{"damage":26.0,"enemies":"Exordium Wildlife","floor":4.0,"turns":8.0},{"damage":17.0,"enemies":"Gremlin Gang","floor":5.0,"turns":4.0},{"damage":27,"enemies":"3 Sentries","floor":7,"turns":8},{"damage":10,"enemies":"Looter","floor":11,"turns":5},{"damage":8,"enemies":"Blue Slaver","floor":12,"turns":4},{"damage":0,"enemies":"3 Louse","floor":13,"turns":4},{"damage":22,"enemies":"The Guardian","floor":16,"turns":10},{"damage":19,"enemies":"3 Byrds","floor":18,"turns":3},{"damage":12,"enemies":"2 Thieves","floor":20,"turns":3},{"damage":22,"enemies":"Snake Plant","floor":21,"turns":5},{"damage":31,"enemies":"Slavers","floor":28,"turns":4},{"damage":16,"enemies":"Snecko","floor":31,"turns":5},{"damage":62,"enemies":"Automaton","floor":33,"turns":12}],"seed_played":"-950888461714480481","potions_obtained":[{"floor":5.0,"key":"GhostInAJar"},{"floor":12,"key":"AttackPotion"},{"floor":13,"key":"Weak Potion"},{"floor":16,"key":"EssenceOfSteel"},{"floor":20,"key":"Explosive Potion"},{"floor":31,"key":"Poison Potion"}],"is_trial":false,"path_per_floor":["M","M","M","M","M","R","E","?","T","R","M","M","M","?","R","B",null,"M","?","M","M","?","R","$","R","T","T","E","R","$","M","R","B"],"character_chosen":"THE_SILENT","items_purchased":["Transmutation+1"],"campfire_rested":7,"item_purchase_floors":[30],"current_hp_per_floor":[66,62,60,34,17,40,13,32,32,55,45,37,37,37,60,38,68,49,49,37,15,15,38,38,61,61,61,30,53,53,37,60,0],"gold":259,"neow_bonus":"TWENTY_PERCENT_HP_BONUS","is_prod":false,"is_daily":false,"chose_seed":false,"campfire_upgraded":0,"win_rate":0,"timestamp":1551382097,"path_taken":["M","M","M","M","?","R","E","?","T","R","M","M","M","?","R","BOSS","M","?","M","?","?","R","$","R","T","?","E","R","?","M","R","BOSS"],"build_version":"2019-01-23","purchased_purges":2,"victory":false,"max_hp_per_floor":[78,78,78,78,78,78,78,78,78,78,78,78,78,78,78,78,78,78,78,78,78,78,78,78,78,78,78,78,78,78,78,78,78],"card_choices":[{"not_picked":["Slice","Quick Slash"],"picked":"Dagger Spray","floor":1.0},{"not_picked":["Acrobatics","Sucker Punch"],"picked":"Burst","floor":2.0},{"not_picked":["Dagger Throw","Prepared"],"picked":"PiercingWail","floor":3.0},{"not_picked":["Reflex","Blade Dance"],"picked":"Bouncing Flask","floor":4.0},{"not_picked":["Prepared","Deflect"],"picked":"Backflip","floor":5.0},{"not_picked":["Backflip","Slice"],"picked":"Dodge and Roll","floor":7},{"not_picked":["Caltrops","Dagger Spray"],"picked":"Backstab","floor":11},{"not_picked":["Eviscerate","Endless Agony"],"picked":"Poisoned Stab","floor":12},{"not_picked":["Bane","Blur"],"picked":"Deadly Poison","floor":13},{"not_picked":["Venomology","Adrenaline"],"picked":"Corpse Explosion","floor":16},{"not_picked":["Endless Agony","Flying Knee"],"picked":"PiercingWail+1","floor":18},{"not_picked":["Bane","Blade Dance"],"picked":"Deadly Poison","floor":20},{"not_picked":["Blur","Deadly Poison"],"picked":"Leg Sweep+1","floor":21},{"not_picked":["Outmaneuver+1","Heel Hook"],"picked":"Escape Plan+1","floor":28},{"not_picked":["Expertise+1","Tactician+1"],"picked":"Leg Sweep+1","floor":31}],"player_experience":367838,"relics_obtained":[{"floor":7,"key":"The Specimen"},{"floor":9,"key":"Bottled Lightning"},{"floor":26,"key":"Toxic Egg 2"},{"floor":27,"key":"Lantern"},{"floor":28,"key":"Turnip"}],"event_choices":[{"damage_healed":19,"gold_gain":0,"player_choice":"Healed","damage_taken":0,"max_hp_gain":0,"max_hp_loss":0,"event_name":"The Cleric","floor":8,"gold_loss":35},{"damage_healed":0,"gold_gain":150,"player_choice":"AGREE","damage_taken":0,"max_hp_gain":0,"max_hp_loss":0,"event_name":"Liars Game","floor":14,"gold_loss":0,"cards_obtained":["Doubt"]},{"cards_removed":["Doubt"],"damage_healed":0,"gold_gain":0,"player_choice":"Removed Curses","damage_taken":0,"max_hp_gain":0,"max_hp_loss":0,"event_name":"Fountain of Cleansing","floor":19,"gold_loss":0},{"damage_healed":0,"gold_gain":0,"player_choice":"Read","damage_taken":0,"max_hp_gain":0,"max_hp_loss":0,"event_name":"The Library","floor":22,"gold_loss":0,"cards_obtained":["Burst"]}],"is_beta":false,"boss_relics":[{"not_picked":["Empty Cage","Snecko Eye"],"picked":"Fusion Hammer"}],"items_purged_floors":[24,30],"is_endless":false,"potions_floor_spawned":[5,12,13,16,20,31],"killed_by":"Automaton","ascension_level":17}