{"gold_per_floor":[119,132,132,145,10,10,36,36,62,97,22,40,40,65,65,142,142,152,152,152,166,186,186,25,58,83,83,101,101,128,78,78,78],"floor_reached":33,"playtime":1513,"items_purged":["Strike_R","Bite"],"score":637,"play_id":"84edf4c9-2d9e-482a-b462-ae51637aaf15","local_time":"20181114001441","is_ascension_mode":true,"campfire_choices":[{"data":"Bash","floor":6,"key":"SMITH"},{"data":"Clothesline","floor":8,"key":"SMITH"},{"data":"Inflame","floor":13,"key":"SMITH"},{"data":"Armaments","floor":15,"key":"SMITH"},{"data":"Heavy Blade","floor":23,"key":"SMITH"},{"data":"Immolate","floor":27,"key":"SMITH"},{"data":"Shrug It Off","floor":29,"key":"SMITH"},{"floor":32,"key":"REST"}],"neow_cost":"NONE","seed_source_timestamp":4657953154544754,"circlet_count":0,"master_deck":["AscendersBane","Defend_R","Defend_R","Defend_R","Defend_R+1","Bash+1","Clothesline+1","Disarm+1","Dropkick","Inflame+1","Sword Boomerang","Armaments+1","Shrug It Off+1","Immolate+1","Heavy Blade+1","Bite","Bite","Bite","Bite","Spot Weakness+1"],"relics":["Burning Blood","Strawberry","Anchor","Bag of Marbles","Omamori","Snecko Eye","Happy Flower","Dream Catcher","War Paint","Smiling Mask"],"potions_floor_usage":[7,7,10,14,16,16,16,22,33],"damage_taken":[{"damage":14,"enemies":"Jaw Worm","floor":1,"turns":5},{"damage":4,"enemies":"2 Louse","floor":2,"turns":3},{"damage":17,"enemies":"Cultist","floor":4,"turns":4},{"damage":8,"enemies":"Gremlin Nob","floor":7,"turns":3},{"damage":30,"enemies":"3 Sentries","floor":10,"turns":7},{"damage":0,"enemies":"Exordium Wildlife","floor":12,"turns":3},{"damage":0,"enemies":"Gremlin Nob","floor":14,"turns":2},{"damage":55,"enemies":"Slime Boss","floor":16,"turns":13},{"damage":0,"enemies":"2 Thieves","floor":18,"turns":2},{"damage":45,"enemies":"3 Byrds","floor":21,"turns":7},{"damage":19,"enemies":"Cultist and Chosen","floor":22,"turns":6},{"damage":17,"enemies":"Slavers","floor":25,"turns":3},{"damage":8,"enemies":"Shelled Parasite and Fungi","floor":28,"turns":6},{"damage":78,"enemies":"Automaton","floor":33,"turns":8}],"seed_played":"3064860818141830918","potions_obtained":[{"floor":4,"key":"GamblersBrew"},{"floor":7,"key":"SteroidPotion"},{"floor":10,"key":"SteroidPotion"},{"floor":12,"key":"EntropicBrew"},{"floor":21,"key":"Regen Potion"},{"floor":28,"key":"EssenceOfSteel"}],"is_trial":false,"path_per_floor":["M","M","?","M","$","R","E","R","T","E","$","M","R","E","R","B",null,"M","$","?","M","M","R","$","E","T","R","M","R","T","$","R","B"],"character_chosen":"IRONCLAD","items_purchased":["Inflame","Strength Potion","Happy Flower"],"campfire_rested":1,"item_purchase_floors":[5,5,24],"current_hp_per_floor":[67,69,74,63,63,63,68,68,68,44,44,50,50,56,56,7,72,78,78,65,38,45,45,45,41,41,41,47,47,47,47,65,0],"gold":78,"neow_bonus":"TEN_PERCENT_HP_BONUS","is_prod":false,"is_daily":false,"chose_seed":false,"campfire_upgraded":7,"win_rate":0,"timestamp":1542183281,"path_taken":["M","M","?","M","$","R","E","R","T","E","$","M","R","E","R","BOSS","M","$","?","M","M","R","$","E","T","R","M","R","?","$","R","BOSS"],"build_version":"2018-11-13","purchased_purges":2,"victory":false,"max_hp_per_floor":[82,82,87,87,87,87,94,94,94,94,94,94,94,94,94,94,94,94,94,65,65,65,65,65,65,65,65,65,65,65,65,65,65],"card_choices":[{"not_picked":["Twin Strike","Sword Boomerang"],"picked":"Clothesline","floor":1},{"not_picked":["Thunderclap","Power Through"],"picked":"Disarm","floor":2},{"not_picked":["Second Wind","Headbutt"],"picked":"Dropkick","floor":4},{"not_picked":["Corruption","Clash"],"picked":"Sword Boomerang","floor":7},{"not_picked":["Flex","Second Wind"],"picked":"Armaments","floor":10},{"not_picked":["Pummel","Sentinel","Thunderclap"],"picked":"SKIP","floor":12},{"not_picked":["Cleave","Anger"],"picked":"Shrug It Off","floor":14},{"not_picked":["Offering","Dark Embrace"],"picked":"Immolate","floor":16},{"not_picked":["Headbutt","True Grit"],"picked":"Heavy Blade","floor":18},{"not_picked":["Wild Strike+1","Thunderclap+1"],"picked":"Spot Weakness+1","floor":21},{"not_picked":["Burning Pact","Wild Strike","Twin Strike"],"picked":"SKIP","floor":22},{"not_picked":["Dual Wield","Burning Pact","Sword Boomerang"],"picked":"SKIP","floor":25},{"not_picked":["Anger+1","Havoc","Inflame"],"picked":"SKIP","floor":28}],"player_experience":1085068,"relics_obtained":[{"floor":7,"key":"Strawberry"},{"floor":9,"key":"Anchor"},{"floor":10,"key":"Bag of Marbles"},{"floor":14,"key":"Omamori"},{"floor":25,"key":"Dream Catcher"},{"floor":26,"key":"War Paint"},{"floor":30,"key":"Smiling Mask"}],"event_choices":[{"damage_healed":0,"gold_gain":0,"player_choice":"Donut","damage_taken":0,"max_hp_gain":5,"max_hp_loss":0,"event_name":"Big Fish","floor":3,"gold_loss":0},{"damage_healed":0,"gold_gain":0,"player_choice":"Became a vampire","damage_taken":0,"max_hp_gain":0,"max_hp_loss":29,"event_name":"Vampires","floor":20,"gold_loss":0,"cards_obtained":["Bite","Bite","Bite","Bite","Bite"]}],"is_beta":true,"boss_relics":[{"not_picked":["Ectoplasm","Lizard Tail"],"picked":"Snecko Eye"}],"items_purged_floors":[11,31],"is_endless":false,"potions_floor_spawned":[4,7,10,12,21,28],"killed_by":"Automaton","ascension_level":20}