{"gold_per_floor":[117,117,192,39,39,70,17,35,35,49,49,78,78,78,78,156,156,170,70,170,182,182,182],"floor_reached":23,"playtime":1191,"items_purged":["Regret","Strike_R"],"score":440,"play_id":"271a71d4-0553-42ea-ab6f-bae6c0edf847","local_time":"20190424010116","is_ascension_mode":true,"campfire_choices":[{"data":"Bash","floor":11.0,"key":"SMITH"},{"data":"True Grit","floor":15.0,"key":"SMITH"}],"neow_cost":"NONE","seed_source_timestamp":288606563544620,"circlet_count":0,"master_deck":["AscendersBane","Strike_R","Strike_R","Strike_R","Defend_R","Defend_R","Defend_R","Defend_R","Bash+1","Offering","Headbutt","True Grit+1","Feel No Pain+1","Immolate","Shockwave","Thunderclap"],"special_seed":0,"relics":["Burning Blood","NeowsBlessing","Calipers","Oddly Smooth Stone","Frozen Egg 2","Incense Burner","Bronze Scales","Cursed Key","Peace Pipe","Gremlin Horn"],"potions_floor_usage":[],"damage_taken":[{"damage":0.0,"enemies":"Small Slimes","floor":1.0,"turns":1.0},{"damage":0.0,"enemies":"3 Sentries","floor":6.0,"turns":1.0},{"damage":0.0,"enemies":"2 Louse","floor":8.0,"turns":1.0},{"damage":23.0,"enemies":"Jaw Worm","floor":10.0,"turns":4.0},{"damage":19.0,"enemies":"Lagavulin","floor":12.0,"turns":6.0},{"damage":12.0,"enemies":"Hexaghost","floor":16.0,"turns":9.0},{"damage":15.0,"enemies":"3 Byrds","floor":18.0,"turns":3.0},{"damage":8.0,"enemies":"Colosseum Slavers","floor":20.0,"turns":3.0},{"damage":21.0,"enemies":"Colosseum Nobs","floor":20.0,"turns":4.0},{"damage":11.0,"enemies":"Spheric Guardian","floor":21.0,"turns":5.0},{"damage":34,"enemies":"Book of Stabbing","floor":23,"turns":4}],"seed_played":"-151119780256117503","potions_obtained":[{"floor":1.0,"key":"FearPotion"},{"floor":6.0,"key":"FearPotion"},{"floor":12.0,"key":"LiquidBronze"},{"floor":16.0,"key":"AttackPotion"},{"floor":18.0,"key":"Strength Potion"},{"floor":20.0,"key":"FearPotion"}],"is_trial":false,"path_per_floor":["M","?","?","$","T","E","$","M","T","M","R","E","?","?","R","B",null,"M","$","?","M","?","E"],"character_chosen":"IRONCLAD","items_purchased":["Offering","SpeedPotion"],"campfire_rested":0,"item_purchase_floors":[4,7],"current_hp_per_floor":[74,74,63,63,63,69,69,75,75,58,58,45,45,38,38,32,64,55,55,38,33,33,0],"gold":182,"neow_bonus":"THREE_ENEMY_KILL","is_prod":false,"is_daily":false,"chose_seed":false,"campfire_upgraded":2,"win_rate":0,"timestamp":1556060476,"path_taken":["M","?","?","$","?","E","$","?","T","M","R","E","?","?","R","BOSS","M","$","?","M","?","E"],"build_version":"2019-04-21","purchased_purges":2,"victory":false,"max_hp_per_floor":[75,75,75,75,75,75,75,75,75,75,75,75,75,75,75,75,75,75,75,75,75,75,75],"card_choices":[{"not_picked":["Feel No Pain","Flex"],"picked":"Body Slam","floor":1.0},{"not_picked":["Sword Boomerang","Rupture"],"picked":"Headbutt","floor":6.0},{"not_picked":["Rupture+1","Headbutt"],"picked":"True Grit","floor":8.0},{"not_picked":["Second Wind","Sword Boomerang"],"picked":"Feel No Pain+1","floor":10.0},{"not_picked":["Sever Soul","Wild Strike","Twin Strike"],"picked":"SKIP","floor":12.0},{"not_picked":["Double Tap","Reaper"],"picked":"Immolate","floor":16.0},{"not_picked":["Sever Soul","Pummel","Blood for Blood+1"],"picked":"SKIP","floor":18.0},{"not_picked":["Thunderclap","Headbutt+1"],"picked":"Shockwave","floor":20.0},{"not_picked":["Second Wind","Heavy Blade"],"picked":"Thunderclap","floor":21.0}],"player_experience":490852,"relics_obtained":[{"floor":5.0,"key":"Oddly Smooth Stone"},{"floor":6.0,"key":"Frozen Egg 2"},{"floor":9.0,"key":"Incense Burner"},{"floor":12.0,"key":"Bronze Scales"},{"floor":20.0,"key":"Peace Pipe"},{"floor":20.0,"key":"Gremlin Horn"}],"event_choices":[{"damage_healed":0.0,"max_hp_gain":0.0,"max_hp_loss":0.0,"gold_gain":0.0,"event_name":"Big Fish","player_choice":"Box","floor":2.0,"gold_loss":0.0,"damage_taken":0.0,"relics_obtained":["Calipers"],"cards_obtained":["Regret"]},{"damage_healed":0.0,"max_hp_gain":0.0,"max_hp_loss":0.0,"gold_gain":75.0,"event_name":"World of Goop","player_choice":"Gather Gold","floor":3.0,"gold_loss":0.0,"damage_taken":11.0},{"damage_healed":0.0,"max_hp_gain":0.0,"max_hp_loss":0.0,"gold_gain":0.0,"event_name":"Liars Game","player_choice":"Ignored","floor":13.0,"gold_loss":0.0,"damage_taken":0.0},{"cards_removed":["Strike_R"],"damage_healed":0.0,"max_hp_gain":0.0,"max_hp_loss":0.0,"gold_gain":0.0,"event_name":"Golden Wing","player_choice":"Card Removal","floor":14.0,"gold_loss":0.0,"damage_taken":7.0},{"damage_healed":0.0,"max_hp_gain":0.0,"max_hp_loss":0.0,"gold_gain":0.0,"event_name":"Colosseum","player_choice":"Fight","floor":20.0,"gold_loss":0.0,"damage_taken":0.0},{"damage_healed":0.0,"max_hp_gain":0.0,"max_hp_loss":0.0,"gold_gain":0.0,"event_name":"Colosseum","player_choice":"Fought Nobs","floor":20.0,"gold_loss":0.0,"damage_taken":0.0},{"cards_removed":["Body Slam"],"damage_healed":0.0,"max_hp_gain":0.0,"max_hp_loss":0.0,"gold_gain":0.0,"event_name":"Purifier","player_choice":"Purged","floor":22.0,"gold_loss":0.0,"damage_taken":0.0}],"is_beta":true,"boss_relics":[{"not_picked":["Mark of Pain","Snecko Eye"],"picked":"Cursed Key"}],"items_purged_floors":[4,19],"is_endless":false,"potions_floor_spawned":[1,6,12,16,18,20],"killed_by":"Book of Stabbing","ascension_level":20}