{"gold_per_floor":[112,125,24,24,37,37,68,99,135,147,170,182,194],"floor_reached":13,"playtime":623,"items_purged":[],"score":170,"play_id":"6e884a9d-350a-41dc-aa35-b26692f2ee5f","local_time":"20181113234919","is_ascension_mode":true,"campfire_choices":[{"data":"Armaments","floor":6,"key":"SMITH"},{"floor":10,"key":"REST"}],"neow_cost":"NONE","seed_source_timestamp":4657321333246936,"circlet_count":0,"master_deck":["AscendersBane","Strike_R","Strike_R","Strike_R","Defend_R","Defend_R","Defend_R","Defend_R","Bash","Armaments+1","Searing Blow+1","Evolve","Headbutt","Warcry","Spot Weakness","Juggernaut"],"relics":["Burning Blood","MawBank","PreservedInsect"],"potions_floor_usage":[13],"damage_taken":[{"damage":5,"enemies":"Small Slimes","floor":1,"turns":4},{"damage":7,"enemies":"Cultist","floor":2,"turns":4},{"damage":6,"enemies":"Jaw Worm","floor":5,"turns":5},{"damage":52,"enemies":"Lagavulin","floor":7,"turns":9},{"damage":20,"enemies":"Red Slaver","floor":8,"turns":5},{"damage":17,"enemies":"Gremlin Gang","floor":11,"turns":6},{"damage":19,"enemies":"3 Sentries","floor":13,"turns":6}],"seed_played":"-8677788603991112836","potions_obtained":[{"floor":2,"key":"Ancient Potion"},{"floor":11,"key":"Dexterity Potion"}],"is_trial":false,"path_per_floor":["M","M","$","?","M","R","E","M","T","R","M","?","E"],"character_chosen":"IRONCLAD","items_purchased":["Evolve","Headbutt"],"campfire_rested":1,"item_purchase_floors":[3,3],"current_hp_per_floor":[69,68,68,68,68,68,22,8,8,30,19,19,0],"gold":194,"neow_bonus":"REMOVE_CARD","is_prod":false,"is_daily":false,"chose_seed":false,"campfire_upgraded":1,"win_rate":0,"timestamp":1542181759,"path_taken":["M","M","$","?","?","R","E","?","T","R","M","?","E"],"build_version":"2018-11-13","purchased_purges":0,"victory":false,"max_hp_per_floor":[75,75,75,75,75,75,75,75,75,75,75,75,75],"card_choices":[{"not_picked":["Flex","Disarm"],"picked":"Armaments","floor":1},{"not_picked":["Thunderclap","Sword Boomerang"],"picked":"Searing Blow","floor":2},{"not_picked":["Pommel Strike","Blood for Blood"],"picked":"Warcry","floor":5},{"not_picked":["Dual Wield","Perfected Strike","Flex"],"picked":"SKIP","floor":7},{"not_picked":["Armaments","Sentinel"],"picked":"Spot Weakness","floor":8},{"not_picked":["Fire Breathing","Flame Barrier"],"picked":"Juggernaut","floor":11}],"player_experience":1084445,"relics_obtained":[{"floor":7,"key":"MawBank"},{"floor":9,"key":"PreservedInsect"}],"event_choices":[{"cards_removed":["Strike_R"],"damage_healed":0,"gold_gain":0,"player_choice":"Purged","damage_taken":0,"max_hp_gain":0,"max_hp_loss":0,"event_name":"Purifier","floor":4,"gold_loss":0},{"damage_healed":0,"gold_gain":0,"player_choice":"Upgraded","damage_taken":0,"max_hp_gain":0,"max_hp_loss":0,"event_name":"Upgrade Shrine","floor":12,"gold_loss":0,"cards_upgraded":["Searing Blow"]}],"is_beta":true,"boss_relics":[],"items_purged_floors":[],"is_endless":false,"potions_floor_spawned":[2,11],"killed_by":"3 Sentries","ascension_level":20}