{"gold_per_floor":[116,131,131,149,161,161,161,161,184,184,219,46,62,93,93,171,171,184,184,202,202,8,8],"floor_reached":23,"playtime":1868,"items_purged":["Strike_B","Strike_B"],"score":398,"play_id":"e358466c-0bb7-4149-ad1f-cfb5440ecb74","local_time":"20190518130026","is_ascension_mode":true,"campfire_choices":[{"data":"Static Discharge","floor":6.0,"key":"SMITH"},{"data":"Go for the Eyes","floor":8.0,"key":"SMITH"},{"data":"Zap","floor":10.0,"key":"SMITH"},{"data":"Defragment","floor":15.0,"key":"SMITH"}],"neow_cost":"TEN_PERCENT_HP_LOSS","seed_source_timestamp":295802720901000,"circlet_count":0,"master_deck":["AscendersBane","Strike_B","Defend_B","Defend_B","Defend_B","Defend_B","Zap+1","Dualcast+1","Self Repair","Static Discharge+1","Go for the Eyes+1","Barrage","Auto Shields","Cold Snap","Defragment+1","Consume","Buffer","Cold Snap","Doom and Gloom","Capacitor","Conserve Battery"],"special_seed":0,"relics":["Cracked Core","FossilizedHelix","PreservedInsect","Blood Vial","Sozu","Nloth\u0027s Gift","GremlinMask"],"potions_floor_usage":[23],"damage_taken":[{"damage":0.0,"enemies":"Cultist","floor":1.0,"turns":3.0},{"damage":0.0,"enemies":"2 Louse","floor":2.0,"turns":1.0},{"damage":0.0,"enemies":"Small Slimes","floor":4.0,"turns":4.0},{"damage":31.0,"enemies":"Gremlin Gang","floor":5.0,"turns":4.0},{"damage":19.0,"enemies":"Gremlin Nob","floor":11.0,"turns":4.0},{"damage":8.0,"enemies":"3 Louse","floor":13.0,"turns":3.0},{"damage":9.0,"enemies":"3 Sentries","floor":14.0,"turns":7.0},{"damage":1.0,"enemies":"The Guardian","floor":16.0,"turns":10.0},{"damage":0,"enemies":"Shell Parasite","floor":18,"turns":9},{"damage":6,"enemies":"Chosen","floor":20,"turns":5},{"damage":67,"enemies":"Gremlin Leader","floor":23,"turns":7}],"seed_played":"-6389150843506708401","potions_obtained":[{"floor":2.0,"key":"LiquidBronze"},{"floor":16.0,"key":"Fire Potion"}],"is_trial":false,"path_per_floor":["M","M","?","M","M","R","?","R","T","R","E","$","M","E","R","B",null,"M","?","M","?","$","E"],"character_chosen":"DEFECT","items_purchased":["Cold Snap","Defragment","Capacitor","Conserve Battery"],"campfire_rested":0,"item_purchase_floors":[12,12,22,22],"current_hp_per_floor":[64,64,64,64,40,40,33,33,33,33,21,21,22,22,22,30,56,64,64,64,64,64,0],"gold":8,"neow_bonus":"ONE_RARE_RELIC","is_prod":false,"is_daily":false,"chose_seed":false,"campfire_upgraded":4,"win_rate":0,"timestamp":1558209626,"path_taken":["M","M","?","M","?","R","?","R","T","R","E","$","M","E","R","BOSS","M","?","?","?","$","E"],"build_version":"2019-05-07","purchased_purges":2,"victory":false,"max_hp_per_floor":[64,64,64,64,64,64,64,64,64,64,64,64,64,64,64,64,64,64,64,64,64,64,64],"card_choices":[{"not_picked":["Streamline","Rebound"],"picked":"Self Repair","floor":1.0},{"not_picked":["Redo","Conserve Battery"],"picked":"Static Discharge","floor":2.0},{"not_picked":["Rebound","Hologram"],"picked":"Go for the Eyes","floor":4.0},{"not_picked":["Heatsinks","Stack"],"picked":"Barrage","floor":5.0},{"not_picked":["Beam Cell","Barrage"],"picked":"Auto Shields","floor":11.0},{"not_picked":["Compile Driver","Hologram","Redo"],"picked":"SKIP","floor":13.0},{"not_picked":["FTL","Chaos"],"picked":"Consume","floor":14.0},{"not_picked":["Creative AI","Machine Learning"],"picked":"Buffer","floor":16.0},{"not_picked":["Turbo","Steam"],"picked":"Cold Snap","floor":18},{"not_picked":["Skim","Hologram"],"picked":"Doom and Gloom","floor":20}],"player_experience":3454631,"relics_obtained":[{"floor":9.0,"key":"PreservedInsect"},{"floor":11.0,"key":"Blood Vial"},{"floor":14.0,"key":"Letter Opener"}],"event_choices":[{"damage_healed":0.0,"max_hp_gain":0.0,"max_hp_loss":0.0,"gold_gain":0.0,"event_name":"Upgrade Shrine","player_choice":"Upgraded","floor":3.0,"gold_loss":0.0,"damage_taken":0.0,"cards_upgraded":["Dualcast"]},{"cards_removed":["Strike_B"],"damage_healed":0.0,"max_hp_gain":0.0,"max_hp_loss":0.0,"gold_gain":0.0,"event_name":"Golden Wing","player_choice":"Card Removal","floor":7.0,"gold_loss":0.0,"damage_taken":7.0},{"damage_healed":0,"gold_gain":0,"player_choice":"Traded Relic","damage_taken":0,"relics_obtained":["Nloth\u0027s Gift"],"max_hp_gain":0,"max_hp_loss":0,"event_name":"N\u0027loth","floor":19,"relics_lost":["Letter Opener"],"gold_loss":0},{"damage_healed":0,"gold_gain":0,"player_choice":"Trade","damage_taken":0,"relics_obtained":["GremlinMask"],"max_hp_gain":0,"max_hp_loss":0,"event_name":"FaceTrader","floor":21,"gold_loss":0}],"is_beta":true,"boss_relics":[{"not_picked":["Runic Dome","Fusion Hammer"],"picked":"Sozu"}],"items_purged_floors":[12,22],"is_endless":false,"potions_floor_spawned":[2,16,20],"killed_by":"Gremlin Leader","ascension_level":20}