{"gold_per_floor":[113,127,29,45,45,45,71,246,295,330,280,280,293,309,309,407,407,420,620,604,604,529,529,554,565,565,581,40,67,67,15,15,112,162,178,188,188,158,169,194,194,226,226,226,49,77,77,77,77,77],"floor_reached":50,"playtime":3745,"items_purged":["Strike_G","Strike_G","Defend_G"],"score":714,"play_id":"8b53dd39-345d-4e1f-8d27-ae56413513cb","local_time":"20190317222026","is_ascension_mode":true,"campfire_choices":[{"data":"Neutralize","floor":6,"key":"SMITH"},{"floor":12,"key":"REST"},{"data":"Noxious Fumes","floor":15,"key":"SMITH"},{"floor":23,"key":"REST"},{"floor":30,"key":"REST"},{"floor":32,"key":"REST"},{"floor":41,"key":"REST"},{"floor":44,"key":"REST"},{"floor":49,"key":"REST"}],"neow_cost":"NONE","seed_source_timestamp":30712800371033,"circlet_count":0,"master_deck":["Defend_G","Defend_G","Defend_G","Defend_G","Strike_G+1","Strike_G+1","Survivor","Neutralize+1","Leg Sweep","Dodge and Roll","Noxious Fumes+1","Terror","After Image+1","Acrobatics","Sucker Punch","Glass Knife","Poisoned Stab+1","Noxious Fumes","Dagger Spray+1","Crippling Poison","Slice+1","Backflip","Noxious Fumes","Heel Hook+1","Escape Plan+1","A Thousand Cuts","Quick Slash+1","Acrobatics+1","Prepared+1","Predator+1","Deflect"],"relics":["Ring of the Snake","Snake Skull","Whetstone","Dream Catcher","Shuriken","Runic Dome","MutagenicStrength","Kunai","Bottled Lightning","Meat on the Bone","Tough Bandages","Tiny House","Letter Opener","Omamori","Question Card","Gremlin Horn"],"potions_floor_usage":[7,16,16,24,29,29,33,33,35,36,39,39,46,50,50],"damage_taken":[{"damage":1,"enemies":"Small Slimes","floor":1,"turns":3},{"damage":0,"enemies":"2 Louse","floor":2,"turns":3},{"damage":0,"enemies":"Cultist","floor":4,"turns":5},{"damage":3,"enemies":"3 Sentries","floor":7,"turns":6},{"damage":26,"enemies":"Gremlin Nob","floor":10,"turns":6},{"damage":2,"enemies":"Blue Slaver","floor":13,"turns":4},{"damage":9,"enemies":"3 Louse","floor":14,"turns":4},{"damage":36,"enemies":"Slime Boss","floor":16,"turns":12},{"damage":12,"enemies":"Chosen","floor":18,"turns":6},{"damage":10,"enemies":"2 Thieves","floor":20,"turns":4},{"damage":13,"enemies":"Book of Stabbing","floor":24,"turns":5},{"damage":32,"enemies":"Chosen and Byrds","floor":25,"turns":6},{"damage":5,"enemies":"Centurion and Healer","floor":27,"turns":5},{"damage":11,"enemies":"Gremlin Leader","floor":29,"turns":5},{"damage":20,"enemies":"Collector","floor":33,"turns":7},{"damage":8,"enemies":"3 Shapes","floor":35,"turns":4},{"damage":10,"enemies":"3 Darklings","floor":36,"turns":5},{"damage":41,"enemies":"Jaw Worm Horde","floor":39,"turns":4},{"damage":18,"enemies":"Reptomancer","floor":40,"turns":6},{"damage":36,"enemies":"Nemesis","floor":42,"turns":7},{"damage":41,"enemies":"Giant Head","floor":46,"turns":7},{"damage":73,"enemies":"Time Eater","floor":50,"turns":6}],"seed_played":"-6671290424885808987","potions_obtained":[{"floor":1,"key":"Dexterity Potion"},{"floor":4,"key":"PowerPotion"},{"floor":10,"key":"LiquidBronze"},{"floor":13,"key":"Swift Potion"},{"floor":14,"key":"FairyPotion"},{"floor":18,"key":"SpeedPotion"},{"floor":20,"key":"Energy Potion"},{"floor":29,"key":"PowerPotion"},{"floor":33,"key":"Block Potion"},{"floor":34,"key":"Energy Potion"},{"floor":35,"key":"Explosive Potion"},{"floor":38,"key":"Weak Potion"},{"floor":42,"key":"PowerPotion"},{"floor":46,"key":"FearPotion"}],"is_trial":false,"path_per_floor":["M","M","$","M","$","R","E","?","T","E","?","R","M","M","R","B",null,"M","?","M","?","?","R","E","M","T","M","$","E","R","$","R","B",null,"M","M","?","?","M","E","R","E","T","R","$","E","?","$","R","B"],"character_chosen":"THE_SILENT","items_purchased":["Dodge and Roll","Meat on the Bone","Backflip","Noxious Fumes","Fruit Juice","Block Potion","Strength Potion"],"campfire_rested":7,"item_purchase_floors":[3,28,28,28,28,31,45],"current_hp_per_floor":[69,69,69,69,69,69,66,66,66,40,40,61,59,50,50,14,70,58,58,48,48,48,69,56,24,24,19,19,25,47,47,69,49,80,72,62,62,62,33,27,51,27,27,51,51,22,22,22,46,0],"gold":77,"neow_bonus":"RANDOM_COMMON_RELIC","is_prod":false,"is_daily":false,"chose_seed":false,"campfire_upgraded":2,"win_rate":0,"timestamp":1552857626,"path_taken":["M","M","$","M","$","R","E","?","T","E","?","R","M","M","R","BOSS","M","?","?","?","?","R","E","M","T","M","$","E","R","?","R","BOSS","M","M","?","?","?","E","R","E","T","R","$","E","?","?","R","BOSS"],"build_version":"2019-03-15","purchased_purges":3,"victory":false,"max_hp_per_floor":[70,70,70,70,70,70,70,70,70,70,70,70,70,70,70,70,70,70,70,70,70,70,70,70,70,70,70,70,75,75,75,75,75,80,80,80,80,80,80,80,80,80,80,80,80,80,80,80,80,80],"card_choices":[{"not_picked":["Expertise","Cloak And Dagger"],"picked":"Leg Sweep","floor":1},{"not_picked":["Blade Dance","Flying Knee","Poisoned Stab"],"picked":"SKIP","floor":2},{"not_picked":["Cloak And Dagger","Dodge and Roll"],"picked":"Noxious Fumes","floor":4},{"not_picked":["Dagger Spray","Accuracy"],"picked":"Terror","floor":7},{"not_picked":["Choke","Underhanded Strike"],"picked":"After Image","floor":10},{"not_picked":["Flying Knee","PiercingWail"],"picked":"Acrobatics","floor":12},{"not_picked":["Bane","Acrobatics","Underhanded Strike"],"picked":"SKIP","floor":13},{"not_picked":["Riddle With Holes","PiercingWail"],"picked":"Sucker Punch","floor":14},{"not_picked":["Adrenaline","Grand Finale"],"picked":"Glass Knife","floor":16},{"not_picked":["Caltrops+1","Concentrate"],"picked":"Poisoned Stab+1","floor":18},{"not_picked":["Acrobatics","Eviscerate"],"picked":"Noxious Fumes","floor":20},{"not_picked":["Choke","Blade Dance"],"picked":"Dagger Spray+1","floor":24},{"not_picked":["Burst","Deadly Poison"],"picked":"Crippling Poison","floor":25},{"not_picked":["Choke","Blade Dance+1"],"picked":"Slice+1","floor":27},{"not_picked":["Riddle With Holes","Slice"],"picked":"Heel Hook+1","floor":29},{"not_picked":["Heel Hook+1","Bane"],"picked":"Escape Plan+1","floor":30},{"not_picked":["Wraith Form v2","Grand Finale"],"picked":"A Thousand Cuts","floor":33},{"not_picked":["Cloak And Dagger","Acrobatics","Dagger Spray"],"picked":"SKIP","floor":35},{"not_picked":["Blade Dance+1","Masterful Stab"],"picked":"Quick Slash+1","floor":36},{"not_picked":["Leg Sweep","Quick Slash+1","Infinite Blades+1"],"picked":"SKIP","floor":39},{"not_picked":["Poisoned Stab+1","Underhanded Strike+1"],"picked":"Acrobatics+1","floor":40},{"not_picked":["Crippling Poison","Deadly Poison"],"picked":"Prepared+1","floor":41},{"not_picked":["Night Terror","Acrobatics+1","Quick Slash"],"picked":"SKIP","floor":42},{"not_picked":["Prepared","Cloak And Dagger","Bouncing Flask"],"picked":"Predator+1","floor":44},{"not_picked":["Flechettes","Acrobatics+1","Predator+1","Finisher"],"picked":"SKIP","floor":46},{"not_picked":["PiercingWail","Choke+1","Setup"],"picked":"Deflect","floor":49}],"player_experience":292927,"relics_obtained":[{"floor":7,"key":"Whetstone"},{"floor":9,"key":"Dream Catcher"},{"floor":10,"key":"Shuriken"},{"floor":24,"key":"Kunai"},{"floor":26,"key":"Bottled Lightning"},{"floor":29,"key":"Tough Bandages"},{"floor":40,"key":"Letter Opener"},{"floor":42,"key":"Omamori"},{"floor":43,"key":"Question Card"},{"floor":46,"key":"Gremlin Horn"}],"event_choices":[{"damage_healed":0,"gold_gain":175,"player_choice":"AGREE","damage_taken":0,"max_hp_gain":0,"max_hp_loss":0,"event_name":"Liars Game","floor":8,"gold_loss":0,"cards_obtained":["Doubt"]},{"cards_removed":["Doubt"],"damage_healed":0,"gold_gain":0,"player_choice":"Card Removal","damage_taken":0,"max_hp_gain":0,"max_hp_loss":0,"event_name":"The Cleric","floor":11,"gold_loss":50},{"damage_healed":0,"gold_gain":250,"player_choice":"Bet on Owner","damage_taken":0,"max_hp_gain":0,"max_hp_loss":0,"event_name":"The Joust","floor":19,"gold_loss":50},{"damage_healed":0,"gold_gain":0,"player_choice":"Inject Mutagens","damage_taken":0,"relics_obtained":["MutagenicStrength"],"max_hp_gain":0,"max_hp_loss":0,"event_name":"Drug Dealer","floor":21,"gold_loss":0},{"cards_removed":["Strike_G"],"damage_healed":0,"gold_gain":0,"player_choice":"Gave Gold","damage_taken":0,"max_hp_gain":0,"max_hp_loss":0,"event_name":"Beggar","floor":22,"gold_loss":75},{"damage_healed":0,"gold_gain":0,"player_choice":"Ignored","damage_taken":0,"max_hp_gain":0,"max_hp_loss":0,"event_name":"Tomb of Lord Red Mask","floor":37,"gold_loss":0},{"damage_healed":0,"gold_gain":0,"player_choice":"Bought 2 Potions","damage_taken":0,"max_hp_gain":0,"max_hp_loss":0,"event_name":"The Woman in Blue","floor":38,"gold_loss":0},{"damage_healed":0,"gold_gain":0,"player_choice":"Ignored","damage_taken":0,"max_hp_gain":0,"max_hp_loss":0,"event_name":"Mysterious Sphere","floor":47,"gold_loss":0}],"is_beta":true,"boss_relics":[{"not_picked":["Snecko Eye","Eternal Feather"],"picked":"Runic Dome"},{"not_picked":["Astrolabe","WristBlade"],"picked":"Tiny House"}],"items_purged_floors":[3,28,45],"is_endless":false,"potions_floor_spawned":[1,4,10,13,14,18,20,29,33,35,42,46],"killed_by":"Time Eater","ascension_level":4}