{"gold_per_floor":[214,227,242,63,63,63,94,14,39,65,82,82,92,109,109,211,211,227,327,327,343,27,44,144,144,171,171],"floor_reached":27,"playtime":2712,"items_purged":["Strike_R"],"score":245,"play_id":"0e68e19f-3309-4349-a410-ed180821f01f","local_time":"20181103005337","is_ascension_mode":true,"campfire_choices":[{"data":"Corruption","floor":6,"key":"SMITH"},{"data":"Pommel Strike","floor":12,"key":"SMITH"},{"floor":15,"key":"REST"},{"data":"Strike_R","floor":25,"key":"PURGE"}],"neow_cost":"NONE","seed_source_timestamp":59500282474547,"circlet_count":0,"master_deck":["Strike_R","Strike_R","Strike_R","Defend_R","Defend_R","Defend_R","Defend_R","Bash","Iron Wave","Corruption+1","Shockwave","Violence","Madness","Headbutt","Double Tap","Double Tap","Pommel Strike+1","Spot Weakness","Offering","Armaments","Decay","Armaments+1","Feel No Pain","Shrug It Off","Rage","Writhe"],"relics":["Burning Blood","Oddly Smooth Stone","PreservedInsect","Bag of Marbles","Cursed Key","Peace Pipe","Shuriken","Bag of Preparation","Bronze Scales"],"potions_floor_usage":[7,16,16,16,27],"damage_taken":[{"damage":1,"enemies":"Cultist","floor":1,"turns":3},{"damage":4,"enemies":"2 Louse","floor":2,"turns":3},{"damage":3,"enemies":"Jaw Worm","floor":3,"turns":5},{"damage":47,"enemies":"3 Sentries","floor":7,"turns":11},{"damage":2,"enemies":"Lagavulin","floor":10,"turns":5},{"damage":3,"enemies":"Blue Slaver","floor":11,"turns":4},{"damage":18,"enemies":"Gremlin Gang","floor":13,"turns":5},{"damage":19,"enemies":"Exordium Thugs","floor":14,"turns":3},{"damage":13,"enemies":"Hexaghost","floor":16,"turns":6},{"damage":6,"enemies":"Spheric Guardian","floor":18,"turns":3},{"damage":19,"enemies":"Colosseum Slavers","floor":19,"turns":4},{"damage":48,"enemies":"Colosseum Nobs","floor":19,"turns":5},{"damage":14,"enemies":"3 Byrds","floor":21,"turns":4},{"damage":5,"enemies":"Snake Plant","floor":23,"turns":5},{"damage":19,"enemies":"Sentry and Sphere","floor":27,"turns":3}],"seed_played":"-4085341268246900682","potions_obtained":[{"floor":1,"key":"Swift Potion"},{"floor":10,"key":"AttackPotion"},{"floor":11,"key":"LiquidBronze"},{"floor":13,"key":"SpeedPotion"},{"floor":16,"key":"FearPotion"},{"floor":18,"key":"Poison Potion"},{"floor":23,"key":"PowerPotion"}],"is_trial":false,"path_per_floor":["M","M","M","$","?","R","E","$","T","E","M","R","M","M","R","B",null,"M","?","?","M","$","M","?","R","T","M"],"character_chosen":"IRONCLAD","items_purchased":["Violence","Double Tap","Feel No Pain","Shrug It Off","Bag of Preparation"],"campfire_rested":1,"item_purchase_floors":[4,8,22,22,22],"current_hp_per_floor":[80,80,80,80,80,80,39,39,39,43,46,46,34,21,45,38,80,80,25,25,17,17,18,18,18,18,0],"gold":171,"neow_bonus":"HUNDRED_GOLD","is_prod":false,"is_daily":false,"chose_seed":false,"campfire_upgraded":2,"win_rate":0,"timestamp":1541202817,"path_taken":["M","?","?","$","?","R","E","$","T","E","?","R","M","M","R","BOSS","M","?","?","M","$","M","?","R","T","?"],"build_version":"2018-11-01","purchased_purges":1,"victory":false,"max_hp_per_floor":[80,80,80,80,80,80,80,80,80,80,80,80,80,80,80,80,80,80,80,80,80,80,80,80,80,80,80],"card_choices":[{"not_picked":["Clothesline","Disarm"],"picked":"Iron Wave","floor":1},{"not_picked":["Anger","Clothesline"],"picked":"Corruption","floor":2},{"not_picked":["Intimidate","Cleave"],"picked":"Shockwave","floor":3},{"not_picked":["True Grit","Clothesline"],"picked":"Headbutt","floor":7},{"not_picked":["Warcry","Whirlwind"],"picked":"Double Tap","floor":10},{"not_picked":["Dropkick","Wild Strike"],"picked":"Pommel Strike","floor":11},{"not_picked":["Thunderclap","Anger","Perfected Strike"],"picked":"SKIP","floor":13},{"not_picked":["Thunderclap","True Grit"],"picked":"Spot Weakness","floor":14},{"not_picked":["Immolate","Limit Break"],"picked":"Offering","floor":16},{"not_picked":["Hemokinesis+1","Heavy Blade+1"],"picked":"Armaments","floor":18},{"not_picked":["Clothesline+1","Headbutt"],"picked":"Armaments+1","floor":21},{"not_picked":["Wild Strike","Uppercut"],"picked":"Rage","floor":23}],"player_experience":24213,"relics_obtained":[{"floor":7,"key":"Oddly Smooth Stone"},{"floor":9,"key":"PreservedInsect"},{"floor":10,"key":"Bag of Marbles"},{"floor":19,"key":"Peace Pipe"},{"floor":19,"key":"Shuriken"},{"floor":26,"key":"Bronze Scales"}],"event_choices":[{"damage_healed":0,"gold_gain":0,"player_choice":"1 cards matched","damage_taken":0,"max_hp_gain":0,"max_hp_loss":0,"event_name":"Match and Keep!","floor":5,"gold_loss":0,"cards_obtained":["Madness"]},{"damage_healed":0,"gold_gain":0,"player_choice":"Fight","damage_taken":0,"max_hp_gain":0,"max_hp_loss":0,"event_name":"Colosseum","floor":19,"gold_loss":0},{"damage_healed":0,"gold_gain":0,"player_choice":"Fought Nobs","damage_taken":0,"max_hp_gain":0,"max_hp_loss":0,"event_name":"Colosseum","floor":19,"gold_loss":0},{"damage_healed":0,"gold_gain":0,"player_choice":"Smashed Altar","damage_taken":0,"max_hp_gain":0,"max_hp_loss":0,"event_name":"Forgotten Altar","floor":20,"gold_loss":0,"cards_obtained":["Decay"]},{"damage_healed":0,"gold_gain":100,"player_choice":"Pray","damage_taken":0,"max_hp_gain":0,"max_hp_loss":0,"event_name":"Golden Shrine","floor":24,"gold_loss":0}],"is_beta":false,"boss_relics":[{"not_picked":["Runic Dome","Eternal Feather"],"picked":"Cursed Key"}],"items_purged_floors":[22],"is_endless":false,"potions_floor_spawned":[1,10,11,13,16,18,23],"killed_by":"Sentry and Sphere","ascension_level":2}