{"gold_per_floor":[111,123,135,135,135,135,159,193,220,220,233,258,258,282,282,282],"floor_reached":16,"playtime":681,"items_purged":[],"score":208,"play_id":"589c1425-6b93-4aed-8816-dad8908a4418","local_time":"20190124234158","is_ascension_mode":true,"campfire_choices":[{"data":"Neutralize","floor":6.0,"key":"SMITH"},{"floor":10.0,"key":"REST"},{"floor":15,"key":"REST"}],"neow_cost":"NONE","seed_source_timestamp":0,"circlet_count":0,"master_deck":["AscendersBane","Defend_G","Defend_G","Defend_G","Defend_G","Defend_G","Strike_G","Strike_G","Strike_G","Strike_G","Strike_G","Survivor","Neutralize+1","Dagger Throw","All Out Attack","Dagger Throw","Deadly Poison","Corpse Explosion","Backstab","Bullet Time"],"special_seed":0,"relics":["Ring of the Snake","Ancient Tea Set","Golden Idol","Orichalcum","Bag of Preparation"],"potions_floor_usage":[],"damage_taken":[{"damage":6.0,"enemies":"Small Slimes","floor":1.0,"turns":6.0},{"damage":1.0,"enemies":"Cultist","floor":2.0,"turns":4.0},{"damage":0.0,"enemies":"2 Louse","floor":3.0,"turns":3.0},{"damage":29.0,"enemies":"Large Slime","floor":7.0,"turns":7.0},{"damage":14.0,"enemies":"Gremlin Nob","floor":8.0,"turns":4.0},{"damage":0,"enemies":"Exordium Wildlife","floor":11,"turns":2},{"damage":0,"enemies":"3 Louse","floor":12,"turns":1},{"damage":9,"enemies":"Large Slime","floor":14,"turns":5},{"damage":36,"enemies":"Slime Boss","floor":16,"turns":6}],"seed_played":"-1318891268582589480","potions_obtained":[{"floor":2.0,"key":"AttackPotion"},{"floor":7.0,"key":"Weak Potion"}],"is_trial":false,"path_per_floor":["M","M","M","?","?","R","M","E","T","R","M","M","?","M","R","B"],"character_chosen":"THE_SILENT","items_purchased":[],"campfire_rested":2,"item_purchase_floors":[],"current_hp_per_floor":[53,52,52,52,52,52,23,9,9,27,27,27,27,18,36,0],"gold":282,"neow_bonus":"RANDOM_COMMON_RELIC","is_prod":false,"is_daily":false,"chose_seed":false,"campfire_upgraded":1,"win_rate":0,"timestamp":1548402118,"path_taken":["M","M","M","?","?","R","M","E","T","R","?","M","?","M","R","BOSS"],"build_version":"2019-01-23","purchased_purges":0,"victory":false,"max_hp_per_floor":[66,66,66,60,60,60,60,60,60,60,60,60,60,60,60,60],"card_choices":[{"not_picked":["Endless Agony","Dodge and Roll"],"picked":"Dagger Throw","floor":1.0},{"not_picked":["PiercingWail","Deflect"],"picked":"All Out Attack","floor":2.0},{"not_picked":["Acrobatics","Concentrate"],"picked":"Dagger Throw","floor":3.0},{"not_picked":["Quick Slash","Heel Hook"],"picked":"Deadly Poison","floor":7.0},{"not_picked":["Deflect","Acrobatics"],"picked":"Corpse Explosion","floor":8.0},{"not_picked":["Blade Dance","Dagger Throw"],"picked":"Backstab","floor":11},{"not_picked":["Dodge and Roll","Skewer","Outmaneuver"],"picked":"SKIP","floor":12},{"not_picked":["Slice","Sucker Punch"],"picked":"Bullet Time","floor":14}],"player_experience":1203312,"relics_obtained":[{"floor":8.0,"key":"Orichalcum"},{"floor":9.0,"key":"Bag of Preparation"}],"event_choices":[{"damage_healed":0.0,"max_hp_gain":0.0,"max_hp_loss":6.0,"gold_gain":0.0,"event_name":"Golden Idol","player_choice":"Lose Max HP","floor":4.0,"gold_loss":0.0,"damage_taken":0.0,"relics_obtained":["Golden Idol"]},{"damage_healed":0.0,"max_hp_gain":0.0,"max_hp_loss":0.0,"gold_gain":0.0,"event_name":"Match and Keep!","player_choice":"0 cards matched","floor":5.0,"gold_loss":0.0,"damage_taken":0.0,"cards_obtained":[]},{"damage_healed":0,"gold_gain":0,"player_choice":"Searched \u00270\u0027 times","damage_taken":0,"max_hp_gain":0,"max_hp_loss":0,"event_name":"Dead Adventurer","floor":13,"gold_loss":0},{"damage_healed":0,"gold_gain":0,"player_choice":"Searched \u00270\u0027 times","damage_taken":0,"max_hp_gain":0,"max_hp_loss":0,"event_name":"Dead Adventurer","floor":13,"gold_loss":0}],"is_beta":true,"boss_relics":[],"items_purged_floors":[],"is_endless":false,"potions_floor_spawned":[2,7],"killed_by":"Slime Boss","ascension_level":20}