{"gold_per_floor":[117,129,148,160,17,17,49,49,127,127,192,35,53,66,66,138,138,138,138,61,61,61,61,61,61,61,61],"floor_reached":27,"playtime":1232,"items_purged":["Strike_G"],"score":380,"play_id":"a8fb2b12-79f1-4171-89dc-40f4219bc8fe","local_time":"20180710203958","is_ascension_mode":true,"campfire_choices":[{"data":"Skewer","floor":6,"key":"SMITH"},{"data":"Cloak And Dagger","floor":8,"key":"SMITH"},{"data":"Backflip","floor":10,"key":"SMITH"},{"floor":15,"key":"REST"},{"data":"Ghostly","floor":23,"key":"SMITH"}],"neow_cost":"NONE","seed_source_timestamp":169585584431879,"circlet_count":0,"master_deck":["Defend_G","Defend_G","Defend_G","Defend_G","Defend_G","Strike_G","Strike_G","Strike_G","Strike_G","Survivor","Neutralize+1","AscendersBane","Flechettes","Cloak And Dagger+1","Skewer+1","Slice","Backflip+1","Choke","Infinite Blades+1","Envenom+1","Prepared+1","Footwork+1","Terror+1","Ghostly+1","Ghostly","Ghostly","Ghostly","Ghostly","Infinite Blades+1"],"relics":["Ring of the Snake","Pen Nib","Ginger","Frozen Egg 2","Boot","Ectoplasm","Singing Bowl"],"potions_floor_usage":[7,16,25,27],"damage_taken":[{"damage":1,"enemies":"Cultist","floor":1,"turns":5},{"damage":0,"enemies":"Small Slimes","floor":2,"turns":4},{"damage":0,"enemies":"2 Louse","floor":3,"turns":2},{"damage":0,"enemies":"Blue Slaver","floor":4,"turns":5},{"damage":7,"enemies":"Gremlin Nob","floor":7,"turns":3},{"damage":21,"enemies":"3 Sentries","floor":11,"turns":7},{"damage":0,"enemies":"Exordium Wildlife","floor":13,"turns":2},{"damage":0,"enemies":"Looter","floor":14,"turns":3},{"damage":19,"enemies":"The Guardian","floor":16,"turns":12},{"damage":14,"enemies":"Spheric Guardian","floor":18,"turns":4},{"damage":13,"enemies":"3 Byrds","floor":19,"turns":4},{"damage":19,"enemies":"Snake Plant","floor":21,"turns":5},{"damage":0,"enemies":"Centurion and Healer","floor":25,"turns":6},{"damage":8,"enemies":"Gremlin Leader","floor":27,"turns":6}],"seed_played":"6634435736855719820","potions_obtained":[{"floor":1,"key":"Strength Potion"},{"floor":2,"key":"Weak Potion"},{"floor":16,"key":"Dexterity Potion"},{"floor":19,"key":"Energy Potion"}],"is_trial":false,"path_per_floor":["M","M","M","M","$","R","E","R","T","R","?","$","M","M","R","B",null,"M","M","$","M","?","R","?","M","T"],"character_chosen":"THE_SILENT","items_purchased":["Pen Nib","Infinite Blades+1","Footwork+1"],"campfire_rested":1,"item_purchase_floors":[5,12,20],"current_hp_per_floor":[62,62,62,62,62,62,55,55,55,55,34,34,34,34,55,36,62,48,35,35,16,16,16,7,7,7,0],"gold":61,"neow_bonus":"UPGRADE_CARD","is_prod":false,"is_daily":false,"chose_seed":false,"campfire_upgraded":4,"win_rate":0,"timestamp":1531280398,"path_taken":["M","M","M","M","?","R","E","R","T","R","?","?","M","M","R","BOSS","M","M","$","?","?","R","?","?","T","E"],"build_version":"2018-07-09","purchased_purges":1,"victory":false,"max_hp_per_floor":[70,70,70,70,70,70,70,70,70,70,70,70,70,70,70,70,70,70,70,70,70,35,35,35,35,35,35],"card_choices":[{"not_picked":["Terror","Deadly Poison"],"picked":"Flechettes","floor":1},{"not_picked":["Slice","Poisoned Stab"],"picked":"Cloak And Dagger","floor":2},{"not_picked":["Outmaneuver","Endless Agony"],"picked":"Skewer","floor":3},{"not_picked":["PiercingWail","Expertise"],"picked":"Slice","floor":4},{"not_picked":["Deflect","Eviscerate"],"picked":"Backflip","floor":7},{"not_picked":["Finisher","Flying Knee"],"picked":"Choke","floor":11},{"not_picked":["Calculated Gamble","Catalyst","Deflect"],"picked":"SKIP","floor":13},{"not_picked":["Endless Agony","Slice","Masterful Stab"],"picked":"SKIP","floor":14},{"not_picked":["Wraith Form v2+1","Doppelganger"],"picked":"Envenom+1","floor":16},{"not_picked":["Bane","Dagger Throw","Deadly Poison"],"picked":"SKIP","floor":18},{"not_picked":["Deflect","Dodge and Roll+1"],"picked":"Prepared+1","floor":19},{"not_picked":["Riddle With Holes","Dodge and Roll+1"],"picked":"Terror+1","floor":21},{"not_picked":["Quick Slash","Flying Knee"],"picked":"Infinite Blades+1","floor":25}],"player_experience":778640,"relics_obtained":[{"floor":7,"key":"Ginger"},{"floor":9,"key":"Frozen Egg 2"},{"floor":11,"key":"Boot"},{"floor":26,"key":"Singing Bowl"}],"event_choices":[{"event_name":"Dead Adventurer","player_choice":"Searched \u00272\u0027 times","floor":11,"damage_taken":0},{"event_name":"Ghosts","player_choice":"Became a Ghost","floor":22,"damage_taken":0},{"event_name":"Cursed Tome","player_choice":"Stopped","floor":24,"damage_taken":0}],"boss_relics":[{"not_picked":["Empty Cage","Ring of the Serpent"],"picked":"Ectoplasm"}],"items_purged_floors":[12],"is_endless":false,"potions_floor_spawned":[1,2,16,19],"killed_by":"Gremlin Leader","ascension_level":13}