{"gold_per_floor":[113,38,56,56,56,82,82,98,98,98],"floor_reached":10,"playtime":468,"items_purged":["Strike_G"],"score":132,"play_id":"036caf5c-99a1-416d-a1ef-e19b7ebbc1e0","local_time":"20190816012141","is_ascension_mode":true,"campfire_choices":[{"floor":7.0,"key":"REST"}],"neow_cost":"NONE","seed_source_timestamp":4581315286801400,"circlet_count":0,"master_deck":["AscendersBane","Strike_G","Strike_G","Strike_G","Strike_G","Defend_G","Defend_G+1","Defend_G","Defend_G","Defend_G+1","Survivor","Neutralize","Skewer+1","Deflect","PiercingWail","Backflip","Deflect","Deflect"],"special_seed":0,"relics":["Ring of the Snake","Dream Catcher","Question Card"],"potions_floor_usage":[10],"damage_taken":[{"damage":0.0,"enemies":"2 Louse","floor":1.0,"turns":3.0},{"damage":0.0,"enemies":"Jaw Worm","floor":3.0,"turns":4.0},{"damage":37.0,"enemies":"3 Sentries","floor":6.0,"turns":15.0},{"damage":0.0,"enemies":"Small Slimes","floor":8.0,"turns":4.0},{"damage":59,"enemies":"Gremlin Nob","floor":10,"turns":4}],"seed_played":"-7762506092648872311","potions_obtained":[{"floor":6.0,"key":"Strength Potion"}],"is_trial":false,"path_per_floor":["M","$","M","?","?","E","R","M","T","E"],"character_chosen":"THE_SILENT","items_purchased":[],"campfire_rested":1,"item_purchase_floors":[],"current_hp_per_floor":[59,59,59,59,39,2,21,21,21,0],"gold":98,"neow_bonus":"THREE_CARDS","is_prod":false,"is_daily":false,"chose_seed":false,"campfire_upgraded":0,"win_rate":0,"timestamp":1565943701,"path_taken":["M","$","M","?","?","E","R","M","T","E"],"build_version":"2019-08-15","purchased_purges":1,"victory":false,"max_hp_per_floor":[66,66,66,66,66,66,66,66,66,66],"card_choices":[{"not_picked":["Eviscerate","Tactician"],"picked":"Skewer","floor":0.0},{"not_picked":["Slice","Bane"],"picked":"Deflect","floor":1.0},{"not_picked":["Dagger Spray","Cloak And Dagger"],"picked":"PiercingWail","floor":3.0},{"not_picked":["Deadly Poison","PiercingWail"],"picked":"Backflip","floor":6.0},{"not_picked":["Flying Knee","Wraith Form v2"],"picked":"Deflect","floor":7.0},{"not_picked":["Dagger Throw","All Out Attack"],"picked":"Deflect","floor":8.0}],"player_experience":3542432,"relics_obtained":[{"floor":6.0,"key":"Dream Catcher"},{"floor":9.0,"key":"Question Card"}],"event_choices":[{"damage_healed":0.0,"max_hp_gain":0.0,"max_hp_loss":0.0,"gold_gain":0.0,"event_name":"Living Wall","player_choice":"Grow","floor":4.0,"gold_loss":0.0,"damage_taken":0.0,"cards_upgraded":["Skewer"]},{"damage_healed":0.0,"max_hp_gain":0.0,"max_hp_loss":0.0,"gold_gain":0.0,"event_name":"Shining Light","player_choice":"Entered Light","floor":5.0,"gold_loss":0.0,"damage_taken":20.0,"cards_upgraded":["Defend_G","Defend_G"]}],"is_beta":true,"boss_relics":[],"items_purged_floors":[2],"is_endless":false,"potions_floor_spawned":[6],"killed_by":"Gremlin Nob","ascension_level":20}