{"gold_per_floor":[119,135,135,152,77,77,107,107,159,159,159,191,191,204,204,280,280,295,48,48,83,133,133,164,164,244,244,263,263,281,296,296,370,420,436,436,169,181,61,61,86,139,209,255,270,270,284,284],"floor_reached":48,"playtime":2914,"items_purged":["Strike_B+1"],"score":993,"play_id":"0bc3e160-7580-4372-9b7a-85fd15c43353","local_time":"20181107213533","is_ascension_mode":true,"campfire_choices":[{"data":"Chill","floor":6,"key":"SMITH"},{"data":"Biased Cognition","floor":8,"key":"SMITH"},{"floor":11,"key":"REST"},{"data":"Chaos","floor":13,"key":"SMITH"},{"data":"Hologram","floor":15,"key":"SMITH"},{"data":"Seek","floor":23,"key":"SMITH"},{"data":"Hologram","floor":25,"key":"SMITH"},{"floor":27,"key":"REST"},{"data":"Creative AI","floor":32,"key":"SMITH"},{"floor":40,"key":"REST"},{"floor":46,"key":"REST"}],"neow_cost":"NONE","seed_source_timestamp":4128603263587281,"circlet_count":0,"master_deck":["AscendersBane","Strike_B+1","Defend_B+1","Defend_B+1","Defend_B+1","Defend_B+1","Zap","Dualcast","Multi-Cast","Chill+1","Gash","Hologram+1","Biased Cognition+1","Chaos+1","Melter","Seek+1","Coolheaded","Redo","Cold Snap","Hologram+1","Skim+1","Creative AI+1","Compile Driver","Fission+1","Gash","Defragment+1","Decay","All For One","Recycle+1","Double Energy","Turbo"],"relics":["Cracked Core","Boot","Lantern","Question Card","Gambling Chip","Sozu","Runic Capacitor","Red Mask","Orichalcum","Shuriken","Tiny House","Mummified Hand","War Paint","Anchor","Singing Bowl","PreservedInsect"],"potions_floor_usage":[7,12,24,41],"damage_taken":[{"damage":7,"enemies":"Jaw Worm","floor":1,"turns":3},{"damage":0,"enemies":"Small Slimes","floor":2,"turns":4},{"damage":0,"enemies":"2 Louse","floor":4,"turns":2},{"damage":28,"enemies":"Gremlin Nob","floor":7,"turns":4},{"damage":7,"enemies":"Lagavulin","floor":12,"turns":5},{"damage":0,"enemies":"Large Slime","floor":14,"turns":4},{"damage":22,"enemies":"Slime Boss","floor":16,"turns":5},{"damage":0,"enemies":"Chosen","floor":18,"turns":3},{"damage":6,"enemies":"Masked Bandits","floor":21,"turns":3},{"damage":24,"enemies":"Book of Stabbing","floor":24,"turns":6},{"damage":0,"enemies":"2 Thieves","floor":28,"turns":4},{"damage":0,"enemies":"Snecko","floor":30,"turns":6},{"damage":0,"enemies":"Sentry and Sphere","floor":31,"turns":2},{"damage":3,"enemies":"Champ","floor":33,"turns":11},{"damage":11,"enemies":"3 Darklings","floor":35,"turns":4},{"damage":27,"enemies":"3 Shapes","floor":38,"turns":4},{"damage":5,"enemies":"Nemesis","floor":41,"turns":7},{"damage":24,"enemies":"Maw","floor":45,"turns":7},{"damage":0,"enemies":"Transient","floor":47,"turns":6},{"damage":63,"enemies":"Spire Growth","floor":48,"turns":6}],"seed_played":"-2852529945511900583","potions_obtained":[{"floor":1,"key":"FocusPotion"},{"floor":2,"key":"GamblersBrew"},{"floor":7,"key":"AttackPotion"},{"floor":14,"key":"Energy Potion"}],"is_trial":false,"path_per_floor":["M","M","?","M","?","R","E","R","T","?","R","E","R","M","R","B",null,"M","$","?","?","?","R","E","R","T","R","M","?","M","M","R","B",null,"M","?","$","M","$","R","E","T","T","T","M","R","M","M"],"character_chosen":"DEFECT","items_purchased":["Runic Capacitor","Redo","Mummified Hand","Recycle"],"campfire_rested":4,"item_purchase_floors":[19,19,37,39],"current_hp_per_floor":[57,57,57,57,57,57,29,29,29,24,45,38,38,38,38,16,57,57,57,57,51,51,51,27,27,27,48,48,48,48,48,48,45,70,59,59,59,32,32,54,49,49,49,49,25,47,49,0],"gold":284,"neow_bonus":"ONE_RANDOM_RARE_CARD","is_prod":false,"is_daily":false,"chose_seed":false,"campfire_upgraded":7,"win_rate":0,"timestamp":1541655333,"path_taken":["M","M","?","M","?","R","E","R","T","?","R","E","R","M","R","BOSS","M","$","?","?","?","R","E","R","T","R","M","?","?","M","R","BOSS","M","?","$","?","$","R","E","?","T","?","M","R","M","M"],"build_version":"2018-11-06","purchased_purges":1,"victory":false,"max_hp_per_floor":[71,71,71,71,71,71,71,71,71,71,71,71,71,71,71,71,71,71,71,71,71,71,71,71,71,71,71,71,71,71,71,71,71,76,76,76,76,76,76,76,76,76,76,76,76,76,78,78],"card_choices":[{"not_picked":["Leap","Turbo"],"picked":"Chill","floor":1},{"not_picked":["Rebound","Leap"],"picked":"Gash","floor":2},{"not_picked":["Double Energy","Skim"],"picked":"Hologram","floor":4},{"not_picked":["Hologram","Gash"],"picked":"Biased Cognition","floor":7},{"not_picked":["Go for the Eyes","Barrage","Hologram"],"picked":"Chaos","floor":12},{"not_picked":["Hologram","BootSequence","Undo"],"picked":"Melter","floor":14},{"not_picked":["Buffer","Thunder Strike","Biased Cognition"],"picked":"Seek","floor":16},{"not_picked":["Conserve Battery","Undo","Turbo"],"picked":"Coolheaded","floor":18},{"not_picked":["Redo","Turbo","Gash"],"picked":"Cold Snap","floor":21},{"not_picked":["Ball Lightning","Coolheaded","Melter"],"picked":"Hologram","floor":24},{"not_picked":["Steam+1","Hello World","Hologram","Sweeping Beam"],"picked":"SKIP","floor":28},{"not_picked":["Streamline","Doom and Gloom","Hologram"],"picked":"Creative AI","floor":30},{"not_picked":["Rebound","Turbo","Leap"],"picked":"Compile Driver","floor":31},{"not_picked":["Biased Cognition","Creative AI","Hyperbeam"],"picked":"Fission","floor":33},{"not_picked":["Redo+1","Aggregate","Static Discharge"],"picked":"Gash","floor":34},{"not_picked":["Turbo","Capacitor","Stack+1"],"picked":"Defragment+1","floor":35},{"not_picked":["Lockon","Sweeping Beam+1","Sunder"],"picked":"All For One","floor":38},{"not_picked":["Ball Lightning","Leap+1","Beam Cell"],"picked":"Double Energy","floor":41},{"not_picked":["Conserve Battery+1","Ball Lightning","Genetic Algorithm"],"picked":"Turbo","floor":45},{"not_picked":["Steam","Steam Power","Sweeping Beam","Hologram"],"picked":"Singing Bowl","floor":47}],"player_experience":1027477,"relics_obtained":[{"floor":7,"key":"Boot"},{"floor":9,"key":"Lantern"},{"floor":12,"key":"Gambling Chip"},{"floor":21,"key":"Red Mask"},{"floor":24,"key":"Orichalcum"},{"floor":26,"key":"Shuriken"},{"floor":41,"key":"War Paint"},{"floor":42,"key":"Anchor"},{"floor":43,"key":"Singing Bowl"},{"floor":44,"key":"PreservedInsect"}],"event_choices":[{"damage_healed":0,"gold_gain":0,"player_choice":"Ignored","damage_taken":0,"max_hp_gain":0,"max_hp_loss":0,"event_name":"Liars Game","floor":3,"gold_loss":0},{"cards_removed":["Strike_B"],"damage_healed":0,"gold_gain":0,"player_choice":"Card Removal","damage_taken":0,"max_hp_gain":0,"max_hp_loss":0,"event_name":"The Cleric","floor":5,"gold_loss":75},{"damage_healed":0,"gold_gain":0,"player_choice":"Success","damage_taken":5,"relics_obtained":["Question Card"],"max_hp_gain":0,"max_hp_loss":0,"event_name":"Scrap Ooze","floor":10,"gold_loss":0},{"damage_healed":0,"gold_gain":0,"player_choice":"Simplicity","damage_taken":0,"max_hp_gain":0,"max_hp_loss":0,"event_name":"Back to Basics","floor":20,"gold_loss":0,"cards_upgraded":["Strike_B","Strike_B","Strike_B","Defend_B","Defend_B","Defend_B","Defend_B"]},{"damage_healed":0,"gold_gain":0,"player_choice":"Fought Bandits","damage_taken":0,"max_hp_gain":0,"max_hp_loss":0,"event_name":"Masked Bandits","floor":21,"gold_loss":0},{"damage_healed":0,"gold_gain":50,"player_choice":"Stole From Cult","damage_taken":0,"max_hp_gain":0,"max_hp_loss":0,"event_name":"Nest","floor":22,"gold_loss":0},{"damage_healed":0,"gold_gain":0,"cards_transformed":["Strike_B"],"player_choice":"Transformed","damage_taken":0,"max_hp_gain":0,"max_hp_loss":0,"event_name":"Transmorgrifier","floor":29,"gold_loss":0,"cards_obtained":["Skim"]},{"damage_healed":0,"gold_gain":0,"player_choice":"Cursed","damage_taken":0,"max_hp_gain":0,"max_hp_loss":0,"event_name":"Wheel of Change","floor":36,"gold_loss":0,"cards_obtained":["Decay"]}],"is_beta":true,"boss_relics":[{"not_picked":["Fusion Hammer","White Beast Statue"],"picked":"Sozu"},{"not_picked":["Snecko Eye","Pandora\u0027s Box"],"picked":"Tiny House"}],"items_purged_floors":[39],"is_endless":false,"potions_floor_spawned":[1,2,7,14,21,24,33,35,45],"killed_by":"Spire Growth","ascension_level":19}