{"gold_per_floor":[117,131,111,38,38,38,67,67,67,67,84,118,43,73,73,146,146,166,185,185,198,215,215,233,258,258,258,258,268,268,46,46,120,120,134,134,9,29,43,71,88,121,121,121,121,156,6,19,19,19],"floor_reached":51,"playtime":4233,"items_purged":["Strike_G","Strike_G","Defend_G","Strike_G"],"score":1422,"play_id":"14b79dcf-e661-4d93-80ce-93db9722aabd","local_time":"20181022032135","is_ascension_mode":true,"campfire_choices":[{"data":"Neutralize","floor":6,"key":"SMITH"},{"data":"Bouncing Flask","floor":8,"key":"SMITH"},{"data":"Cloak And Dagger","floor":10,"key":"SMITH"},{"data":"Cloak And Dagger","floor":15,"key":"SMITH"},{"floor":23,"key":"REST"},{"floor":27,"key":"REST"},{"floor":30,"key":"REST"},{"floor":32,"key":"REST"},{"floor":45,"key":"DIG"},{"floor":49,"key":"DIG"}],"neow_cost":"NONE","seed_source_timestamp":2675637275979234,"circlet_count":0,"master_deck":["Defend_G","Defend_G","Defend_G","Defend_G","Strike_G+1","Strike_G","Survivor","Neutralize+1","AscendersBane","Cloak And Dagger+1","Bouncing Flask+1","Well Laid Plans+1","Skewer","Cloak And Dagger+1","Dash+1","Dash","Bullet Time","Endless Agony","Ghostly","Ghostly","Ghostly","Ghostly","Ghostly","Backflip","Caltrops","Flechettes","Noxious Fumes+1","Noxious Fumes","Leg Sweep","Wraith Form v2","Ghostly","Backflip+1","Night Terror"],"relics":["Ring of the Snake","NeowsBlessing","Thread and Needle","Kunai","Meat on the Bone","Bottled Lightning","Fusion Hammer","Boot","Pear","Black Star","Pen Nib","Bag of Preparation","Bag of Marbles","Blood Vial","Shovel","Happy Flower","Whetstone","Omamori","Lantern"],"potions_floor_usage":[12],"damage_taken":[{"damage":0,"enemies":"Jaw Worm","floor":1,"turns":1},{"damage":0,"enemies":"Cultist","floor":2,"turns":1},{"damage":0,"enemies":"Lagavulin","floor":7,"turns":1},{"damage":0,"enemies":"2 Louse","floor":11,"turns":3},{"damage":10,"enemies":"Gremlin Nob","floor":12,"turns":4},{"damage":6,"enemies":"3 Sentries","floor":14,"turns":11},{"damage":11,"enemies":"The Guardian","floor":16,"turns":12},{"damage":0,"enemies":"3 Byrds","floor":18,"turns":6},{"damage":9,"enemies":"2 Thieves","floor":19,"turns":4},{"damage":0,"enemies":"Cultist and Chosen","floor":21,"turns":10},{"damage":0,"enemies":"Centurion and Healer","floor":22,"turns":10},{"damage":0,"enemies":"Snake Plant","floor":24,"turns":7},{"damage":1,"enemies":"Slavers","floor":25,"turns":10},{"damage":0,"enemies":"Cultist and Chosen","floor":29,"turns":7},{"damage":12,"enemies":"Collector","floor":33,"turns":10},{"damage":0,"enemies":"3 Shapes","floor":35,"turns":6},{"damage":0,"enemies":"3 Darklings","floor":38,"turns":7},{"damage":0,"enemies":"Jaw Worm Horde","floor":39,"turns":7},{"damage":1,"enemies":"Reptomancer","floor":40,"turns":9},{"damage":0,"enemies":"Maw","floor":41,"turns":9},{"damage":0,"enemies":"Nemesis","floor":42,"turns":9},{"damage":0,"enemies":"Reptomancer","floor":46,"turns":7},{"damage":0,"enemies":"Spire Growth","floor":48,"turns":6},{"damage":23,"enemies":"Time Eater","floor":50,"turns":15}],"seed_played":"6250380257537086477","potions_obtained":[{"floor":3,"key":"Weak Potion"},{"floor":11,"key":"SneckoOil"},{"floor":12,"key":"FearPotion"},{"floor":14,"key":"Swift Potion"},{"floor":21,"key":"Explosive Potion"},{"floor":42,"key":"Fire Potion"}],"is_trial":false,"path_per_floor":["M","M","?","$","?","R","E","R","T","R","M","E","$","E","R","B",null,"M","M","?","M","M","R","M","E","T","R","?","M","R","$","R","B",null,"M","?","$","M","M","E","M","E","T","?","R","E","$","M","R","B"],"character_chosen":"THE_SILENT","items_purchased":["Well Laid Plans","Noxious Fumes","Leg Sweep"],"campfire_rested":4,"item_purchase_floors":[4,31,31],"current_hp_per_floor":[59,59,59,59,64,64,64,64,64,64,64,54,54,48,48,37,63,63,54,35,35,35,35,35,34,44,45,45,45,45,45,45,33,42,42,42,42,42,42,41,41,41,41,41,41,43,43,43,43,32],"gold":19,"neow_bonus":"THREE_ENEMY_KILL","is_prod":false,"is_daily":false,"chose_seed":false,"campfire_upgraded":4,"win_rate":0,"timestamp":1540203695,"path_taken":["M","M","?","$","?","R","E","R","T","R","M","E","?","E","R","BOSS","M","M","?","M","?","R","M","E","T","R","?","M","R","$","R","BOSS","M","?","$","?","M","E","M","E","T","?","R","E","?","M","R","BOSS"],"build_version":"2018-10-19","purchased_purges":4,"victory":true,"max_hp_per_floor":[66,66,66,66,71,71,71,71,71,71,71,71,71,71,71,71,71,71,71,35,35,35,35,35,35,45,45,45,45,45,45,45,45,45,45,45,45,45,45,45,45,45,45,43,43,43,43,43,43,43],"card_choices":[{"not_picked":["Bane","Prepared"],"picked":"Cloak And Dagger","floor":1},{"not_picked":["Finisher","Setup"],"picked":"Bouncing Flask","floor":2},{"not_picked":["Dodge and Roll","Acrobatics"],"picked":"Skewer","floor":7},{"not_picked":["Bane","Tactician"],"picked":"Cloak And Dagger","floor":11},{"not_picked":["Slice","Dagger Throw"],"picked":"Dash","floor":12},{"not_picked":["Poisoned Stab","Prepared"],"picked":"Dash","floor":14},{"not_picked":["Unload","Glass Knife"],"picked":"Bullet Time","floor":16},{"not_picked":["Distraction","Prepared","Deadly Poison"],"picked":"SKIP","floor":18},{"not_picked":["Sucker Punch","Outmaneuver"],"picked":"Endless Agony","floor":19},{"not_picked":["Escape Plan","Cloak And Dagger"],"picked":"Backflip","floor":21},{"not_picked":["Unload","Dagger Throw","Prepared"],"picked":"SKIP","floor":22},{"not_picked":["Slice","Dagger Spray+1"],"picked":"Caltrops","floor":24},{"not_picked":["Poisoned Stab","Riddle With Holes"],"picked":"Flechettes","floor":25},{"not_picked":["Bane","Deflect+1"],"picked":"Noxious Fumes+1","floor":29},{"not_picked":["Burst","Malaise"],"picked":"Wraith Form v2","floor":33},{"not_picked":["Tactician","Backstab+1","Deadly Poison"],"picked":"SKIP","floor":35},{"not_picked":["Endless Agony+1","Escape Plan"],"picked":"Backflip+1","floor":38},{"not_picked":["Deadly Poison","Outmaneuver+1","Prepared"],"picked":"SKIP","floor":39},{"not_picked":["Calculated Gamble+1","Tactician","Outmaneuver"],"picked":"SKIP","floor":40},{"not_picked":["Backflip","Blade Dance","Cloak And Dagger"],"picked":"SKIP","floor":41},{"not_picked":["Bane","Corpse Explosion"],"picked":"Night Terror","floor":42},{"not_picked":["Flying Knee+1","Venomology","Cloak And Dagger"],"picked":"SKIP","floor":46},{"not_picked":["Slice","Quick Slash","Bane"],"picked":"SKIP","floor":48}],"player_experience":946962,"relics_obtained":[{"floor":7,"key":"Thread and Needle"},{"floor":9,"key":"Kunai"},{"floor":12,"key":"Meat on the Bone"},{"floor":14,"key":"Bottled Lightning"},{"floor":25,"key":"Boot"},{"floor":26,"key":"Pear"},{"floor":40,"key":"Pen Nib"},{"floor":40,"key":"Bag of Preparation"},{"floor":42,"key":"Bag of Marbles"},{"floor":42,"key":"Blood Vial"},{"floor":43,"key":"Shovel"},{"floor":45,"key":"Happy Flower"},{"floor":46,"key":"Whetstone"},{"floor":46,"key":"Omamori"},{"floor":49,"key":"Lantern"}],"event_choices":[{"damage_healed":0,"gold_gain":0,"player_choice":"Bought 1 Potion","damage_taken":0,"max_hp_gain":0,"max_hp_loss":0,"event_name":"The Woman in Blue","floor":3,"gold_loss":0},{"damage_healed":0,"gold_gain":0,"player_choice":"Donut","damage_taken":0,"max_hp_gain":5,"max_hp_loss":0,"event_name":"Big Fish","floor":5,"gold_loss":0},{"damage_healed":0,"gold_gain":0,"player_choice":"Became a Ghost","damage_taken":0,"max_hp_gain":0,"max_hp_loss":36,"event_name":"Ghosts","floor":20,"gold_loss":0,"cards_obtained":["Ghostly","Ghostly","Ghostly","Ghostly","Ghostly"]},{"damage_healed":0,"gold_gain":0,"player_choice":"Upgraded","damage_taken":0,"max_hp_gain":0,"max_hp_loss":0,"event_name":"Upgrade Shrine","floor":28,"gold_loss":0,"cards_upgraded":["Well Laid Plans"]},{"damage_healed":0,"gold_gain":0,"player_choice":"Copied","damage_taken":0,"max_hp_gain":0,"max_hp_loss":0,"event_name":"Duplicator","floor":36,"gold_loss":0,"cards_obtained":["Ghostly"]},{"damage_healed":0,"gold_gain":0,"player_choice":"Max HP","damage_taken":0,"max_hp_gain":0,"max_hp_loss":2,"event_name":"Winding Halls","floor":44,"gold_loss":0}],"is_beta":true,"boss_relics":[{"not_picked":["Calling Bell","Ring of the Serpent"],"picked":"Fusion Hammer"},{"not_picked":["Tiny House","White Beast Statue"],"picked":"Black Star"}],"items_purged_floors":[13,31,37,47],"is_endless":false,"potions_floor_spawned":[11,12,14,16,18,21,24,33,35,39,42,48],"ascension_level":15}