{"gold_per_floor":[364,380,380,394,469,469,482,482,482,482,120,137,137,62,62,62],"floor_reached":16,"playtime":661,"items_purged":["Strike_R"],"score":144,"play_id":"e87a9c2e-97be-425e-9741-9a184cf6cbba","local_time":"20190311165744","is_ascension_mode":true,"campfire_choices":[{"data":"Bash","floor":6,"key":"SMITH"},{"data":"True Grit","floor":13,"key":"SMITH"},{"data":"Flame Barrier","floor":15,"key":"SMITH"}],"neow_cost":"CURSE","seed_source_timestamp":136222822074561,"circlet_count":0,"master_deck":["AscendersBane","Strike_R","Strike_R","Strike_R","Strike_R","Defend_R","Defend_R","Defend_R","Defend_R","Bash+1","True Grit+1","Reckless Charge","Flame Barrier+1","Wild Strike"],"relics":["Burning Blood","Gambling Chip","Bird Faced Urn","MealTicket","Lantern"],"potions_floor_usage":[7],"damage_taken":[{"damage":15,"enemies":"Small Slimes","floor":1,"turns":3},{"damage":7,"enemies":"Cultist","floor":2,"turns":5},{"damage":5,"enemies":"2 Louse","floor":4,"turns":4},{"damage":17,"enemies":"Large Slime","floor":7,"turns":9},{"damage":3,"enemies":"2 Fungi Beasts","floor":12,"turns":3},{"damage":53,"enemies":"Slime Boss","floor":16,"turns":5}],"seed_played":"189825321514938127","potions_obtained":[{"floor":2,"key":"Weak Potion"}],"is_trial":false,"path_per_floor":["M","M","?","M","?","R","M","?","T","?","$","M","R","$","R","B"],"character_chosen":"IRONCLAD","items_purchased":["MealTicket","Lantern"],"campfire_rested":0,"item_purchase_floors":[11,11],"current_hp_per_floor":[63,62,62,63,52,52,41,34,34,34,34,37,37,52,52,0],"gold":62,"neow_bonus":"TWO_FIFTY_GOLD","is_prod":false,"is_daily":false,"chose_seed":false,"campfire_upgraded":3,"win_rate":0,"timestamp":1552319864,"path_taken":["M","M","?","M","?","R","M","?","T","?","$","M","R","$","R","BOSS"],"build_version":"2019-02-06","purchased_purges":1,"victory":false,"max_hp_per_floor":[80,80,80,80,80,80,80,80,80,80,80,80,80,80,80,80],"card_choices":[{"not_picked":["Sword Boomerang","Headbutt"],"picked":"True Grit","floor":1},{"not_picked":["Body Slam","Iron Wave"],"picked":"Reckless Charge","floor":2},{"not_picked":["Pommel Strike","Pummel"],"picked":"Flame Barrier","floor":4},{"not_picked":["Headbutt","Body Slam","Perfected Strike"],"picked":"SKIP","floor":7},{"not_picked":["Warcry","Searing Blow"],"picked":"Wild Strike","floor":12}],"player_experience":169508,"relics_obtained":[{"floor":9,"key":"Bird Faced Urn"}],"event_choices":[{"damage_healed":0,"gold_gain":0,"player_choice":"Box","damage_taken":0,"relics_obtained":["Gambling Chip"],"max_hp_gain":0,"max_hp_loss":0,"event_name":"Big Fish","floor":3,"gold_loss":0,"cards_obtained":["Regret"]},{"damage_healed":0,"gold_gain":75,"player_choice":"Gather Gold","damage_taken":11,"max_hp_gain":0,"max_hp_loss":0,"event_name":"World of Goop","floor":5,"gold_loss":0},{"cards_removed":["Regret"],"damage_healed":0,"gold_gain":0,"player_choice":"Card Removal","damage_taken":7,"max_hp_gain":0,"max_hp_loss":0,"event_name":"Golden Wing","floor":8,"gold_loss":0},{"cards_removed":["Injury"],"damage_healed":0,"gold_gain":0,"player_choice":"Purged","damage_taken":0,"max_hp_gain":0,"max_hp_loss":0,"event_name":"Purifier","floor":10,"gold_loss":0}],"is_beta":true,"boss_relics":[],"items_purged_floors":[14],"is_endless":false,"potions_floor_spawned":[2],"killed_by":"Slime Boss","ascension_level":12}