{"gold_per_floor":[117,292,292,309,384,384,415,415,415,434,446,478,494,506,506,601,601,573,495,89,89,101,101,112,138,161,161],"floor_reached":27,"playtime":1865,"items_purged":["Doubt"],"score":414,"play_id":"4269bfa7-a424-442d-8d57-71b17578d977","local_time":"20190101001651","is_ascension_mode":true,"campfire_choices":[{"data":"Backstab","floor":6.0,"key":"SMITH"},{"data":"Leg Sweep","floor":8.0,"key":"SMITH"},{"data":"Noxious Fumes","floor":15.0,"key":"SMITH"},{"data":"After Image","floor":23.0,"key":"SMITH"}],"neow_cost":"NONE","seed_source_timestamp":781757921016545,"circlet_count":0,"master_deck":["Defend_G","Defend_G","Defend_G","Defend_G","Defend_G","Strike_G","Strike_G","Strike_G","Strike_G","Strike_G","Survivor+1","Neutralize","Blur+1","Backstab+1","Leg Sweep+1","Backflip","Noxious Fumes+1","Dagger Spray","After Image+1","Escape Plan+1","Accuracy","Backstab"],"special_seed":0,"relics":["Ring of the Snake","NeowsBlessing","Strawberry","Singing Bowl","Blue Candle","Eternal Feather","Potion Belt","Ninja Scroll","Orichalcum","Ginger","War Paint"],"potions_floor_usage":[25,25,25,27],"damage_taken":[{"damage":0.0,"enemies":"Jaw Worm","floor":1.0,"turns":1.0},{"damage":0.0,"enemies":"Small Slimes","floor":4.0,"turns":1.0},{"damage":0.0,"enemies":"3 Sentries","floor":7.0,"turns":1.0},{"damage":0.0,"enemies":"Cultist","floor":10.0,"turns":5.0},{"damage":0.0,"enemies":"Blue Slaver","floor":11.0,"turns":6.0},{"damage":7.0,"enemies":"Gremlin Nob","floor":12.0,"turns":5.0},{"damage":1.0,"enemies":"Exordium Thugs","floor":13.0,"turns":6.0},{"damage":4.0,"enemies":"Looter","floor":14.0,"turns":4.0},{"damage":17.0,"enemies":"The Guardian","floor":16.0,"turns":13.0},{"damage":31.0,"enemies":"2 Thieves","floor":18.0,"turns":5.0},{"damage":0.0,"enemies":"3 Byrds","floor":22.0,"turns":6.0},{"damage":21.0,"enemies":"Snake Plant","floor":24.0,"turns":10.0},{"damage":30,"enemies":"Book of Stabbing","floor":25,"turns":6},{"damage":22,"enemies":"Cultist and Chosen","floor":27,"turns":7}],"seed_played":"-452762978238626222","potions_obtained":[{"floor":1.0,"key":"AttackPotion"},{"floor":10.0,"key":"SteroidPotion"},{"floor":14.0,"key":"PowerPotion"},{"floor":16.0,"key":"Swift Potion"},{"floor":18.0,"key":"LiquidBronze"},{"floor":24.0,"key":"Regen Potion"}],"is_trial":false,"path_per_floor":["M","?","?","M","?","R","E","R","T","M","M","E","M","M","R","B",null,"M","?","$","T","M","R","M","E","T","M"],"character_chosen":"THE_SILENT","items_purchased":["Accuracy","Ninja Scroll"],"campfire_rested":0,"item_purchase_floors":[20,20],"current_hp_per_floor":[63,63,56,56,45,45,52,52,52,52,54,49,48,44,44,27,68,37,37,37,37,39,51,32,17,17,0],"gold":161,"neow_bonus":"THREE_ENEMY_KILL","is_prod":false,"is_daily":false,"chose_seed":false,"campfire_upgraded":4,"win_rate":0,"timestamp":1546319811,"path_taken":["M","?","?","?","?","R","E","R","T","M","M","E","M","M","R","BOSS","M","?","$","?","M","R","M","E","T","M"],"build_version":"2018-12-20","purchased_purges":1,"victory":false,"max_hp_per_floor":[70,70,70,70,70,70,77,77,77,77,79,81,81,81,81,81,81,81,81,81,81,83,83,85,85,85,85],"card_choices":[{"not_picked":["Dagger Spray","Poisoned Stab"],"picked":"Blur","floor":1.0},{"not_picked":["Slice","Endless Agony"],"picked":"Backstab","floor":4.0},{"not_picked":["All Out Attack","Backflip"],"picked":"Leg Sweep","floor":7.0},{"not_picked":["Dagger Spray","Blade Dance"],"picked":"Backflip","floor":10.0},{"not_picked":["PiercingWail","Flying Knee","Slice"],"picked":"Singing Bowl","floor":11.0},{"not_picked":["Outmaneuver","Dodge and Roll","Concentrate"],"picked":"Singing Bowl","floor":12.0},{"not_picked":["Bouncing Flask","Glass Knife"],"picked":"Noxious Fumes","floor":13.0},{"not_picked":["Cloak And Dagger","Deadly Poison"],"picked":"Dagger Spray","floor":14.0},{"not_picked":["Venomology","Night Terror"],"picked":"After Image","floor":16.0},{"not_picked":["Expertise+1","Quick Slash+1"],"picked":"Escape Plan+1","floor":18.0},{"not_picked":["Backflip","PiercingWail","Calculated Gamble"],"picked":"Singing Bowl","floor":22.0},{"not_picked":["Bane","Dodge and Roll","Outmaneuver+1"],"picked":"Singing Bowl","floor":24.0},{"not_picked":["Calculated Gamble","Tools of the Trade"],"picked":"Backstab","floor":25}],"player_experience":225842,"relics_obtained":[{"floor":7.0,"key":"Strawberry"},{"floor":9.0,"key":"Singing Bowl"},{"floor":12.0,"key":"Blue Candle"},{"floor":21.0,"key":"Orichalcum"},{"floor":25,"key":"Ginger"},{"floor":26,"key":"War Paint"}],"event_choices":[{"damage_healed":0.0,"max_hp_gain":0.0,"max_hp_loss":0.0,"gold_gain":175.0,"event_name":"Liars Game","player_choice":"AGREE","floor":2.0,"gold_loss":0.0,"damage_taken":0.0,"cards_obtained":["Doubt"]},{"damage_healed":0.0,"max_hp_gain":0.0,"max_hp_loss":0.0,"gold_gain":0.0,"event_name":"Wheel of Change","player_choice":"Damaged","floor":3.0,"gold_loss":0.0,"damage_taken":7.0},{"damage_healed":0.0,"max_hp_gain":0.0,"max_hp_loss":0.0,"gold_gain":75.0,"event_name":"World of Goop","player_choice":"Gather Gold","floor":5.0,"gold_loss":0.0,"damage_taken":11.0},{"damage_healed":0.0,"max_hp_gain":0.0,"max_hp_loss":0.0,"gold_gain":0.0,"event_name":"WeMeetAgain","player_choice":"Paid Gold","floor":19.0,"gold_loss":78.0,"damage_taken":0.0,"relics_obtained":["Potion Belt"]}],"is_beta":false,"boss_relics":[{"not_picked":["Busted Crown","Philosopher\u0027s Stone"],"picked":"Eternal Feather"}],"items_purged_floors":[20],"is_endless":false,"potions_floor_spawned":[1,10,14,16,18,24],"killed_by":"Cultist and Chosen","ascension_level":9}