{"gold_per_floor":[119,132,144,163,175,175,175,201,201,230,230,230,74,84,84,156,156,176,226,126,104,104,104,115,30,30,44,44,44,44,44],"floor_reached":31,"playtime":1900,"items_purged":["Strike_B","Strike_B"],"score":466,"play_id":"639a91af-7153-4d83-a9cc-1e7ea1266628","local_time":"20181022041636","is_ascension_mode":true,"campfire_choices":[{"data":"Zap","floor":6,"key":"SMITH"},{"data":"Machine Learning","floor":11,"key":"SMITH"},{"floor":15,"key":"REST"},{"data":"Hologram","floor":23,"key":"SMITH"},{"data":"Trip","floor":29,"key":"SMITH"}],"neow_cost":"NONE","seed_source_timestamp":2681281257679561,"circlet_count":0,"master_deck":["Strike_B+1","Strike_B+1","Defend_B+1","Defend_B+1","Defend_B+1","Defend_B+1","Zap+1","Dualcast","AscendersBane","Trip+1","Glacier","Sweeping Beam","Machine Learning+1","Hologram+1","Streamline","Loop","Seek","Compile Driver","Core Surge","Reinforced Body","Genetic Algorithm","Machine Learning","Consume+1"],"relics":["Cracked Core","Bird Faced Urn","Prayer Wheel","Gremlin Horn","Snecko Eye","Calipers","Toxic Egg 2"],"potions_floor_usage":[8,21,31],"damage_taken":[{"damage":0,"enemies":"2 Louse","floor":1,"turns":2},{"damage":1,"enemies":"Small Slimes","floor":2,"turns":4},{"damage":1,"enemies":"Jaw Worm","floor":3,"turns":5},{"damage":10,"enemies":"3 Louse","floor":4,"turns":3},{"damage":0,"enemies":"Looter","floor":5,"turns":4},{"damage":19,"enemies":"Lagavulin","floor":8,"turns":10},{"damage":25,"enemies":"3 Sentries","floor":10,"turns":9},{"damage":0,"enemies":"Blue Slaver","floor":14,"turns":6},{"damage":22,"enemies":"Slime Boss","floor":16,"turns":9},{"damage":15,"enemies":"Shell Parasite","floor":18,"turns":6},{"damage":3,"enemies":"2 Thieves","floor":21,"turns":4},{"damage":15,"enemies":"Snecko","floor":24,"turns":8},{"damage":1,"enemies":"3 Cultists","floor":27,"turns":4},{"damage":11,"enemies":"Colosseum Slavers","floor":28,"turns":6},{"damage":48,"enemies":"Gremlin Leader","floor":31,"turns":8}],"seed_played":"7856410647743891137","potions_obtained":[{"floor":1,"key":"SpeedPotion"},{"floor":14,"key":"Block Potion"},{"floor":16,"key":"SkillPotion"},{"floor":18,"key":"Fire Potion"},{"floor":24,"key":"Weak Potion"}],"is_trial":false,"path_per_floor":["M","M","M","M","M","R","?","E","T","E","R","?","$","M","R","B",null,"M","?","$","M","?","R","M","?","T","M","?","R","?"],"character_chosen":"DEFECT","items_purchased":["Seek"],"campfire_rested":1,"item_purchase_floors":[13],"current_hp_per_floor":[64,63,62,52,52,52,52,33,33,10,10,10,10,14,35,17,58,47,47,47,46,46,46,33,33,33,38,33,33,33,0],"gold":44,"neow_bonus":"RANDOM_COLORLESS","is_prod":false,"is_daily":false,"chose_seed":false,"campfire_upgraded":4,"win_rate":0,"timestamp":1540206996,"path_taken":["M","M","M","M","M","R","?","E","T","E","R","?","$","M","R","BOSS","M","?","$","M","?","R","M","?","T","?","?","R","?","E"],"build_version":"2018-10-19","purchased_purges":2,"victory":false,"max_hp_per_floor":[71,71,71,71,71,71,71,71,71,71,71,71,71,71,71,71,71,71,71,71,71,71,71,71,71,71,71,71,71,71,71],"card_choices":[{"not_picked":["Cold Snap","Hologram"],"picked":"Glacier","floor":1},{"not_picked":["Beam Cell","Darkness"],"picked":"Sweeping Beam","floor":2},{"not_picked":["Auto Shields","Gash"],"picked":"Machine Learning","floor":3},{"not_picked":["Force Field","Coolheaded","Barrage"],"picked":"SKIP","floor":4},{"not_picked":["Leap","Tempest"],"picked":"Hologram","floor":5},{"not_picked":["Fusion","Compile Driver"],"picked":"Streamline","floor":8},{"not_picked":["FTL","BootSequence"],"picked":"Loop","floor":10},{"not_picked":["Stack","Doom and Gloom"],"picked":"Compile Driver","floor":14},{"not_picked":["Force Field","Sweeping Beam","Rebound"],"picked":"SKIP","floor":14},{"not_picked":["Thunder Strike","Reboot"],"picked":"Core Surge","floor":16},{"not_picked":["Compile Driver","Steam"],"picked":"Reinforced Body","floor":18},{"not_picked":["Force Field","Barrage"],"picked":"Genetic Algorithm","floor":18},{"not_picked":["FTL","Hologram","Chill"],"picked":"SKIP","floor":21},{"not_picked":["Storm","Compile Driver","Stack"],"picked":"SKIP","floor":21},{"not_picked":["Hologram","Ball Lightning"],"picked":"Machine Learning","floor":24},{"not_picked":["Redo","Compile Driver","Reprogram"],"picked":"SKIP","floor":24},{"not_picked":["Rebound","Redo+1"],"picked":"Consume+1","floor":27},{"not_picked":["Redo+1","Turbo+1","Steam+1"],"picked":"SKIP","floor":27}],"player_experience":951195,"relics_obtained":[{"floor":8,"key":"Bird Faced Urn"},{"floor":9,"key":"Prayer Wheel"},{"floor":10,"key":"Gremlin Horn"},{"floor":26,"key":"Toxic Egg 2"}],"event_choices":[{"damage_healed":0,"gold_gain":30,"player_choice":"Searched \u00271\u0027 times","damage_taken":0,"max_hp_gain":0,"max_hp_loss":0,"event_name":"Dead Adventurer","floor":7,"gold_loss":0},{"damage_healed":0,"gold_gain":0,"player_choice":"Fled","damage_taken":0,"max_hp_gain":0,"max_hp_loss":0,"event_name":"Scrap Ooze","floor":12,"gold_loss":0},{"damage_healed":0,"gold_gain":50,"player_choice":"Stole From Cult","damage_taken":0,"max_hp_gain":0,"max_hp_loss":0,"event_name":"Nest","floor":19,"gold_loss":0},{"damage_healed":0,"gold_gain":0,"player_choice":"Ignored","damage_taken":0,"max_hp_gain":0,"max_hp_loss":0,"event_name":"Vampires","floor":22,"gold_loss":0},{"damage_healed":0,"gold_gain":0,"player_choice":"Obtained Relic","damage_taken":0,"relics_obtained":["Calipers"],"max_hp_gain":0,"max_hp_loss":0,"event_name":"Addict","floor":25,"gold_loss":85},{"damage_healed":0,"gold_gain":0,"player_choice":"Fight","damage_taken":0,"max_hp_gain":0,"max_hp_loss":0,"event_name":"Colosseum","floor":28,"gold_loss":0},{"damage_healed":0,"gold_gain":0,"player_choice":"Fled From Nobs","damage_taken":0,"max_hp_gain":0,"max_hp_loss":0,"event_name":"Colosseum","floor":28,"gold_loss":0},{"damage_healed":0,"gold_gain":0,"player_choice":"Simplicity","damage_taken":0,"max_hp_gain":0,"max_hp_loss":0,"event_name":"Back to Basics","floor":30,"gold_loss":0,"cards_upgraded":["Strike_B","Strike_B","Defend_B","Defend_B","Defend_B","Defend_B"]}],"is_beta":true,"boss_relics":[{"not_picked":["Runic Pyramid","Philosopher\u0027s Stone"],"picked":"Snecko Eye"}],"items_purged_floors":[13,20],"is_endless":false,"potions_floor_spawned":[1,14,16,18,24],"killed_by":"Gremlin Leader","ascension_level":18}