{"gold_per_floor":[113,2,2,2,17,49,49,82,82,95,95,105,140,140,140,242,242,225,9,108,108,157,157,175,191,217,228,228,242,242,259,259,357,357,369,369,389,34,47,47,72,72,72,88,88,88,88,98,98,98],"floor_reached":51,"playtime":4396,"items_purged":["Regret"],"score":760,"play_id":"58789266-3bc0-497c-be5b-df36d3f817a1","local_time":"20190905012807","is_ascension_mode":true,"campfire_choices":[{"data":"Discovery","floor":7.0,"key":"SMITH"},{"floor":11.0,"key":"REST"},{"floor":15.0,"key":"REST"},{"data":"Capacitor","floor":23,"key":"SMITH"},{"floor":28,"key":"REST"},{"data":"Blizzard","floor":32,"key":"SMITH"},{"floor":40,"key":"REST"},{"floor":45,"key":"REST"},{"floor":49,"key":"REST"}],"neow_cost":"CURSE","seed_source_timestamp":0,"circlet_count":0,"master_deck":["Strike_B","Strike_B","Strike_B","Strike_B","Defend_B","Defend_B","Defend_B","Defend_B","Zap","Dualcast","Discovery","Discovery+1","Coolheaded","Defragment+1","Capacitor+1","Cold Snap","Heatsinks","Chill+1","Melter","Conserve Battery","Rainbow","Biased Cognition","Turbo","Barrage","Tempest+1","Coolheaded","Blizzard+1","Creative AI","Coolheaded","Barrage","Barrage+1","Enlightenment","Auto Shields+1","Barrage+1","FTL+1","Storm+1"],"special_seed":0,"relics":["FrozenCore","Nunchaku","Bronze Scales","Dream Catcher","Pantograph","Mercury Hourglass","Toy Ornithopter","Enchiridion","Boot","Centennial Puzzle","Busted Crown","Calipers","Bottled Tornado","Shuriken"],"potions_floor_usage":[24,48,50,50],"damage_taken":[{"damage":3.0,"enemies":"2 Louse","floor":1.0,"turns":3.0},{"damage":6.0,"enemies":"Cultist","floor":5.0,"turns":3.0},{"damage":4.0,"enemies":"3 Sentries","floor":6.0,"turns":2.0},{"damage":28.0,"enemies":"Gremlin Nob","floor":8.0,"turns":6.0},{"damage":7.0,"enemies":"Jaw Worm","floor":10.0,"turns":3.0},{"damage":7.0,"enemies":"Blue Slaver","floor":12.0,"turns":3.0},{"damage":9.0,"enemies":"3 Sentries","floor":13.0,"turns":4.0},{"damage":27.0,"enemies":"Slime Boss","floor":16.0,"turns":9.0},{"damage":0.0,"enemies":"2 Thieves","floor":18.0,"turns":4.0},{"damage":3,"enemies":"Shell Parasite","floor":24,"turns":6},{"damage":7,"enemies":"Centurion and Healer","floor":25,"turns":5},{"damage":10,"enemies":"Shelled Parasite and Fungi","floor":27,"turns":4},{"damage":16,"enemies":"Snake Plant","floor":29,"turns":4},{"damage":0,"enemies":"Chosen and Byrds","floor":31,"turns":4},{"damage":34,"enemies":"Collector","floor":33,"turns":9},{"damage":12,"enemies":"Orb Walker","floor":35,"turns":2},{"damage":21,"enemies":"3 Darklings","floor":37,"turns":4},{"damage":1,"enemies":"Spire Growth","floor":39,"turns":7},{"damage":15,"enemies":"Giant Head","floor":41,"turns":7},{"damage":29,"enemies":"4 Shapes","floor":44,"turns":5},{"damage":22,"enemies":"Sphere and 2 Shapes","floor":48,"turns":3},{"damage":57,"enemies":"Time Eater","floor":50,"turns":8}],"seed_played":"4887547238023852137","potions_obtained":[{"floor":1.0,"key":"AttackPotion"},{"floor":8.0,"key":"Dexterity Potion"},{"floor":12.0,"key":"SpeedPotion"},{"floor":16.0,"key":"SpeedPotion"},{"floor":31,"key":"Dexterity Potion"},{"floor":48,"key":"Poison Potion"}],"is_trial":false,"path_per_floor":["M","$","?","?","M","E","R","E","T","M","R","M","E","?","R","B",null,"M","$","?","?","T","R","M","M","T","M","R","M","?","M","R","B",null,"M","?","M","$","M","R","E","?","T","M","R","$","?","M","R","B",null],"character_chosen":"DEFECT","items_purchased":["Defragment","Barrage","Toy Ornithopter","Calipers","Barrage"],"campfire_rested":6,"item_purchase_floors":[2,19,19,38,38],"current_hp_per_floor":[72,72,69,69,63,59,59,31,31,24,46,39,30,30,52,48,75,75,75,75,59,59,59,61,54,54,44,66,50,50,50,50,41,75,63,63,42,42,41,63,48,48,48,19,41,41,41,24,46,24],"gold":98,"neow_bonus":"RANDOM_COLORLESS_2","is_prod":false,"is_daily":false,"chose_seed":false,"campfire_upgraded":3,"win_rate":0,"timestamp":1567636087,"path_taken":["M","$","?","?","M","E","R","E","T","M","R","M","E","?","R","BOSS","M","$","?","?","?","R","M","M","T","M","R","M","?","M","R","BOSS","M","?","M","$","M","R","E","?","T","M","R","$","?","M","R","BOSS"],"build_version":"2019-07-17","purchased_purges":1,"victory":true,"max_hp_per_floor":[75,75,75,75,75,75,75,75,75,75,75,75,75,75,75,75,75,75,75,75,75,75,75,75,75,75,75,75,75,75,75,75,75,75,75,75,75,75,75,75,75,75,75,75,75,75,75,75,75,75],"card_choices":[{"not_picked":["Beam Cell","Streamline"],"picked":"Coolheaded","floor":1.0},{"not_picked":["Coolheaded","BootSequence"],"picked":"Capacitor","floor":5.0},{"not_picked":["Streamline","Rebound"],"picked":"Cold Snap","floor":6.0},{"not_picked":["Static Discharge","Leap"],"picked":"Heatsinks","floor":8.0},{"not_picked":["Cold Snap","Leap"],"picked":"Chill","floor":10.0},{"not_picked":["Gash","Go for the Eyes"],"picked":"Melter","floor":11.0},{"not_picked":["Turbo","Streamline","Hologram"],"picked":"SKIP","floor":12.0},{"not_picked":["Rip and Tear","Streamline"],"picked":"Conserve Battery","floor":13.0},{"not_picked":["Compile Driver","Reinforced Body"],"picked":"Rainbow","floor":15.0},{"not_picked":["Thunder Strike","Multi-Cast"],"picked":"Biased Cognition","floor":16.0},{"not_picked":["Skim+1","Fusion"],"picked":"Turbo","floor":18},{"not_picked":["Hello World","Steam Power+1","Leap"],"picked":"SKIP","floor":24},{"not_picked":["Aggregate","Sunder"],"picked":"Tempest+1","floor":25},{"not_picked":["Doom and Gloom+1","Conserve Battery","Sunder"],"picked":"SKIP","floor":27},{"not_picked":["Leap","Sweeping Beam"],"picked":"Coolheaded","floor":28},{"not_picked":["Fusion","Compile Driver+1"],"picked":"Blizzard","floor":29},{"not_picked":["Go for the Eyes","Turbo+1","Steam"],"picked":"SKIP","floor":31},{"not_picked":["Core Surge","Amplify"],"picked":"Creative AI","floor":33},{"not_picked":["Scrape+1"],"picked":"SKIP","floor":35},{"not_picked":[],"picked":"Coolheaded","floor":37},{"not_picked":[],"picked":"Barrage+1","floor":39},{"not_picked":["Scrape+1"],"picked":"SKIP","floor":41},{"not_picked":[],"picked":"Enlightenment","floor":42},{"not_picked":[],"picked":"Auto Shields+1","floor":44},{"not_picked":[],"picked":"Barrage+1","floor":45},{"not_picked":[],"picked":"FTL+1","floor":48},{"not_picked":[],"picked":"Storm+1","floor":49}],"player_experience":99418,"relics_obtained":[{"floor":6.0,"key":"Bronze Scales"},{"floor":8.0,"key":"Dream Catcher"},{"floor":9.0,"key":"Pantograph"},{"floor":13.0,"key":"Mercury Hourglass"},{"floor":21,"key":"Enchiridion"},{"floor":22,"key":"Boot"},{"floor":26,"key":"Centennial Puzzle"},{"floor":41,"key":"Bottled Tornado"},{"floor":43,"key":"Shuriken"}],"event_choices":[{"damage_healed":0.0,"max_hp_gain":0.0,"max_hp_loss":0.0,"gold_gain":0.0,"event_name":"Scrap Ooze","player_choice":"Success","floor":3.0,"gold_loss":0.0,"damage_taken":3.0,"relics_obtained":["Nunchaku"]},{"damage_healed":0.0,"max_hp_gain":0.0,"max_hp_loss":0.0,"gold_gain":0.0,"event_name":"Living Wall","player_choice":"Grow","floor":4.0,"gold_loss":0.0,"damage_taken":0.0,"cards_upgraded":["Defragment"]},{"damage_healed":0.0,"max_hp_gain":0.0,"max_hp_loss":0.0,"gold_gain":0.0,"event_name":"Upgrade Shrine","player_choice":"Upgraded","floor":14.0,"gold_loss":0.0,"damage_taken":0.0,"cards_upgraded":["Chill"]},{"damage_healed":0,"gold_gain":99,"player_choice":"Stole From Cult","damage_taken":0,"max_hp_gain":0,"max_hp_loss":0,"event_name":"Nest","floor":20,"gold_loss":0},{"damage_healed":0,"gold_gain":0,"player_choice":"Obtained Book","damage_taken":16,"max_hp_gain":0,"max_hp_loss":0,"event_name":"Cursed Tome","floor":21,"gold_loss":0},{"damage_healed":0,"gold_gain":0,"player_choice":"Ignored","damage_taken":0,"max_hp_gain":0,"max_hp_loss":0,"event_name":"Vampires","floor":30,"gold_loss":0},{"damage_healed":0,"gold_gain":0,"player_choice":"Ignored","damage_taken":0,"max_hp_gain":0,"max_hp_loss":0,"event_name":"Tomb of Lord Red Mask","floor":36,"gold_loss":0},{"damage_healed":0,"gold_gain":0,"player_choice":"Memory 1","damage_taken":0,"max_hp_gain":0,"max_hp_loss":0,"event_name":"SensoryStone","floor":42,"gold_loss":0},{"damage_healed":0,"gold_gain":0,"player_choice":"Ignored","damage_taken":0,"max_hp_gain":0,"max_hp_loss":0,"event_name":"Mysterious Sphere","floor":47,"gold_loss":0}],"is_beta":false,"boss_relics":[{"not_picked":["Sozu","Eternal Feather"],"picked":"FrozenCore"},{"not_picked":["Snecko Eye","Astrolabe"],"picked":"Busted Crown"}],"items_purged_floors":[2],"is_endless":false,"potions_floor_spawned":[1,8,12,16,31,33,39,48],"ascension_level":2}