{"gold_per_floor":[119,138,213,213,6,6,19,38,64,164,164,15,15,27,27,129,129,141,152,168,194,194,194,223,241,241,241,256,275,21,41,41,141,141,155,166,221,232,232,232,250,250,250,260,274,61,79,179,179,179],"floor_reached":51,"playtime":2666,"items_purged":["Strike_G","Strike_G","Caltrops"],"score":738,"play_id":"2e600060-6728-4872-a54f-6cbfabc6e3f3","local_time":"20190918213252","is_ascension_mode":false,"campfire_choices":[{"data":"Survivor","floor":6.0,"key":"SMITH"},{"data":"Neutralize","floor":11.0,"key":"SMITH"},{"data":"Footwork","floor":13.0,"key":"SMITH"},{"data":"Footwork","floor":15.0,"key":"SMITH"},{"data":"Backflip","floor":23.0,"key":"SMITH"},{"data":"Bouncing Flask","floor":27.0,"key":"SMITH"},{"data":"Defend_G","floor":32.0,"key":"SMITH"},{"data":"Well Laid Plans","floor":40.0,"key":"SMITH"},{"data":"Deadly Poison","floor":42,"key":"SMITH"},{"data":"Corpse Explosion","floor":49,"key":"SMITH"}],"neow_cost":"PERCENT_DAMAGE","seed_source_timestamp":557480165528500,"circlet_count":0,"master_deck":["Strike_G","Strike_G","Defend_G+1","Defend_G","Defend_G","Defend_G","Survivor+1","Neutralize+1","Poisoned Stab","Backstab","Backflip+1","Poisoned Stab","Footwork+1","Footwork+1","Corpse Explosion+1","Bouncing Flask+1","Footwork+1","Well Laid Plans+1","Deadly Poison+1","Deadly Poison+1","Dodge and Roll+1","Footwork+1","Madness","Parasite"],"special_seed":0,"relics":["Ring of the Snake","Pen Nib","Blood Vial","Art of War","Sozu","Oddly Smooth Stone","Bag of Preparation","Potion Belt","Lantern","Velvet Choker","Tough Bandages","Bottled Lightning"],"potions_floor_usage":[],"damage_taken":[{"damage":0.0,"enemies":"Small Slimes","floor":1.0,"turns":3.0},{"damage":0.0,"enemies":"Jaw Worm","floor":2.0,"turns":4.0},{"damage":0.0,"enemies":"Cultist","floor":7.0,"turns":3.0},{"damage":0.0,"enemies":"3 Louse","floor":8.0,"turns":3.0},{"damage":0.0,"enemies":"Red Slaver","floor":14.0,"turns":3.0},{"damage":36.0,"enemies":"Slime Boss","floor":16.0,"turns":22.0},{"damage":0.0,"enemies":"2 Thieves","floor":18.0,"turns":3.0},{"damage":0.0,"enemies":"Chosen","floor":19.0,"turns":4.0},{"damage":6.0,"enemies":"Sentry and Sphere","floor":20.0,"turns":5.0},{"damage":0.0,"enemies":"Book of Stabbing","floor":24.0,"turns":6.0},{"damage":6.0,"enemies":"Snake Plant","floor":25.0,"turns":4.0},{"damage":2.0,"enemies":"Shelled Parasite and Fungi","floor":28.0,"turns":7.0},{"damage":0.0,"enemies":"Centurion and Healer","floor":29.0,"turns":6.0},{"damage":0.0,"enemies":"Sentry and Sphere","floor":31.0,"turns":4.0},{"damage":35.0,"enemies":"Champ","floor":33.0,"turns":11.0},{"damage":0.0,"enemies":"3 Shapes","floor":35.0,"turns":3.0},{"damage":9.0,"enemies":"Orb Walker","floor":36.0,"turns":3.0},{"damage":12.0,"enemies":"2 Orb Walkers","floor":37.0,"turns":4.0},{"damage":0.0,"enemies":"Maw","floor":38.0,"turns":7.0},{"damage":1,"enemies":"Sphere and 2 Shapes","floor":41,"turns":5},{"damage":0,"enemies":"Spire Growth","floor":44,"turns":5},{"damage":0,"enemies":"4 Shapes","floor":45,"turns":3},{"damage":0,"enemies":"Writhing Mass","floor":47,"turns":6},{"damage":16,"enemies":"Awakened One","floor":50,"turns":17}],"seed_played":"-6710600596836769211","potions_obtained":[{"floor":2.0,"key":"GhostInAJar"},{"floor":8.0,"key":"Poison Potion"},{"floor":14.0,"key":"DuplicationPotion"},{"floor":16.0,"key":"EntropicBrew"}],"is_trial":false,"path_per_floor":["M","M","?","?","$","R","M","M","T","?","R","$","R","M","R","B",null,"M","M","M","T","?","R","E","M","T","R","M","M","$","M","R","B",null,"M","M","?","M","?","R","M","R","T","M","M","$","M","?","R","B",null],"character_chosen":"THE_SILENT","items_purchased":["Blood Vial","Backflip","Footwork","Lantern","Madness"],"campfire_rested":0,"item_purchase_floors":[5,5,12,30,46],"current_hp_per_floor":[49,49,38,38,38,38,40,42,42,42,42,42,42,44,44,10,70,70,70,64,64,64,64,66,62,62,62,62,64,64,66,66,33,70,70,61,51,53,53,53,54,54,54,56,58,58,60,60,60,46],"gold":179,"neow_bonus":"REMOVE_TWO","is_prod":false,"is_daily":false,"chose_seed":false,"campfire_upgraded":10,"win_rate":0,"timestamp":1568809972,"path_taken":["M","M","?","?","$","R","M","?","T","?","R","$","R","?","R","BOSS","M","M","M","?","?","R","E","M","T","R","M","M","$","M","R","BOSS","M","?","?","M","?","R","?","R","T","M","M","$","M","?","R","BOSS"],"build_version":"2019-09-17","purchased_purges":3,"victory":true,"max_hp_per_floor":[70,70,70,70,70,70,70,70,70,70,70,70,70,70,70,70,70,70,70,70,70,70,70,70,70,70,70,70,70,70,70,70,70,70,70,70,70,70,70,70,70,70,70,70,70,70,70,70,70,70],"card_choices":[{"not_picked":["Prepared","Skewer"],"picked":"Poisoned Stab","floor":1.0},{"not_picked":["Well Laid Plans","Setup"],"picked":"Backstab","floor":2.0},{"not_picked":["Masterful Stab","Bane"],"picked":"Poisoned Stab","floor":7.0},{"not_picked":["Grand Finale","Acrobatics","Poisoned Stab"],"picked":"SKIP","floor":8.0},{"not_picked":["Concentrate","Flying Knee"],"picked":"Footwork","floor":14.0},{"not_picked":["After Image","Phantasmal Killer"],"picked":"Corpse Explosion","floor":16.0},{"not_picked":["Outmaneuver","Prepared"],"picked":"Bouncing Flask","floor":18.0},{"not_picked":["Prepared","Well Laid Plans+1"],"picked":"Caltrops","floor":19.0},{"not_picked":["Prepared","Slice","PiercingWail"],"picked":"SKIP","floor":20.0},{"not_picked":["Expertise","Calculated Gamble","Skewer"],"picked":"SKIP","floor":24.0},{"not_picked":["Backflip+1","Bouncing Flask+1"],"picked":"Footwork+1","floor":25.0},{"not_picked":["Deflect","Prepared+1"],"picked":"Well Laid Plans","floor":28.0},{"not_picked":["Finisher+1","Noxious Fumes"],"picked":"Deadly Poison","floor":29.0},{"not_picked":["Cloak And Dagger","Predator","Masterful Stab"],"picked":"SKIP","floor":31.0},{"not_picked":["Dagger Throw","Outmaneuver"],"picked":"Deadly Poison+1","floor":35.0},{"not_picked":["Dagger Throw+1","Deflect"],"picked":"Dodge and Roll+1","floor":36.0},{"not_picked":["Bane+1","Acrobatics","Backflip+1"],"picked":"SKIP","floor":38.0},{"not_picked":["Calculated Gamble+1","Cloak And Dagger+1","Quick Slash"],"picked":"SKIP","floor":41},{"not_picked":["Slice","Dodge and Roll+1","Deadly Poison+1"],"picked":"SKIP","floor":44},{"not_picked":["Deadly Poison+1","Dagger Spray+1","Eviscerate+1"],"picked":"SKIP","floor":45},{"not_picked":["Tools of the Trade","Bane+1","Dash"],"picked":"SKIP","floor":47}],"player_experience":484920,"relics_obtained":[{"floor":4.0,"key":"Pen Nib"},{"floor":9.0,"key":"Art of War"},{"floor":21.0,"key":"Oddly Smooth Stone"},{"floor":24.0,"key":"Bag of Preparation"},{"floor":26.0,"key":"Potion Belt"},{"floor":37.0,"key":"Tough Bandages"},{"floor":43,"key":"Bottled Lightning"}],"event_choices":[{"damage_healed":0.0,"max_hp_gain":0.0,"max_hp_loss":0.0,"gold_gain":75.0,"event_name":"World of Goop","player_choice":"Gather Gold","floor":3.0,"gold_loss":0.0,"damage_taken":11.0},{"damage_healed":0.0,"max_hp_gain":0.0,"max_hp_loss":0.0,"gold_gain":0.0,"event_name":"Wheel of Change","player_choice":"Relic","floor":4.0,"gold_loss":0.0,"damage_taken":0.0},{"damage_healed":0.0,"max_hp_gain":0.0,"max_hp_loss":0.0,"gold_gain":100.0,"event_name":"Golden Shrine","player_choice":"Pray","floor":10.0,"gold_loss":0.0,"damage_taken":0.0},{"damage_healed":0.0,"max_hp_gain":0.0,"max_hp_loss":0.0,"gold_gain":0.0,"event_name":"Lab","player_choice":"Got Potions","floor":22.0,"gold_loss":0.0,"damage_taken":0.0},{"damage_healed":0.0,"max_hp_gain":0.0,"max_hp_loss":0.0,"gold_gain":0.0,"event_name":"Mysterious Sphere","player_choice":"Fight","floor":37.0,"gold_loss":0.0,"damage_taken":0.0},{"damage_healed":0.0,"max_hp_gain":0.0,"max_hp_loss":0.0,"gold_gain":0.0,"event_name":"Duplicator","player_choice":"Copied","floor":39.0,"gold_loss":0.0,"damage_taken":0.0,"cards_obtained":["Footwork"]},{"damage_healed":0,"gold_gain":100,"player_choice":"Pray","damage_taken":0,"max_hp_gain":0,"max_hp_loss":0,"event_name":"Golden Shrine","floor":48,"gold_loss":0}],"is_beta":true,"boss_relics":[{"not_picked":["Astrolabe","WristBlade"],"picked":"Sozu"},{"not_picked":["Philosopher\u0027s Stone","Cursed Key"],"picked":"Velvet Choker"}],"items_purged_floors":[12,30,46],"is_endless":false,"potions_floor_spawned":[2,8,14,16,18,28,31,35,36,41],"ascension_level":0}