{"gold_per_floor":[116,133,133,152,1,1,1,16,42,80,80,98,98,111,111,204,204,227,17,30,54,54,54,90,90,90,126,35,35,54,77,77,77],"floor_reached":33,"playtime":3143,"items_purged":["Strike_G"],"score":574,"play_id":"f267a20d-29ae-45a1-928b-e6f62762a8bd","local_time":"20190121130516","is_ascension_mode":true,"campfire_choices":[{"data":"Footwork","floor":6.0,"key":"SMITH"},{"floor":11.0,"key":"REST"},{"data":"Noxious Fumes","floor":13.0,"key":"SMITH"},{"data":"Cloak And Dagger","floor":15.0,"key":"SMITH"},{"floor":23.0,"key":"REST"},{"floor":25.0,"key":"REST"},{"data":"Panache","floor":29.0,"key":"SMITH"},{"floor":32,"key":"REST"}],"neow_cost":"PERCENT_DAMAGE","seed_source_timestamp":7296603381601800,"circlet_count":0,"master_deck":["AscendersBane","Defend_G","Defend_G","Defend_G","Defend_G","Defend_G","Survivor","Neutralize","Riddle With Holes","Sucker Punch","PiercingWail","Infinite Blades","Accuracy","Footwork+1","Caltrops","Infinite Blades","All Out Attack","Noxious Fumes+1","Cloak And Dagger+1","Tools of the Trade","Dagger Throw+1","Panache+1","Cloak And Dagger","Underhanded Strike","Dagger Throw","All Out Attack+1","Cloak And Dagger","Infinite Blades","Backflip"],"special_seed":0,"relics":["Ring of the Snake","Golden Idol","Snake Skull","Regal Pillow","Busted Crown","Molten Egg 2","Nunchaku","Bronze Scales"],"potions_floor_usage":[33,33],"damage_taken":[{"damage":4.0,"enemies":"Small Slimes","floor":1.0,"turns":4.0},{"damage":3.0,"enemies":"Cultist","floor":2.0,"turns":5.0},{"damage":0.0,"enemies":"Jaw Worm","floor":4.0,"turns":4.0},{"damage":9.0,"enemies":"Large Slime","floor":8.0,"turns":5.0},{"damage":15.0,"enemies":"Gremlin Nob","floor":10.0,"turns":5.0},{"damage":1.0,"enemies":"Blue Slaver","floor":12.0,"turns":5.0},{"damage":2.0,"enemies":"2 Fungi Beasts","floor":14.0,"turns":3.0},{"damage":13.0,"enemies":"Slime Boss","floor":16.0,"turns":9.0},{"damage":5.0,"enemies":"Shell Parasite","floor":18.0,"turns":7.0},{"damage":17.0,"enemies":"Spheric Guardian","floor":20.0,"turns":4.0},{"damage":6.0,"enemies":"Snecko","floor":21.0,"turns":4.0},{"damage":28.0,"enemies":"Slavers","floor":24.0,"turns":7.0},{"damage":28.0,"enemies":"Gremlin Leader","floor":27.0,"turns":6.0},{"damage":3,"enemies":"Chosen and Byrds","floor":30,"turns":5},{"damage":24,"enemies":"Sentry and Sphere","floor":31,"turns":5},{"damage":39,"enemies":"Collector","floor":33,"turns":7}],"seed_played":"-8387021251851323802","potions_obtained":[{"floor":1.0,"key":"SpeedPotion"},{"floor":2.0,"key":"Strength Potion"},{"floor":12.0,"key":"AttackPotion"},{"floor":21.0,"key":"SkillPotion"},{"floor":30,"key":"SneckoOil"},{"floor":31,"key":"Dexterity Potion"}],"is_trial":false,"path_per_floor":["?","?","$","?","M"],"character_chosen":"THE_SILENT","items_purchased":["Footwork","Panache","Cloak And Dagger","Infinite Blades"],"campfire_rested":4,"item_purchase_floors":[5,19,28,28],"current_hp_per_floor":[40,37,37,37,37,37,37,28,28,13,46,45,45,43,43,30,53,48,48,31,25,25,58,30,60,60,32,32,32,29,5,38,0],"gold":77,"neow_bonus":"TRANSFORM_TWO_CARDS","is_prod":false,"is_daily":false,"chose_seed":false,"campfire_upgraded":4,"win_rate":0,"timestamp":1548104716,"path_taken":["M","M","?","M","$","R","?","M","T","E","R","M","R","M","R","BOSS","M","?","M","M","?","R","E","R","T","E","$","R","M","?","R","BOSS"],"build_version":"2019-01-20","purchased_purges":1,"victory":false,"max_hp_per_floor":[66,66,60,60,60,60,60,60,60,60,60,60,60,60,60,60,60,60,60,60,60,60,60,60,60,60,60,60,60,60,60,60,60],"card_choices":[{"not_picked":["Poisoned Stab","Bouncing Flask"],"picked":"PiercingWail","floor":1.0},{"not_picked":["Reflex","Poisoned Stab"],"picked":"Infinite Blades","floor":2.0},{"not_picked":["Underhanded Strike","Bouncing Flask"],"picked":"Accuracy","floor":4.0},{"not_picked":["Prepared","Endless Agony"],"picked":"Infinite Blades","floor":8.0},{"not_picked":["Outmaneuver","Quick Slash"],"picked":"All Out Attack","floor":10.0},{"not_picked":["Catalyst","Caltrops"],"picked":"Noxious Fumes","floor":12.0},{"not_picked":["Choke","Backstab"],"picked":"Cloak And Dagger","floor":14.0},{"not_picked":["Doppelganger","Die Die Die"],"picked":"Tools of the Trade","floor":16.0},{"not_picked":[],"picked":"Dagger Throw+1","floor":18.0},{"not_picked":[],"picked":"Cloak And Dagger","floor":20.0},{"not_picked":[],"picked":"Underhanded Strike","floor":21.0},{"not_picked":[],"picked":"All Out Attack","floor":24.0},{"not_picked":["Flying Knee+1"],"picked":"SKIP","floor":27.0},{"not_picked":["Slice+1"],"picked":"SKIP","floor":30},{"not_picked":[],"picked":"Backflip","floor":31}],"player_experience":3228942,"relics_obtained":[{"floor":9.0,"key":"Snake Skull"},{"floor":10.0,"key":"Regal Pillow"},{"floor":24.0,"key":"Molten Egg 2"},{"floor":26.0,"key":"Nunchaku"},{"floor":27.0,"key":"Bronze Scales"}],"event_choices":[{"damage_healed":0.0,"max_hp_gain":0.0,"max_hp_loss":6.0,"gold_gain":0.0,"event_name":"Golden Idol","player_choice":"Lose Max HP","floor":3.0,"gold_loss":0.0,"damage_taken":0.0,"relics_obtained":["Golden Idol"]},{"damage_healed":0.0,"max_hp_gain":0.0,"max_hp_loss":0.0,"gold_gain":0.0,"cards_transformed":["Strike_G"],"event_name":"Transmorgrifier","player_choice":"Transformed","floor":7.0,"gold_loss":0.0,"damage_taken":0.0,"cards_obtained":["Caltrops"]},{"damage_healed":0.0,"max_hp_gain":0.0,"max_hp_loss":0.0,"gold_gain":0.0,"cards_transformed":["Strike_G"],"event_name":"Transmorgrifier","player_choice":"Transformed","floor":22.0,"gold_loss":0.0,"damage_taken":0.0,"cards_obtained":["Dagger Throw"]}],"is_beta":true,"boss_relics":[{"not_picked":["Fusion Hammer","Philosopher\u0027s Stone"],"picked":"Busted Crown"}],"items_purged_floors":[5],"is_endless":false,"potions_floor_spawned":[1,2,4,12,21,30,31],"killed_by":"Collector","ascension_level":20}