{"gold_per_floor":[116,133,150,165,7,42,42,57,131,131,56,74,105,105,105,183,183,203,203,223,253,267,267,267,267,267,267,34,34,61,71,71,149,149,166,179,197,80,80],"floor_reached":39,"playtime":1547,"items_purged":["Strike_R","Doubt"],"score":822,"play_id":"7bda1944-dcae-4baf-87fd-9963338d0703","local_time":"20190612232139","is_ascension_mode":true,"campfire_choices":[{"data":"Bash","floor":7.0,"key":"SMITH"},{"data":"Intimidate","floor":10.0,"key":"SMITH"},{"data":"Heavy Blade","floor":15.0,"key":"SMITH"},{"floor":23,"key":"REST"},{"floor":25,"key":"REST"},{"data":"Limit Break","floor":27,"key":"SMITH"},{"floor":32,"key":"REST"}],"neow_cost":"NONE","seed_source_timestamp":4146643642331789,"circlet_count":0,"master_deck":["AscendersBane","Strike_R","Strike_R","Strike_R","Defend_R","Defend_R","Defend_R+1","Defend_R+1","Bash+1","Cleave","Intimidate+1","Combust","Thunderclap","Limit Break+1","Heavy Blade+1","Reaper","Limit Break+1","Disarm","Spot Weakness","Feel No Pain","Sword Boomerang","Offering","Writhe","Regret","Shockwave","Headbutt","True Grit+1"],"special_seed":0,"relics":["Burning Blood","War Paint","Vajra","Letter Opener","Gremlin Horn","Mango","Sozu","Red Mask","Dodecahedron","Membership Card","Smiling Mask","Frozen Egg 2","Calling Bell","Bag of Preparation","The Courier","Gambling Chip","Dream Catcher"],"potions_floor_usage":[16,22,37],"damage_taken":[{"damage":1.0,"enemies":"Small Slimes","floor":1.0,"turns":4.0},{"damage":1.0,"enemies":"2 Louse","floor":2.0,"turns":5.0},{"damage":9.0,"enemies":"Cultist","floor":3.0,"turns":3.0},{"damage":9.0,"enemies":"3 Louse","floor":4.0,"turns":3.0},{"damage":31.0,"enemies":"Gremlin Nob","floor":6.0,"turns":4.0},{"damage":2.0,"enemies":"2 Fungi Beasts","floor":8.0,"turns":4.0},{"damage":9.0,"enemies":"Blue Slaver","floor":12.0,"turns":4.0},{"damage":30.0,"enemies":"3 Sentries","floor":13.0,"turns":5.0},{"damage":41,"enemies":"Slime Boss","floor":16,"turns":9},{"damage":29,"enemies":"3 Byrds","floor":18,"turns":5},{"damage":38,"enemies":"Shell Parasite","floor":20,"turns":5},{"damage":35,"enemies":"Masked Bandits","floor":21,"turns":4},{"damage":28,"enemies":"Sentry and Sphere","floor":22,"turns":5},{"damage":16,"enemies":"Book of Stabbing","floor":30,"turns":4},{"damage":19,"enemies":"Snake Plant","floor":31,"turns":5},{"damage":27,"enemies":"Automaton","floor":33,"turns":5},{"damage":47,"enemies":"Orb Walker","floor":35,"turns":5},{"damage":44,"enemies":"3 Darklings","floor":36,"turns":4},{"damage":37,"enemies":"Sphere and 2 Shapes","floor":37,"turns":3},{"damage":20,"enemies":"Spire Growth","floor":39,"turns":2}],"seed_played":"6287987099051342636","potions_obtained":[{"floor":3.0,"key":"BloodPotion"},{"floor":6.0,"key":"BloodPotion"},{"floor":16,"key":"Energy Potion"}],"is_trial":false,"path_per_floor":["M","M","M","M","$","E","R","M","T","R","$","M","E","?","R","B",null,"M","?","M","?","M","R","?","R","T","R","$","?","E","M","R","B",null,"M","M","M","$","M"],"character_chosen":"IRONCLAD","items_purchased":["Vajra","Membership Card","Feel No Pain","Dream Catcher"],"campfire_rested":3,"item_purchase_floors":[5,28,28,38],"current_hp_per_floor":[73,75,72,69,69,44,44,48,48,48,48,45,35,35,35,22,72,57,57,33,19,23,49,23,51,51,51,51,51,41,40,68,47,82,46,38,16,16,0],"gold":80,"neow_bonus":"RANDOM_COMMON_RELIC","is_prod":false,"is_daily":false,"chose_seed":false,"campfire_upgraded":4,"win_rate":0,"timestamp":1560406899,"path_taken":["M","M","M","M","$","E","R","M","T","R","$","M","E","?","R","BOSS","M","?","?","?","M","R","?","R","T","R","$","?","E","M","R","BOSS","M","?","M","$","M"],"build_version":"2019-06-11","purchased_purges":2,"victory":false,"max_hp_per_floor":[75,75,75,75,75,75,75,75,75,75,75,75,89,89,89,89,89,89,89,89,89,89,89,94,94,94,94,94,94,94,94,94,94,94,94,94,94,94,94],"card_choices":[{"not_picked":["Wild Strike","Burning Pact"],"picked":"Hemokinesis","floor":1.0},{"not_picked":["Dual Wield","Flex","Heavy Blade"],"picked":"SKIP","floor":2.0},{"not_picked":["Armaments","Sword Boomerang"],"picked":"Cleave","floor":3.0},{"not_picked":["Headbutt","Perfected Strike"],"picked":"Intimidate","floor":4.0},{"not_picked":["Rage","Hemokinesis"],"picked":"Combust","floor":6.0},{"not_picked":["Rage","Havoc"],"picked":"Thunderclap","floor":8.0},{"not_picked":["Rupture","Searing Blow"],"picked":"Limit Break","floor":12.0},{"not_picked":["Headbutt","Pommel Strike"],"picked":"Heavy Blade","floor":13.0},{"not_picked":["Double Tap","Impervious"],"picked":"Reaper","floor":16},{"not_picked":["Heavy Blade","Armaments","Warcry"],"picked":"SKIP","floor":18},{"not_picked":["Intimidate","Perfected Strike"],"picked":"Disarm","floor":20},{"not_picked":["Perfected Strike","Heavy Blade+1"],"picked":"Spot Weakness","floor":22},{"not_picked":["Flex","Clash","Anger+1"],"picked":"SKIP","floor":30},{"not_picked":["Iron Wave","Warcry"],"picked":"Sword Boomerang","floor":31},{"not_picked":["Berserk+1","Impervious"],"picked":"Offering","floor":33},{"not_picked":["Cleave","Fire Breathing+1"],"picked":"Shockwave","floor":35},{"not_picked":["Spot Weakness","Cleave+1"],"picked":"Headbutt","floor":36},{"not_picked":["Anger","Clothesline"],"picked":"True Grit+1","floor":37}],"player_experience":1351734,"relics_obtained":[{"floor":6.0,"key":"Letter Opener"},{"floor":9.0,"key":"Gremlin Horn"},{"floor":13.0,"key":"Mango"},{"floor":21,"key":"Red Mask"},{"floor":26,"key":"Dodecahedron"},{"floor":30,"key":"Frozen Egg 2"},{"floor":34,"key":"Bag of Preparation"},{"floor":34,"key":"The Courier"},{"floor":34,"key":"Gambling Chip"}],"event_choices":[{"damage_healed":0.0,"max_hp_gain":0.0,"max_hp_loss":0.0,"gold_gain":0.0,"event_name":"Living Wall","player_choice":"Grow","floor":14.0,"gold_loss":0.0,"damage_taken":0.0,"cards_upgraded":["Limit Break"]},{"damage_healed":0,"gold_gain":0,"cards_transformed":["Strike_R"],"player_choice":"Transformed","damage_taken":0,"max_hp_gain":0,"max_hp_loss":0,"event_name":"Transmorgrifier","floor":19,"gold_loss":0,"cards_obtained":["Limit Break"]},{"damage_healed":0,"gold_gain":0,"player_choice":"Fought Bandits","damage_taken":0,"max_hp_gain":0,"max_hp_loss":0,"event_name":"Masked Bandits","floor":21,"gold_loss":0},{"damage_healed":0,"gold_gain":0,"player_choice":"Shed Blood","damage_taken":31,"max_hp_gain":5,"max_hp_loss":0,"event_name":"Forgotten Altar","floor":24,"gold_loss":0},{"cards_removed":["Hemokinesis"],"damage_healed":0,"gold_gain":0,"player_choice":"Gave Card","damage_taken":0,"relics_obtained":["Smiling Mask"],"max_hp_gain":0,"max_hp_loss":0,"event_name":"WeMeetAgain","floor":29,"gold_loss":0}],"is_beta":true,"boss_relics":[{"not_picked":["Velvet Choker","Orrery"],"picked":"Sozu"},{"not_picked":["Philosopher\u0027s Stone","Tiny House"],"picked":"Calling Bell"}],"items_purged_floors":[11,38],"is_endless":false,"potions_floor_spawned":[3,6,12,13,16,20,21,33,36],"killed_by":"Spire Growth","ascension_level":20}