{"gold_per_floor":[119,129,139,156,169,169,199,209,281,293,303,303,303,328,328,405,405,421,346,261,5,5,5,17,36,114,213,246,246,276,290,290,363,363,375,395,149,167,167,167],"floor_reached":40,"playtime":1907,"items_purged":["Strike_G","Strike_G"],"score":851,"play_id":"ee0e2bea-ff2a-4727-9f3b-01a281cf8e54","local_time":"20180710130655","is_ascension_mode":true,"campfire_choices":[{"data":"Neutralize","floor":6,"key":"SMITH"},{"data":"Sucker Punch","floor":12,"key":"SMITH"},{"data":"Dash","floor":15,"key":"SMITH"},{"data":"Glass Knife","floor":23,"key":"SMITH"},{"floor":29,"key":"REST"},{"floor":32,"key":"REST"}],"neow_cost":"NONE","seed_source_timestamp":141726238086821,"circlet_count":0,"master_deck":["Defend_G","Defend_G","Defend_G","Defend_G","Defend_G","Strike_G+1","Strike_G","Strike_G+1","Survivor","Neutralize+1","AscendersBane","Backflip","Acrobatics","Choke","Dagger Spray","Sucker Punch+1","Dash+1","Glass Knife+1","Caltrops","Caltrops","Noxious Fumes","Parasite","Backflip","Well Laid Plans+1","Phantasmal Killer","Normality","Writhe","Pain","Footwork"],"relics":["Velvet Choker","Whetstone","Letter Opener","Mango","Cursed Key","Shovel","Meat on the Bone","Ninja Scroll","Vajra","Matryoshka","Calling Bell","Ancient Tea Set","Shuriken","Ice Cream","Bag of Preparation"],"potions_floor_usage":[7,11,16,28,28,33,40,40],"damage_taken":[{"damage":2,"enemies":"2 Louse","floor":1,"turns":3},{"damage":0,"enemies":"Cultist","floor":2,"turns":5},{"damage":0,"enemies":"Small Slimes","floor":3,"turns":3},{"damage":3,"enemies":"Exordium Wildlife","floor":4,"turns":5},{"damage":3,"enemies":"Blue Slaver","floor":5,"turns":4},{"damage":16,"enemies":"Lagavulin","floor":7,"turns":9},{"damage":3,"enemies":"3 Louse","floor":8,"turns":3},{"damage":3,"enemies":"Looter","floor":10,"turns":3},{"damage":0,"enemies":"Exordium Thugs","floor":11,"turns":3},{"damage":8,"enemies":"3 Sentries","floor":14,"turns":7},{"damage":58,"enemies":"Hexaghost","floor":16,"turns":14},{"damage":3,"enemies":"3 Byrds","floor":18,"turns":6},{"damage":0,"enemies":"Chosen","floor":24,"turns":4},{"damage":20,"enemies":"Snake Plant","floor":25,"turns":3},{"damage":36,"enemies":"Book of Stabbing","floor":28,"turns":5},{"damage":14,"enemies":"Slavers","floor":30,"turns":5},{"damage":15,"enemies":"Centurion and Healer","floor":31,"turns":5},{"damage":51,"enemies":"Automaton","floor":33,"turns":11},{"damage":3,"enemies":"Flame Bruiser 1 Orb","floor":35,"turns":4},{"damage":15,"enemies":"3 Darklings","floor":36,"turns":3},{"damage":33,"enemies":"Spire Growth","floor":38,"turns":5},{"damage":36,"enemies":"Transient","floor":40,"turns":5}],"seed_played":"-1949945793133591349","potions_obtained":[{"floor":1,"key":"Swift Potion"},{"floor":2,"key":"Dexterity Potion"},{"floor":3,"key":"GhostInAJar"},{"floor":11,"key":"Weak Potion"},{"floor":16,"key":"GamblersBrew"},{"floor":18,"key":"Poison Potion"},{"floor":30,"key":"AttackPotion"},{"floor":33,"key":"SkillPotion"},{"floor":36,"key":"Block Potion"}],"is_trial":false,"path_per_floor":["M","M","M","M","M","R","E","M","T","M","M","R","?","E","R","B",null,"M","$","?","$","?","R","M","M","T","?","E","R","E","M","R","B",null,"M","M","$","M","?"],"character_chosen":"THE_SILENT","items_purchased":["Meat on the Bone","Bag of Preparation"],"campfire_rested":2,"item_purchase_floors":[21,37],"current_hp_per_floor":[61,61,61,58,55,55,39,36,36,33,33,33,56,62,62,4,64,61,61,61,61,45,45,45,37,37,37,13,39,37,34,60,21,72,69,54,54,33,33,0],"gold":167,"neow_bonus":"BOSS_RELIC","is_prod":false,"is_daily":false,"chose_seed":false,"campfire_upgraded":4,"win_rate":0,"timestamp":1531253215,"path_taken":["M","M","M","M","M","R","E","M","T","M","M","R","?","E","R","BOSS","M","$","?","$","?","R","M","?","T","?","E","R","E","M","R","BOSS","M","M","$","M","?","M"],"build_version":"2018-07-09","purchased_purges":2,"victory":false,"max_hp_per_floor":[70,70,70,70,70,70,70,70,70,70,70,70,70,84,84,84,84,84,84,84,84,89,89,89,89,89,89,89,89,89,89,89,89,89,89,89,89,89,89,89],"card_choices":[{"not_picked":["Endless Agony","Calculated Gamble"],"picked":"Backflip","floor":1},{"not_picked":["PiercingWail","Choke"],"picked":"Acrobatics","floor":2},{"not_picked":["Endless Agony","Prepared","Accuracy"],"picked":"SKIP","floor":3},{"not_picked":["Cloak And Dagger","Finisher"],"picked":"Choke","floor":4},{"not_picked":["Heel Hook","Choke","Dagger Spray"],"picked":"SKIP","floor":5},{"not_picked":["Heel Hook","Choke"],"picked":"Dagger Spray","floor":5},{"not_picked":["Prepared","Finisher","Choke"],"picked":"SKIP","floor":7},{"not_picked":["Bane","Quick Slash"],"picked":"Sucker Punch","floor":8},{"not_picked":["Cloak And Dagger","Finisher","Deadly Poison"],"picked":"SKIP","floor":10},{"not_picked":["Dagger Throw","Poisoned Stab"],"picked":"Dash","floor":11},{"not_picked":["Outmaneuver","Cloak And Dagger","Finisher"],"picked":"SKIP","floor":14},{"not_picked":["Venomology","Phantasmal Killer"],"picked":"Glass Knife","floor":16},{"not_picked":["Sucker Punch","Bane"],"picked":"Caltrops","floor":18},{"not_picked":["Catalyst","Endless Agony"],"picked":"Caltrops","floor":24},{"not_picked":["Slice","Dagger Throw"],"picked":"Noxious Fumes","floor":25},{"not_picked":["Bane","Predator","Dagger Throw"],"picked":"SKIP","floor":28},{"not_picked":["Poisoned Stab","Quick Slash"],"picked":"Backflip","floor":30},{"not_picked":["Dagger Spray+1","Dash"],"picked":"Well Laid Plans+1","floor":31},{"not_picked":["Doppelganger","Envenom"],"picked":"Phantasmal Killer","floor":33},{"not_picked":["Noxious Fumes","Prepared"],"picked":"Footwork","floor":35},{"not_picked":["Deflect","Bouncing Flask","PiercingWail"],"picked":"SKIP","floor":36},{"not_picked":["Outmaneuver","Underhanded Strike","Dodge and Roll"],"picked":"SKIP","floor":38}],"player_experience":762017,"relics_obtained":[{"floor":7,"key":"Whetstone"},{"floor":9,"key":"Letter Opener"},{"floor":14,"key":"Mango"},{"floor":26,"key":"Ninja Scroll"},{"floor":28,"key":"Vajra"},{"floor":30,"key":"Matryoshka"},{"floor":34,"key":"Ancient Tea Set"},{"floor":34,"key":"Shuriken"},{"floor":34,"key":"Ice Cream"}],"event_choices":[{"event_name":"Big Fish","player_choice":"Banana","floor":13,"damage_taken":0},{"event_name":"Addict","player_choice":"Obtained Relic","floor":20,"damage_taken":0},{"event_name":"Forgotten Altar","player_choice":"Shed Blood","floor":22,"damage_taken":0},{"event_name":"Nest","player_choice":"Stole From Cult","floor":27,"damage_taken":0},{"event_name":"Tomb of Lord Red Mask","player_choice":"Ignored","floor":39,"damage_taken":0}],"boss_relics":[{"not_picked":["Eternal Feather","Philosopher\u0027s Stone"],"picked":"Cursed Key"},{"not_picked":["Tiny House","Runic Dome"],"picked":"Calling Bell"}],"items_purged_floors":[19,37],"is_endless":false,"potions_floor_spawned":[1,2,3,4,11,16,18,30,33,36],"killed_by":"Transient","ascension_level":13}