{"gold_per_floor":[118,118,118,134,145,145,173,173,173,173,173,196,196,220,220,339,339,363,382,205,230,230,230,245,278,278,278,291,291,304,304,304,406,406,424,434,434,197,215,215,250,250],"floor_reached":42,"playtime":2875,"items_purged":["Writhe"],"score":627,"play_id":"08175417-ed53-414e-a76c-e4ab2ab5e5a7","local_time":"20190408173136","is_ascension_mode":true,"campfire_choices":[{"data":"Defragment","floor":6,"key":"SMITH"},{"data":"Zap","floor":8,"key":"SMITH"},{"data":"Ball Lightning","floor":11,"key":"SMITH"},{"data":"Conserve Battery","floor":13,"key":"SMITH"},{"data":"Auto Shields","floor":15,"key":"SMITH"},{"data":"Creative AI","floor":23,"key":"SMITH"},{"floor":29,"key":"REST"},{"floor":32,"key":"REST"},{"data":"Creative AI","floor":40,"key":"SMITH"}],"neow_cost":"CURSE","seed_source_timestamp":525330907270746,"circlet_count":0,"master_deck":["Strike_B","Defend_B","Defend_B","Defend_B","Defend_B","Zap+1","Dualcast","Injury","Ball Lightning+1","Auto Shields+1","Defragment+1","Conserve Battery+1","BootSequence","Creative AI+1","Reinforced Body","Coolheaded+1","Core Surge","Coolheaded","Capacitor","Reboot","Creative AI+1","Echo Form","Thunder Strike","Darkness+1"],"special_seed":0,"relics":["FrozenCore","Ginger","The Courier","PreservedInsect","Bloody Idol","Sozu","DataDisk","Ornamental Fan","Symbiotic Virus","Happy Flower","Art of War","Potion Belt"],"potions_floor_usage":[16,16],"damage_taken":[{"damage":0,"enemies":"2 Louse","floor":1,"turns":3},{"damage":0,"enemies":"Cultist","floor":4,"turns":2},{"damage":5,"enemies":"Small Slimes","floor":5,"turns":3},{"damage":15,"enemies":"Lagavulin","floor":7,"turns":7},{"damage":0,"enemies":"Exordium Wildlife","floor":12,"turns":3},{"damage":0,"enemies":"Blue Slaver","floor":14,"turns":4},{"damage":12,"enemies":"The Guardian","floor":16,"turns":11},{"damage":7,"enemies":"Shell Parasite","floor":18,"turns":7},{"damage":20,"enemies":"3 Byrds","floor":19,"turns":5},{"damage":4,"enemies":"Centurion and Healer","floor":21,"turns":11},{"damage":0,"enemies":"Cultist and Chosen","floor":24,"turns":6},{"damage":21,"enemies":"Slavers","floor":25,"turns":6},{"damage":10,"enemies":"3 Cultists","floor":28,"turns":5},{"damage":3,"enemies":"Centurion and Healer","floor":30,"turns":7},{"damage":37,"enemies":"Automaton","floor":33,"turns":13},{"damage":15,"enemies":"3 Darklings","floor":35,"turns":5},{"damage":8,"enemies":"Orb Walker","floor":36,"turns":6},{"damage":24,"enemies":"Jaw Worm Horde","floor":39,"turns":7},{"damage":25,"enemies":"Nemesis","floor":41,"turns":7},{"damage":13,"enemies":"4 Shapes","floor":42,"turns":1}],"seed_played":"4629960913628539779","potions_obtained":[{"floor":5,"key":"FearPotion"},{"floor":14,"key":"SkillPotion"}],"is_trial":false,"path_per_floor":["M","?","?","M","M","R","E","R","T","?","R","M","R","M","R","B",null,"M","M","$","M","?","R","M","E","T","?","M","R","M","?","R","B",null,"M","M","?","$","M","R","E","M"],"character_chosen":"DEFECT","items_purchased":["Core Surge","DataDisk","Art of War","Thunder Strike"],"campfire_rested":2,"item_purchase_floors":[20,20,38,38],"current_hp_per_floor":[68,61,61,61,56,56,41,41,41,23,23,23,23,23,23,11,59,52,32,32,28,28,28,33,17,17,17,12,34,36,36,58,26,63,53,50,50,50,31,31,11,0],"gold":250,"neow_bonus":"ONE_RARE_RELIC","is_prod":false,"is_daily":false,"chose_seed":false,"campfire_upgraded":7,"win_rate":0,"timestamp":1554759096,"path_taken":["M","?","?","M","?","R","E","R","T","?","R","M","R","M","R","BOSS","M","M","$","M","?","R","M","E","T","?","M","R","M","?","R","BOSS","M","?","?","$","?","R","E","M"],"build_version":"2019-01-23","purchased_purges":1,"victory":false,"max_hp_per_floor":[75,75,75,75,75,75,75,75,75,75,75,75,75,75,75,75,75,75,75,75,75,75,75,75,75,75,75,75,75,75,75,75,75,75,75,75,75,75,75,75,75,75],"card_choices":[{"not_picked":["Conserve Battery","Turbo"],"picked":"Ball Lightning","floor":1},{"not_picked":["Beam Cell","Consume"],"picked":"Auto Shields","floor":4},{"not_picked":["Sweeping Beam","Steam"],"picked":"Defragment","floor":5},{"not_picked":["Recycle","Beam Cell","Redo"],"picked":"SKIP","floor":7},{"not_picked":["Gash","Lockon"],"picked":"Conserve Battery","floor":12},{"not_picked":["Conserve Battery","Hyperbeam"],"picked":"BootSequence","floor":14},{"not_picked":["Multi-Cast","Seek"],"picked":"Creative AI","floor":16},{"not_picked":["Doom and Gloom","Go for the Eyes"],"picked":"Reinforced Body","floor":18},{"not_picked":["Heatsinks","Compile Driver"],"picked":"Coolheaded+1","floor":19},{"not_picked":["Hologram","Double Energy+1"],"picked":"Coolheaded","floor":21},{"not_picked":["Steam+1","Coolheaded"],"picked":"Capacitor","floor":24},{"not_picked":["Static Discharge+1","Beam Cell"],"picked":"Reboot","floor":25},{"not_picked":["Streamline","Aggregate","Conserve Battery+1"],"picked":"SKIP","floor":28},{"not_picked":["Reprogram","Scrape","Melter"],"picked":"SKIP","floor":30},{"not_picked":["Buffer","Rainbow"],"picked":"Echo Form","floor":33},{"not_picked":["Hologram","Genetic Algorithm+1","Barrage+1"],"picked":"SKIP","floor":35},{"not_picked":["Doom and Gloom+1","Blizzard+1","Beam Cell"],"picked":"SKIP","floor":36},{"not_picked":["Coolheaded+1","Fusion+1","Sweeping Beam+1"],"picked":"SKIP","floor":39},{"not_picked":["Coolheaded","Fusion+1"],"picked":"Darkness+1","floor":41}],"player_experience":510289,"relics_obtained":[{"floor":7,"key":"The Courier"},{"floor":9,"key":"PreservedInsect"},{"floor":25,"key":"Ornamental Fan"},{"floor":26,"key":"Symbiotic Virus"},{"floor":41,"key":"Potion Belt"}],"event_choices":[{"cards_removed":["Strike_B"],"damage_healed":0,"gold_gain":0,"player_choice":"Card Removal","damage_taken":7,"max_hp_gain":0,"max_hp_loss":0,"event_name":"Golden Wing","floor":2,"gold_loss":0},{"cards_removed":["Strike_B"],"damage_healed":0,"gold_gain":0,"player_choice":"Card Removal","damage_taken":0,"max_hp_gain":0,"max_hp_loss":0,"event_name":"Wheel of Change","floor":3,"gold_loss":0},{"damage_healed":0,"gold_gain":0,"player_choice":"Take Damage","damage_taken":18,"relics_obtained":["Golden Idol"],"max_hp_gain":0,"max_hp_loss":0,"event_name":"Golden Idol","floor":10,"gold_loss":0},{"damage_healed":0,"gold_gain":0,"player_choice":"Gave Idol","damage_taken":0,"relics_obtained":["Bloody Idol"],"max_hp_gain":0,"max_hp_loss":0,"event_name":"Forgotten Altar","floor":22,"relics_lost":["Golden Idol"],"gold_loss":0},{"damage_healed":0,"gold_gain":0,"player_choice":"Opened","damage_taken":0,"relics_obtained":["Happy Flower"],"max_hp_gain":0,"max_hp_loss":0,"event_name":"The Mausoleum","floor":27,"gold_loss":0,"cards_obtained":["Writhe"]},{"damage_healed":0,"gold_gain":0,"cards_transformed":["Strike_B"],"player_choice":"Transformed","damage_taken":0,"max_hp_gain":0,"max_hp_loss":0,"event_name":"Transmorgrifier","floor":31,"gold_loss":0,"cards_obtained":["Creative AI"]},{"damage_healed":0,"gold_gain":0,"player_choice":"Bought 0 Potions","damage_taken":0,"max_hp_gain":0,"max_hp_loss":0,"event_name":"The Woman in Blue","floor":37,"gold_loss":0}],"is_beta":false,"boss_relics":[{"not_picked":["Philosopher\u0027s Stone","Busted Crown"],"picked":"Sozu"},{"not_picked":["Calling Bell","Velvet Choker"],"picked":"FrozenCore"}],"items_purged_floors":[38],"is_endless":false,"potions_floor_spawned":[5,14,19,21,24,25,33,41],"killed_by":"4 Shapes","ascension_level":8}