{"gold_per_floor":[109,120,395,414,57,57,88,88,88,88,118,133,133,152,152,249,249,266,191,32,45,144,176,188,188,188,188,220,420,420,431,431,526,526,536,365,385,385,404,433,433,451,477,477,102,133,158,169,169,169],"floor_reached":50,"playtime":3050,"items_purged":["Regret","Strike_B","Writhe"],"score":792,"play_id":"2119f1c5-c6c4-4ff0-b8fc-a88924b617e4","local_time":"20190424175028","is_ascension_mode":true,"campfire_choices":[{"data":"Melter","floor":6.0,"key":"SMITH"},{"data":"Zap","floor":8.0,"key":"SMITH"},{"floor":10.0,"key":"REST"},{"data":"Ball Lightning","floor":15.0,"key":"SMITH"},{"floor":25.0,"key":"REST"},{"floor":30.0,"key":"REST"},{"floor":32.0,"key":"REST"},{"data":"Defragment","floor":41,"key":"SMITH"},{"data":"Loop","floor":49,"key":"SMITH"}],"neow_cost":"NONE","seed_source_timestamp":0,"circlet_count":0,"master_deck":["Defend_B","Defend_B","Defend_B","Zap+1","Dualcast","Compile Driver","Ball Lightning+1","FTL","Biased Cognition","Barrage+1","Fission+1","White Noise+1","Hologram+1","Defragment+1","Cold Snap","Hologram+1","Coolheaded+1","FTL","Thunder Strike","Glacier+1","Redo+1","Loop+1","Double Energy+1"],"special_seed":0,"relics":["Cracked Core","NeowsBlessing","Membership Card","Mercury Hourglass","Symbiotic Virus","Blood Vial","Kunai","NlothsMask","Astrolabe","Toxic Egg 2","Mummified Hand","Unceasing Top","Ornamental Fan","Sozu","Strange Spoon","Cables","Bottled Tornado","Lantern","Peace Pipe","Meat on the Bone","Sundial","Smiling Mask"],"potions_floor_usage":[50],"damage_taken":[{"damage":0.0,"enemies":"2 Louse","floor":1.0,"turns":1.0},{"damage":0.0,"enemies":"Cultist","floor":2.0,"turns":1.0},{"damage":0.0,"enemies":"Jaw Worm","floor":4.0,"turns":1.0},{"damage":35.0,"enemies":"3 Sentries","floor":7.0,"turns":5.0},{"damage":15.0,"enemies":"Lagavulin","floor":11.0,"turns":4.0},{"damage":4.0,"enemies":"Red Slaver","floor":12.0,"turns":3.0},{"damage":1.0,"enemies":"Looter","floor":14.0,"turns":2.0},{"damage":18.0,"enemies":"Slime Boss","floor":16.0,"turns":6.0},{"damage":22.0,"enemies":"2 Thieves","floor":18.0,"turns":2.0},{"damage":0.0,"enemies":"Spheric Guardian","floor":21.0,"turns":1.0},{"damage":27.0,"enemies":"Slavers","floor":23.0,"turns":4.0},{"damage":19.0,"enemies":"Snake Plant","floor":24.0,"turns":2.0},{"damage":16.0,"enemies":"Book of Stabbing","floor":28.0,"turns":5.0},{"damage":0.0,"enemies":"Centurion and Healer","floor":31.0,"turns":2.0},{"damage":18.0,"enemies":"Automaton","floor":33.0,"turns":8.0},{"damage":8.0,"enemies":"3 Shapes","floor":35.0,"turns":3.0},{"damage":26,"enemies":"3 Darklings","floor":37,"turns":6},{"damage":2,"enemies":"Sphere and 2 Shapes","floor":39,"turns":3},{"damage":2,"enemies":"Reptomancer","floor":40,"turns":6},{"damage":0,"enemies":"Maw","floor":42,"turns":5},{"damage":6,"enemies":"Nemesis","floor":46,"turns":4},{"damage":0,"enemies":"3 Darklings","floor":48,"turns":2},{"damage":85,"enemies":"Time Eater","floor":50,"turns":12}],"seed_played":"-7528623000816278949","potions_obtained":[{"floor":1.0,"key":"Ancient Potion"},{"floor":2.0,"key":"SpeedPotion"},{"floor":12.0,"key":"Poison Potion"},{"floor":18.0,"key":"PowerPotion"},{"floor":21.0,"key":"LiquidBronze"},{"floor":31.0,"key":"Block Potion"}],"is_trial":false,"path_per_floor":["M","M","?","M","$","R","E","R","T","R","E","M","?","M","R","B",null,"M","?","$","M","?","E","M","R","T","?","E","?","R","M","R","B",null,"M","$","M","T","M","E","R","M","T","?","$","E","T","M","R","B"],"character_chosen":"DEFECT","items_purchased":["Membership Card","Mercury Hourglass","Toxic Egg 2","Defragment","Redo+1","Strange Spoon","Loop","Peace Pipe","Meat on the Bone"],"campfire_rested":4,"item_purchase_floors":[5,5,20,20,36,36,45,45,45],"current_hp_per_floor":[68,68,68,68,68,68,33,33,33,55,42,40,40,41,41,25,63,43,43,43,45,45,20,3,25,25,25,11,11,33,35,57,41,67,61,61,37,37,37,37,37,39,39,75,75,69,69,71,71,0],"gold":169,"neow_bonus":"THREE_ENEMY_KILL","is_prod":false,"is_daily":false,"chose_seed":false,"campfire_upgraded":5,"win_rate":0,"timestamp":1556142628,"path_taken":["M","M","?","?","$","R","E","R","T","R","E","M","?","?","R","BOSS","M","?","$","M","?","E","M","R","T","?","E","?","R","M","R","BOSS","M","$","M","?","?","E","R","M","T","?","?","E","?","?","R","BOSS"],"build_version":"2019-01-23","purchased_purges":3,"victory":false,"max_hp_per_floor":[75,75,75,75,75,75,75,75,75,75,75,75,75,75,75,75,75,75,75,75,75,75,75,75,75,75,75,75,75,75,75,75,75,75,75,75,75,75,75,75,75,75,75,75,75,75,75,75,75,75],"card_choices":[{"not_picked":["Undo","Force Field"],"picked":"Melter","floor":1.0},{"not_picked":["Hologram","Self Repair"],"picked":"Compile Driver","floor":2.0},{"not_picked":["Streamline","Redo","Barrage"],"picked":"SKIP","floor":4.0},{"not_picked":["Redo","Sweeping Beam","Turbo"],"picked":"SKIP","floor":7.0},{"not_picked":["Redo","Conserve Battery"],"picked":"Ball Lightning","floor":11.0},{"not_picked":["Compile Driver","Steam","Sweeping Beam"],"picked":"SKIP","floor":12.0},{"not_picked":["Redo","Beam Cell"],"picked":"FTL","floor":14.0},{"not_picked":["Thunder Strike","Reboot"],"picked":"Biased Cognition","floor":16.0},{"not_picked":["Undo","Streamline+1"],"picked":"Hologram+1","floor":18.0},{"not_picked":["Compile Driver","Rip and Tear+1"],"picked":"Cold Snap","floor":21.0},{"not_picked":["Compile Driver","Consume+1"],"picked":"Hologram+1","floor":23.0},{"not_picked":["Storm+1","Streamline+1"],"picked":"Coolheaded+1","floor":24.0},{"not_picked":["Sunder","Rip and Tear"],"picked":"FTL","floor":28.0},{"not_picked":["Streamline","Ball Lightning+1","Turbo+1"],"picked":"SKIP","floor":31.0},{"not_picked":["Reboot+1","Biased Cognition"],"picked":"Thunder Strike","floor":33.0},{"not_picked":["Hello World","Cold Snap+1"],"picked":"Glacier+1","floor":35.0},{"not_picked":["Turbo+1","Lockon+1","Rebound+1"],"picked":"SKIP","floor":37},{"not_picked":["Rebound+1","Streamline","Coolheaded+1"],"picked":"SKIP","floor":39},{"not_picked":["Rebound","Beam Cell","Cold Snap"],"picked":"SKIP","floor":40},{"not_picked":["Gash","Ball Lightning+1","Beam Cell+1"],"picked":"SKIP","floor":42},{"not_picked":["FTL+1","Aggregate+1"],"picked":"Double Energy+1","floor":46},{"not_picked":["Steam+1","Steam Power+1","Rebound+1"],"picked":"SKIP","floor":48}],"player_experience":527126,"relics_obtained":[{"floor":7.0,"key":"Symbiotic Virus"},{"floor":9.0,"key":"Blood Vial"},{"floor":11.0,"key":"Kunai"},{"floor":23.0,"key":"Mummified Hand"},{"floor":28.0,"key":"Ornamental Fan"},{"floor":38,"key":"Cables"},{"floor":40,"key":"Bottled Tornado"},{"floor":43,"key":"Lantern"},{"floor":46,"key":"Sundial"},{"floor":47,"key":"Smiling Mask"}],"event_choices":[{"damage_healed":0.0,"max_hp_gain":0.0,"max_hp_loss":0.0,"gold_gain":275.0,"event_name":"Golden Shrine","player_choice":"Desecrate","floor":3.0,"gold_loss":0.0,"damage_taken":0.0,"cards_obtained":["Regret"]},{"damage_healed":0.0,"max_hp_gain":0.0,"max_hp_loss":0.0,"gold_gain":0.0,"event_name":"FaceTrader","player_choice":"Trade","floor":13.0,"gold_loss":0.0,"damage_taken":0.0,"relics_obtained":["NlothsMask"]},{"cards_removed":["Strike_B"],"damage_healed":0.0,"max_hp_gain":0.0,"max_hp_loss":0.0,"gold_gain":0.0,"event_name":"Beggar","player_choice":"Gave Gold","floor":19.0,"gold_loss":75.0,"damage_taken":0.0},{"damage_healed":0.0,"max_hp_gain":0.0,"max_hp_loss":0.0,"gold_gain":99.0,"event_name":"Nest","player_choice":"Stole From Cult","floor":22.0,"gold_loss":0.0,"damage_taken":0.0},{"damage_healed":0.0,"max_hp_gain":0.0,"max_hp_loss":0.0,"gold_gain":0.0,"event_name":"The Mausoleum","player_choice":"Opened","floor":27.0,"gold_loss":0.0,"damage_taken":0.0,"relics_obtained":["Unceasing Top"],"cards_obtained":["Writhe"]},{"damage_healed":0.0,"max_hp_gain":0.0,"max_hp_loss":0.0,"gold_gain":200.0,"event_name":"Wheel of Change","player_choice":"Gold","floor":29.0,"gold_loss":0.0,"damage_taken":0.0},{"cards_removed":["Melter"],"damage_healed":36,"gold_gain":0,"player_choice":"Offered Uncommon","damage_taken":0,"max_hp_gain":0,"max_hp_loss":0,"event_name":"Bonfire Elementals","floor":44,"gold_loss":0}],"is_beta":false,"boss_relics":[{"not_picked":["Lizard Tail","Ectoplasm"],"picked":"Astrolabe"},{"not_picked":["Coffee Dripper","Runic Pyramid"],"picked":"Sozu"}],"items_purged_floors":[5,36,45],"is_endless":false,"potions_floor_spawned":[1,2,12,18,21,31,37,39,40,42],"killed_by":"Time Eater","ascension_level":8}