{"gold_per_floor":[109,125,136,149,163,163,180,206,288,288,288],"floor_reached":11,"playtime":553,"items_purged":[],"score":154,"play_id":"2d71134d-8757-41be-9f1e-6835d178cc81","local_time":"20190204162917","is_ascension_mode":true,"campfire_choices":[{"data":"Searing Blow","floor":6,"key":"SMITH"},{"data":"Searing Blow+1","floor":10,"key":"SMITH"}],"neow_cost":"NONE","seed_source_timestamp":2484700782488646,"circlet_count":0,"master_deck":["AscendersBane","Strike_R","Strike_R","Strike_R","Strike_R","Strike_R","Defend_R","Defend_R","Defend_R","Defend_R","Bash","Reaper","Combust","Armaments","Searing Blow+2","Shrug It Off"],"relics":["Burning Blood","Bag of Preparation","Question Card"],"potions_floor_usage":[4,8,8,11],"damage_taken":[{"damage":1,"enemies":"2 Louse","floor":1,"turns":4},{"damage":10,"enemies":"Small Slimes","floor":2,"turns":3},{"damage":5,"enemies":"Cultist","floor":3,"turns":4},{"damage":8,"enemies":"Looter","floor":4,"turns":4},{"damage":3,"enemies":"Large Slime","floor":5,"turns":5},{"damage":30,"enemies":"Exordium Thugs","floor":7,"turns":5},{"damage":52,"enemies":"Lagavulin","floor":8,"turns":9},{"damage":24,"enemies":"3 Sentries","floor":11,"turns":4}],"seed_played":"-1219992094144921272","potions_obtained":[{"floor":1,"key":"Dexterity Potion"},{"floor":3,"key":"Explosive Potion"},{"floor":5,"key":"Block Potion"},{"floor":8,"key":"Fire Potion"}],"is_trial":false,"path_per_floor":["M","M","M","M","M","R","M","E","T","R","E"],"character_chosen":"IRONCLAD","items_purchased":[],"campfire_rested":0,"item_purchase_floors":[],"current_hp_per_floor":[75,71,72,70,73,73,57,15,15,15,0],"gold":288,"neow_bonus":"ONE_RANDOM_RARE_CARD","is_prod":false,"is_daily":false,"chose_seed":false,"campfire_upgraded":2,"win_rate":0,"timestamp":1549326557,"path_taken":["M","M","M","M","M","R","M","E","T","R","E"],"build_version":"2019-01-23","purchased_purges":0,"victory":false,"max_hp_per_floor":[75,75,75,75,75,75,75,75,75,75,75],"card_choices":[{"not_picked":["Heavy Blade","Headbutt"],"picked":"Combust","floor":1},{"not_picked":["Second Wind","Pummel"],"picked":"Armaments","floor":2},{"not_picked":["Sword Boomerang","Cleave"],"picked":"Searing Blow","floor":3},{"not_picked":["Twin Strike","Iron Wave"],"picked":"Shrug It Off","floor":4},{"not_picked":["Cleave","Pommel Strike","Flex"],"picked":"SKIP","floor":5},{"not_picked":["Sword Boomerang","Body Slam","Flame Barrier"],"picked":"SKIP","floor":7},{"not_picked":["Cleave","Armaments","Sword Boomerang"],"picked":"SKIP","floor":8}],"player_experience":1215561,"relics_obtained":[{"floor":8,"key":"Bag of Preparation"},{"floor":9,"key":"Question Card"}],"event_choices":[],"is_beta":true,"boss_relics":[],"items_purged_floors":[],"is_endless":false,"potions_floor_spawned":[1,3,5,8],"killed_by":"3 Sentries","ascension_level":20}