{"gold_per_floor":[119,130,145,145,163,163,183,193,193,213,12,12,42,42,42,117,117,131,131,131,149,149,149,149,169,169,169,203,230,242],"floor_reached":30,"playtime":1643,"items_purged":[],"score":504,"play_id":"d82d86b7-2269-4614-a1c6-6b53764d895c","local_time":"20190120173957","is_ascension_mode":true,"campfire_choices":[{"data":"Tools of the Trade","floor":6,"key":"SMITH"},{"data":"Cloak And Dagger","floor":12,"key":"SMITH"},{"floor":15,"key":"REST"},{"floor":23,"key":"REST"},{"floor":27,"key":"REST"}],"neow_cost":"NONE","seed_source_timestamp":7228452529595800,"circlet_count":0,"master_deck":["AscendersBane","Defend_G","Defend_G+1","Defend_G","Defend_G","Defend_G","Strike_G+1","Strike_G","Survivor","Neutralize","Infinite Blades","Dagger Spray","Cloak And Dagger+1","Finisher","Tools of the Trade+1","Dodge and Roll","Choke","Well Laid Plans","Panache","Blade Dance","Storm of Steel","Deflect","Reflex","Sucker Punch","Writhe","Sucker Punch+1","Deflect","Cloak And Dagger","Cloak And Dagger"],"relics":["Ring of the Snake","Sundial","Singing Bowl","Pantograph","WristBlade","Shuriken","Bag of Preparation","Dodecahedron","MawBank"],"potions_floor_usage":[13,13,25,28],"damage_taken":[{"damage":2,"enemies":"Jaw Worm","floor":1,"turns":6},{"damage":6,"enemies":"Cultist","floor":2,"turns":4},{"damage":7,"enemies":"Small Slimes","floor":3,"turns":3},{"damage":1,"enemies":"Exordium Wildlife","floor":5,"turns":3},{"damage":11,"enemies":"Large Slime","floor":7,"turns":5},{"damage":0,"enemies":"Blue Slaver","floor":8,"turns":5},{"damage":2,"enemies":"Looter","floor":10,"turns":3},{"damage":6,"enemies":"3 Sentries","floor":13,"turns":4},{"damage":10,"enemies":"Hexaghost","floor":16,"turns":9},{"damage":23,"enemies":"Shell Parasite","floor":18,"turns":6},{"damage":19,"enemies":"Chosen","floor":21,"turns":4},{"damage":24,"enemies":"Snake Plant","floor":25,"turns":5},{"damage":19,"enemies":"Book of Stabbing","floor":28,"turns":5},{"damage":4,"enemies":"Cultist and Chosen","floor":29,"turns":4},{"damage":13,"enemies":"Slavers","floor":30,"turns":1}],"seed_played":"4379001845981827284","potions_obtained":[{"floor":2,"key":"Swift Potion"},{"floor":8,"key":"Strength Potion"},{"floor":10,"key":"AttackPotion"},{"floor":16,"key":"EssenceOfSteel"},{"floor":21,"key":"Dexterity Potion"}],"is_trial":false,"path_per_floor":["M","M","M","?","M","R","M","M","T","M","$","R","E","?","R","B",null,"M","?","?","M","T","R","?","M","T","R","E","M","E"],"character_chosen":"THE_SILENT","items_purchased":["Panache"],"campfire_rested":3,"item_purchase_floors":[11],"current_hp_per_floor":[57,51,44,44,43,43,32,32,32,30,30,30,24,4,23,38,59,36,36,36,17,17,36,36,12,12,31,12,8,0],"gold":242,"neow_bonus":"TRANSFORM_CARD","is_prod":false,"is_daily":false,"chose_seed":false,"campfire_upgraded":2,"win_rate":0,"timestamp":1548034797,"path_taken":["M","M","M","?","M","R","M","M","T","M","?","R","E","?","R","BOSS","M","?","?","M","?","R","?","?","T","R","E","M","E"],"build_version":"2019-01-19","purchased_purges":0,"victory":false,"max_hp_per_floor":[66,66,66,66,66,66,66,66,66,66,66,66,66,66,66,66,66,66,66,66,66,66,66,66,66,66,66,66,66,66],"card_choices":[{"not_picked":["Dodge and Roll","Backflip"],"picked":"Dagger Spray","floor":1},{"not_picked":["Poisoned Stab","Calculated Gamble"],"picked":"Cloak And Dagger","floor":2},{"not_picked":["Poisoned Stab","Acrobatics"],"picked":"Finisher","floor":3},{"not_picked":["Deflect","Bane"],"picked":"Tools of the Trade","floor":5},{"not_picked":["Acrobatics","Flying Knee"],"picked":"Dodge and Roll","floor":7},{"not_picked":["Unload","Backflip"],"picked":"Choke","floor":8},{"not_picked":["Flying Knee","Terror"],"picked":"Well Laid Plans","floor":10},{"not_picked":["Predator","Bullet Time"],"picked":"Blade Dance","floor":13},{"not_picked":["Venomology","Tools of the Trade"],"picked":"Storm of Steel","floor":16},{"not_picked":["PiercingWail","Flying Knee"],"picked":"Deflect","floor":18},{"not_picked":["Calculated Gamble","Dash"],"picked":"Sucker Punch+1","floor":21},{"not_picked":["Concentrate","Flying Knee"],"picked":"Deflect","floor":25},{"not_picked":["Concentrate","Heel Hook"],"picked":"Cloak And Dagger","floor":28},{"not_picked":["Acrobatics","Flechettes"],"picked":"Cloak And Dagger","floor":29}],"player_experience":3223999,"relics_obtained":[{"floor":9,"key":"Singing Bowl"},{"floor":13,"key":"Pantograph"},{"floor":22,"key":"Bag of Preparation"},{"floor":26,"key":"Dodecahedron"},{"floor":28,"key":"MawBank"}],"event_choices":[{"damage_healed":0,"gold_gain":0,"player_choice":"Gave Potion","damage_taken":0,"relics_obtained":["Sundial"],"max_hp_gain":0,"max_hp_loss":0,"event_name":"WeMeetAgain","floor":4,"gold_loss":0},{"damage_healed":0,"gold_gain":0,"player_choice":"Entered Light","damage_taken":20,"max_hp_gain":0,"max_hp_loss":0,"event_name":"Shining Light","floor":14,"gold_loss":0,"cards_upgraded":["Defend_G","Strike_G"]},{"damage_healed":0,"gold_gain":0,"cards_transformed":["Strike_G","Strike_G"],"player_choice":"Became Test Subject","damage_taken":0,"max_hp_gain":0,"max_hp_loss":0,"event_name":"Drug Dealer","floor":19,"gold_loss":0,"cards_obtained":["Reflex","Sucker Punch"]},{"damage_healed":0,"gold_gain":0,"player_choice":"Opened","damage_taken":0,"relics_obtained":["Shuriken"],"max_hp_gain":0,"max_hp_loss":0,"event_name":"The Mausoleum","floor":20,"gold_loss":0,"cards_obtained":["Writhe"]},{"damage_healed":0,"gold_gain":0,"player_choice":"Ignored","damage_taken":0,"max_hp_gain":0,"max_hp_loss":0,"event_name":"N\u0027loth","floor":24,"gold_loss":0}],"is_beta":true,"boss_relics":[{"not_picked":["Empty Cage","Black Star"],"picked":"WristBlade"}],"items_purged_floors":[],"is_endless":false,"potions_floor_spawned":[2,8,10,16,21],"killed_by":"Slavers","ascension_level":20}