{"gold_per_floor":[113,130,149,9,20,50,50,67,67,67,99,76,76,90,90,90],"floor_reached":16,"playtime":2050,"items_purged":[],"score":228,"play_id":"2c89a31f-db28-44ec-b36d-f1b120727d46","local_time":"20190316000856","is_ascension_mode":true,"campfire_choices":[{"data":"Distraction","floor":7,"key":"SMITH"},{"data":"Terror","floor":10,"key":"SMITH"},{"floor":15,"key":"REST"}],"neow_cost":"NONE","seed_source_timestamp":590430045382600,"circlet_count":0,"master_deck":["AscendersBane","Defend_G","Defend_G","Defend_G","Defend_G","Defend_G","Strike_G","Strike_G","Strike_G","Strike_G","Strike_G","Survivor","Neutralize+1","Footwork","Slice","Cloak And Dagger","Flash of Steel","Terror+1","Accuracy","Distraction+1","Deadly Poison","Accuracy","Skewer","Cloak And Dagger","Bouncing Flask"],"relics":["Ring of the Snake","Letter Opener","Dream Catcher","Orichalcum"],"potions_floor_usage":[6,11,11],"damage_taken":[{"damage":3,"enemies":"Jaw Worm","floor":1,"turns":4},{"damage":0,"enemies":"Cultist","floor":2,"turns":3},{"damage":0,"enemies":"2 Louse","floor":3,"turns":4},{"damage":0,"enemies":"Looter","floor":5,"turns":3},{"damage":16,"enemies":"Lagavulin","floor":6,"turns":8},{"damage":0,"enemies":"Lots of Slimes","floor":8,"turns":4},{"damage":34,"enemies":"3 Sentries","floor":11,"turns":15},{"damage":1,"enemies":"Exordium Thugs","floor":12,"turns":4},{"damage":1,"enemies":"Blue Slaver","floor":14,"turns":4},{"damage":29,"enemies":"The Guardian","floor":16,"turns":2}],"seed_played":"4751198498397947845","potions_obtained":[{"floor":1,"key":"Block Potion"},{"floor":6,"key":"Swift Potion"},{"floor":8,"key":"Block Potion"}],"is_trial":false,"path_per_floor":["M","M","M","$","M","E","R","M","T","R","E","M","?","M","R","B"],"character_chosen":"THE_SILENT","items_purchased":["Flash of Steel","Terror"],"campfire_rested":1,"item_purchase_floors":[4,4],"current_hp_per_floor":[56,56,56,56,56,40,40,40,40,40,6,5,5,4,23,0],"gold":90,"neow_bonus":"UPGRADE_CARD","is_prod":false,"is_daily":false,"chose_seed":false,"campfire_upgraded":2,"win_rate":0,"timestamp":1552720136,"path_taken":["M","M","M","$","M","E","R","M","T","R","E","M","?","M","R","BOSS"],"build_version":"2019-03-15","purchased_purges":0,"victory":false,"max_hp_per_floor":[66,66,66,66,66,66,66,66,66,66,66,66,66,66,66,66],"card_choices":[{"not_picked":["Deadly Poison","Bane"],"picked":"Footwork","floor":1},{"not_picked":["Underhanded Strike","Sucker Punch"],"picked":"Slice","floor":2},{"not_picked":["Dagger Throw","Tactician"],"picked":"Cloak And Dagger","floor":3},{"not_picked":["Dodge and Roll","Deadly Poison"],"picked":"Accuracy","floor":5},{"not_picked":["Slice","Expertise"],"picked":"Distraction","floor":6},{"not_picked":["Underhanded Strike","Flechettes"],"picked":"Deadly Poison","floor":8},{"not_picked":["Terror","Dagger Spray"],"picked":"Accuracy","floor":11},{"not_picked":["Dodge and Roll","Dagger Throw"],"picked":"Skewer","floor":12},{"not_picked":["Acrobatics","Setup"],"picked":"Cloak And Dagger","floor":14},{"not_picked":["Skewer","Setup"],"picked":"Bouncing Flask","floor":15}],"player_experience":3359315,"relics_obtained":[{"floor":6,"key":"Letter Opener"},{"floor":9,"key":"Dream Catcher"},{"floor":11,"key":"Orichalcum"}],"event_choices":[{"damage_healed":0,"gold_gain":0,"player_choice":"Fled","damage_taken":0,"max_hp_gain":0,"max_hp_loss":0,"event_name":"Scrap Ooze","floor":13,"gold_loss":0}],"is_beta":true,"boss_relics":[],"items_purged_floors":[],"is_endless":false,"potions_floor_spawned":[1,6,8],"killed_by":"The Guardian","ascension_level":20}