{"gold_per_floor":[117,42,42,58,133,166,186,219,219,252,252,270,270,283,283,387,387,406,426,426,426,426,426,451,451,451,484,495,40,40,58,58,154,154,174,4,24,24,124,157,157,186,186,186,186,203,203,214,214,214,214,214,12,42,42],"floor_reached":55,"playtime":4261,"items_purged":["Strike_R","Strike_R","Doubt","Clumsy"],"score":820,"play_id":"a060a30e-006f-4749-b2ea-e702ffc7c70d","local_time":"20190313022638","is_ascension_mode":true,"campfire_choices":[{"data":"Bash","floor":11,"key":"SMITH"},{"data":"Uppercut","floor":15,"key":"SMITH"},{"floor":23,"key":"RECALL"},{"floor":25,"key":"REST"},{"data":"Armaments","floor":30,"key":"SMITH"},{"data":"J.A.X.","floor":32,"key":"SMITH"},{"data":"Pain","floor":41,"key":"PURGE"},{"floor":44,"key":"REST"},{"floor":49,"key":"REST"},{"data":"Infernal Blade","floor":52,"key":"SMITH"}],"neow_cost":"NONE","seed_source_timestamp":253148657435746,"circlet_count":0,"master_deck":["Strike_R","Defend_R+1","Defend_R","Bash+1","Pommel Strike","Second Wind","Power Through","Uppercut+1","Immolate","Inflame","Iron Wave","Clothesline","Fiend Fire","Spot Weakness+1","J.A.X.+1","Infernal Blade+1","Rupture+1","Sword Boomerang","Armaments+1","Shrug It Off","Impatience","Sentinel+1","Fire Breathing","Shockwave","Shrug It Off+1"],"relics":["Burning Blood","NeowsBlessing","Orichalcum","Gremlin Horn","Anchor","Pear","Busted Crown","Thread and Needle","Regal Pillow","Sundial","Calling Bell","War Paint","Paper Frog","Dead Branch","Peace Pipe","Pen Nib","Kunai","Nunchaku","Oddly Smooth Stone"],"potions_floor_usage":[7,10,16,16,27,31,33,33,50,50,54],"damage_taken":[{"damage":0,"enemies":"2 Louse","floor":1,"turns":1},{"damage":0,"enemies":"Cultist","floor":4,"turns":1},{"damage":0,"enemies":"Gremlin Nob","floor":6,"turns":1},{"damage":5,"enemies":"Small Slimes","floor":7,"turns":3},{"damage":30,"enemies":"3 Sentries","floor":8,"turns":14},{"damage":21,"enemies":"Lagavulin","floor":10,"turns":7},{"damage":3,"enemies":"Red Slaver","floor":12,"turns":4},{"damage":8,"enemies":"2 Fungi Beasts","floor":14,"turns":3},{"damage":16,"enemies":"Hexaghost","floor":16,"turns":9},{"damage":10,"enemies":"Spheric Guardian","floor":18,"turns":4},{"damage":5,"enemies":"2 Thieves","floor":19,"turns":4},{"damage":39,"enemies":"Slavers","floor":24,"turns":5},{"damage":22,"enemies":"Gremlin Leader","floor":27,"turns":6},{"damage":0,"enemies":"Centurion and Healer","floor":28,"turns":5},{"damage":19,"enemies":"Sentry and Sphere","floor":31,"turns":4},{"damage":10,"enemies":"Automaton","floor":33,"turns":6},{"damage":33,"enemies":"3 Darklings","floor":35,"turns":5},{"damage":2,"enemies":"Orb Walker","floor":37,"turns":3},{"damage":16,"enemies":"Mind Bloom Boss Battle","floor":39,"turns":4},{"damage":20,"enemies":"Reptomancer","floor":40,"turns":6},{"damage":20,"enemies":"Nemesis","floor":42,"turns":5},{"damage":14,"enemies":"Jaw Worm Horde","floor":46,"turns":3},{"damage":25,"enemies":"4 Shapes","floor":48,"turns":4},{"damage":93,"enemies":"Donu and Deca","floor":50,"turns":9},{"damage":17,"enemies":"Shield and Spear","floor":54,"turns":5},{"damage":105,"enemies":"The Heart","floor":55,"turns":9}],"seed_played":"-5137262798436886134","potions_obtained":[{"floor":1,"key":"Energy Potion"},{"floor":4,"key":"FairyPotion"},{"floor":8,"key":"Energy Potion"},{"floor":10,"key":"PowerPotion"},{"floor":12,"key":"Weak Potion"},{"floor":24,"key":"Poison Potion"},{"floor":28,"key":"Strength Potion"},{"floor":31,"key":"LiquidBronze"},{"floor":37,"key":"Swift Potion"},{"floor":42,"key":"SteroidPotion"},{"floor":46,"key":"Regen Potion"}],"is_trial":false,"path_per_floor":["M","$","?","M","?","E","M","E","T","E","R","M","?","M","R","B",null,"M","M","?","?","?","R","E","R","T","E","M","$","R","M","R","B",null,"M","$","M","?","?","E","R","E","T","R","?","M","?","M","R","B",null,"R","$","E","B"],"character_chosen":"IRONCLAD","items_purchased":["Sundial","Armaments","Energy Potion","Shrug It Off","Block Potion"],"campfire_rested":3,"item_purchase_floors":[29,29,29,36,53],"current_hp_per_floor":[80,80,80,80,72,78,79,55,55,50,50,53,53,51,51,41,90,86,87,87,87,87,87,54,81,81,65,71,71,71,58,58,54,90,63,63,67,67,57,43,43,29,29,71,71,63,63,44,86,13,90,90,90,79,0],"gold":42,"neow_bonus":"THREE_ENEMY_KILL","is_prod":false,"is_daily":false,"chose_seed":false,"campfire_upgraded":5,"win_rate":0,"timestamp":1552440398,"path_taken":["M","$","?","?","?","E","M","E","T","E","R","?","?","M","R","BOSS","M","?","?","?","?","R","E","R","T","E","?","$","R","M","R","BOSS","M","$","M","?","?","E","R","E","T","R","?","M","?","M","R","BOSS","R","$","E","BOSS"],"build_version":"2019-02-06","purchased_purges":4,"victory":false,"max_hp_per_floor":[80,80,80,80,80,80,80,80,80,90,90,90,90,90,90,90,90,90,90,90,90,90,90,90,90,90,90,90,90,90,90,90,90,90,90,90,90,90,90,90,90,90,90,90,90,90,90,90,90,90,90,90,90,90,90],"card_choices":[{"not_picked":["Hemokinesis","Intimidate"],"picked":"Pommel Strike","floor":1},{"not_picked":["Clash","Twin Strike","Heavy Blade"],"picked":"SKIP","floor":4},{"not_picked":["Thunderclap","Combust"],"picked":"Power Through","floor":6},{"not_picked":["Flex","Second Wind","Power Through"],"picked":"SKIP","floor":7},{"not_picked":["Burning Pact","Wild Strike"],"picked":"Uppercut","floor":8},{"not_picked":["Berserk","Warcry"],"picked":"Immolate","floor":10},{"not_picked":["Feel No Pain","Anger"],"picked":"Inflame","floor":12},{"not_picked":["Whirlwind","Evolve"],"picked":"Clothesline","floor":14},{"not_picked":["Reaper","Double Tap"],"picked":"Fiend Fire","floor":16},{"not_picked":["Clash"],"picked":"SKIP","floor":18},{"not_picked":[],"picked":"Spot Weakness","floor":19},{"not_picked":[],"picked":"Rupture+1","floor":24},{"not_picked":["Rampage"],"picked":"SKIP","floor":27},{"not_picked":[],"picked":"Sword Boomerang","floor":28},{"not_picked":["Clash"],"picked":"SKIP","floor":31},{"not_picked":["Blood for Blood"],"picked":"SKIP","floor":35},{"not_picked":["Perfected Strike+1"],"picked":"SKIP","floor":37},{"not_picked":[],"picked":"Impatience","floor":38},{"not_picked":[],"picked":"Sentinel+1","floor":39},{"not_picked":[],"picked":"Fire Breathing","floor":40},{"not_picked":["Infernal Blade"],"picked":"SKIP","floor":42},{"not_picked":[],"picked":"Shockwave","floor":46},{"not_picked":[],"picked":"Shrug It Off+1","floor":48},{"not_picked":["Rupture"],"picked":"SKIP","floor":54}],"player_experience":235019,"relics_obtained":[{"floor":6,"key":"Orichalcum"},{"floor":8,"key":"Gremlin Horn"},{"floor":9,"key":"Anchor"},{"floor":10,"key":"Pear"},{"floor":24,"key":"Thread and Needle"},{"floor":27,"key":"Regal Pillow"},{"floor":34,"key":"War Paint"},{"floor":34,"key":"Paper Frog"},{"floor":34,"key":"Dead Branch"},{"floor":39,"key":"Peace Pipe"},{"floor":40,"key":"Pen Nib"},{"floor":42,"key":"Kunai"},{"floor":43,"key":"Nunchaku"},{"floor":54,"key":"Oddly Smooth Stone"}],"event_choices":[{"damage_healed":0,"gold_gain":0,"cards_transformed":["Strike_R"],"player_choice":"Transformed","damage_taken":0,"max_hp_gain":0,"max_hp_loss":0,"event_name":"Transmorgrifier","floor":3,"gold_loss":0,"cards_obtained":["Second Wind"]},{"damage_healed":0,"gold_gain":75,"player_choice":"Touch","damage_taken":8,"max_hp_gain":0,"max_hp_loss":0,"event_name":"FaceTrader","floor":5,"gold_loss":0},{"cards_removed":["Defend_R"],"damage_healed":0,"gold_gain":0,"player_choice":"Took Card","damage_taken":0,"max_hp_gain":0,"max_hp_loss":0,"event_name":"NoteForYourself","floor":13,"gold_loss":0,"cards_obtained":["Iron Wave"]},{"damage_healed":0,"gold_gain":0,"player_choice":"Ignored","damage_taken":0,"max_hp_gain":0,"max_hp_loss":0,"event_name":"Vampires","floor":20,"gold_loss":0},{"damage_healed":0,"gold_gain":0,"player_choice":"Obtain J.A.X.","damage_taken":0,"max_hp_gain":0,"max_hp_loss":0,"event_name":"Drug Dealer","floor":21,"gold_loss":0,"cards_obtained":["J.A.X."]},{"damage_healed":0,"gold_gain":0,"cards_transformed":["Strike_R"],"player_choice":"Transformed","damage_taken":0,"max_hp_gain":0,"max_hp_loss":0,"event_name":"Transmorgrifier","floor":22,"gold_loss":0,"cards_obtained":["Infernal Blade"]},{"damage_healed":0,"gold_gain":0,"player_choice":"Memory 1","damage_taken":0,"max_hp_gain":0,"max_hp_loss":0,"event_name":"SensoryStone","floor":38,"gold_loss":0},{"damage_healed":0,"gold_gain":0,"player_choice":"Fight","damage_taken":0,"max_hp_gain":0,"max_hp_loss":0,"event_name":"MindBloom","floor":39,"gold_loss":0},{"damage_healed":0,"gold_gain":0,"player_choice":"Ignored","damage_taken":0,"max_hp_gain":0,"max_hp_loss":0,"event_name":"Mysterious Sphere","floor":45,"gold_loss":0},{"cards_removed":["Defend_R"],"damage_healed":0,"gold_gain":0,"player_choice":"Purged","damage_taken":0,"max_hp_gain":0,"max_hp_loss":0,"event_name":"Purifier","floor":47,"gold_loss":0}],"is_beta":true,"boss_relics":[{"not_picked":["Eternal Feather","Philosopher\u0027s Stone"],"picked":"Busted Crown"},{"not_picked":["Tiny House","Empty Cage"],"picked":"Calling Bell"}],"items_purged_floors":[2,29,36,53],"is_endless":false,"potions_floor_spawned":[1,4,8,10,12,24,28,31,37,42,46],"killed_by":"The Heart","ascension_level":1}