{"gold_per_floor":[117,129,17,31,44,44,56,56,56,80,51,51,51,65,65,65],"floor_reached":16,"playtime":840,"items_purged":["Shame"],"score":188,"play_id":"83e4bfba-c1f8-4769-ba9f-8e36971fc59b","local_time":"20190310112214","is_ascension_mode":true,"campfire_choices":[{"data":"Prepared","floor":6.0,"key":"SMITH"},{"data":"Terror","floor":12.0,"key":"SMITH"},{"data":"Bullet Time","floor":15.0,"key":"SMITH"}],"neow_cost":"CURSE","seed_source_timestamp":113577739734700,"circlet_count":0,"master_deck":["AscendersBane","Defend_G","Defend_G","Defend_G","Defend_G","Defend_G","Strike_G","Strike_G","Strike_G","Strike_G","Strike_G","Survivor","Neutralize","Die Die Die","Deadly Poison","Terror+1","Footwork","Dagger Spray","Prepared+1","Tactician","Well Laid Plans","Sucker Punch","Backflip","Deflect","Bullet Time+1"],"special_seed":0,"relics":["Ring of the Snake","Golden Idol","Prayer Wheel"],"potions_floor_usage":[16],"damage_taken":[{"damage":0.0,"enemies":"Cultist","floor":1.0,"turns":4.0},{"damage":3.0,"enemies":"2 Louse","floor":2.0,"turns":3.0},{"damage":0.0,"enemies":"Jaw Worm","floor":4.0,"turns":4.0},{"damage":3.0,"enemies":"Blue Slaver","floor":5.0,"turns":5.0},{"damage":3.0,"enemies":"Red Slaver","floor":7.0,"turns":3.0},{"damage":1.0,"enemies":"Looter","floor":10.0,"turns":3.0},{"damage":0.0,"enemies":"Exordium Wildlife","floor":14.0,"turns":3.0},{"damage":60,"enemies":"Slime Boss","floor":16,"turns":9}],"seed_played":"8350410131908790282","potions_obtained":[{"floor":4.0,"key":"FearPotion"},{"floor":5.0,"key":"LiquidBronze"},{"floor":10.0,"key":"SteroidPotion"}],"is_trial":false,"path_per_floor":["M","M","$","M","M","R","M","?","T","M","$","R","$","M","R","B"],"character_chosen":"THE_SILENT","items_purchased":["Footwork","Backflip"],"campfire_rested":0,"item_purchase_floors":[3,11],"current_hp_per_floor":[59,56,56,56,53,53,50,50,50,49,49,49,49,49,49,0],"gold":65,"neow_bonus":"THREE_RARE_CARDS","is_prod":false,"is_daily":false,"chose_seed":false,"campfire_upgraded":3,"win_rate":0,"timestamp":1552242134,"path_taken":["M","M","$","?","M","R","M","?","T","M","?","R","$","M","R","BOSS"],"build_version":"2019-02-06","purchased_purges":1,"victory":false,"max_hp_per_floor":[66,66,66,66,66,66,66,60,60,60,60,60,60,60,60,60],"card_choices":[{"not_picked":["Envenom","Malaise"],"picked":"Die Die Die","floor":0.0},{"not_picked":["Backflip","Bane"],"picked":"Deadly Poison","floor":1.0},{"not_picked":["Sucker Punch","Reflex"],"picked":"Terror","floor":2.0},{"not_picked":["Quick Slash","Cloak And Dagger"],"picked":"Dagger Spray","floor":4.0},{"not_picked":["Underhanded Strike","Acrobatics"],"picked":"Prepared","floor":5.0},{"not_picked":["Night Terror","Deadly Poison"],"picked":"Tactician","floor":7.0},{"not_picked":["Slice","Backflip"],"picked":"Well Laid Plans","floor":10.0},{"not_picked":["Prepared","Flechettes"],"picked":"Sucker Punch","floor":10.0},{"not_picked":["Backflip","Deadly Poison"],"picked":"Deflect","floor":14.0},{"not_picked":["Prepared","Dagger Spray"],"picked":"Bullet Time","floor":14.0}],"player_experience":3353801,"relics_obtained":[{"floor":9.0,"key":"Prayer Wheel"}],"event_choices":[{"damage_healed":0.0,"max_hp_gain":0.0,"max_hp_loss":6.0,"gold_gain":0.0,"event_name":"Golden Idol","player_choice":"Lose Max HP","floor":8.0,"gold_loss":0.0,"damage_taken":0.0,"relics_obtained":["Golden Idol"]}],"is_beta":true,"boss_relics":[],"items_purged_floors":[3],"is_endless":false,"potions_floor_spawned":[4,5,10],"killed_by":"Slime Boss","ascension_level":20}