{"gold_per_floor":[109,109,109,129,139,139,154,181,181,52,52,2,17,37,37,37],"floor_reached":16,"playtime":977,"items_purged":[],"score":194,"play_id":"8f050cfb-3fd9-4d7f-8ba3-a9fa4168a0de","local_time":"20190506011126","is_ascension_mode":true,"campfire_choices":[{"data":"Poisoned Stab","floor":6,"key":"SMITH"},{"floor":15,"key":"REST"}],"neow_cost":"NONE","seed_source_timestamp":463286012960997,"circlet_count":0,"master_deck":["AscendersBane","Defend_G","Defend_G","Defend_G","Defend_G","Defend_G","Strike_G+1","Strike_G+1","Strike_G","Strike_G","Strike_G","Survivor","Neutralize+1","Poisoned Stab+1","Deadly Poison","Blur","Dagger Throw","Adrenaline","Crippling Poison","Noxious Fumes","Bane","Escape Plan"],"relics":["Ring of the Snake","Pocketwatch","Girya","Nunchaku"],"potions_floor_usage":[6,8,8,14],"damage_taken":[{"damage":4,"enemies":"Small Slimes","floor":1,"turns":4},{"damage":0,"enemies":"Cultist","floor":4,"turns":3},{"damage":0,"enemies":"2 Louse","floor":5,"turns":4},{"damage":7,"enemies":"Exordium Thugs","floor":7,"turns":5},{"damage":15,"enemies":"3 Sentries","floor":8,"turns":10},{"damage":3,"enemies":"Exordium Wildlife","floor":13,"turns":3},{"damage":5,"enemies":"Red Slaver","floor":14,"turns":3},{"damage":33,"enemies":"Slime Boss","floor":16,"turns":8}],"seed_played":"5336949603125286547","potions_obtained":[{"floor":3,"key":"Swift Potion"},{"floor":3,"key":"Fruit Juice"},{"floor":7,"key":"PowerPotion"},{"floor":13,"key":"Poison Potion"}],"is_trial":false,"path_per_floor":["M","?","?","M","M","R","M","E","T","$","?","?","M","M","R","B"],"character_chosen":"THE_SILENT","items_purchased":["Crippling Poison","Noxious Fumes"],"campfire_rested":1,"item_purchase_floors":[10,10],"current_hp_per_floor":[55,35,35,35,35,40,33,18,18,18,18,18,15,10,31,0],"gold":37,"neow_bonus":"UPGRADE_CARD","is_prod":false,"is_daily":false,"chose_seed":false,"campfire_upgraded":1,"win_rate":0,"timestamp":1557097886,"path_taken":["M","?","?","?","M","R","M","E","T","$","?","?","?","M","R","BOSS"],"build_version":"2019-04-23","purchased_purges":0,"victory":false,"max_hp_per_floor":[66,66,66,66,66,71,71,71,71,71,71,71,71,71,71,71],"card_choices":[{"not_picked":["Blade Dance","Bouncing Flask"],"picked":"Poisoned Stab","floor":1},{"not_picked":["Acrobatics","Accuracy"],"picked":"Deadly Poison","floor":4},{"not_picked":["Deadly Poison","Prepared"],"picked":"Blur","floor":5},{"not_picked":["Backflip","Reflex"],"picked":"Dagger Throw","floor":7},{"not_picked":["Underhanded Strike","Acrobatics"],"picked":"Adrenaline","floor":8},{"not_picked":["Flying Knee","Slice"],"picked":"Bane","floor":13},{"not_picked":["Tactician","Deadly Poison"],"picked":"Escape Plan","floor":14}],"player_experience":546571,"relics_obtained":[{"floor":8,"key":"Pocketwatch"},{"floor":9,"key":"Girya"}],"event_choices":[{"damage_healed":0,"gold_gain":0,"player_choice":"Entered Light","damage_taken":20,"max_hp_gain":0,"max_hp_loss":0,"event_name":"Shining Light","floor":2,"gold_loss":0,"cards_upgraded":["Strike_G","Strike_G"]},{"damage_healed":0,"gold_gain":0,"player_choice":"Got Potions","damage_taken":0,"max_hp_gain":0,"max_hp_loss":0,"event_name":"Lab","floor":3,"gold_loss":0},{"damage_healed":0,"gold_gain":0,"player_choice":"Fled","damage_taken":0,"max_hp_gain":0,"max_hp_loss":0,"event_name":"Scrap Ooze","floor":11,"gold_loss":0},{"damage_healed":0,"gold_gain":0,"player_choice":"Paid Gold","damage_taken":0,"relics_obtained":["Nunchaku"],"max_hp_gain":0,"max_hp_loss":0,"event_name":"WeMeetAgain","floor":12,"gold_loss":50}],"is_beta":true,"boss_relics":[],"items_purged_floors":[],"is_endless":false,"potions_floor_spawned":[5,7,13],"killed_by":"Slime Boss","ascension_level":18}