{"gold_per_floor":[121,152,174,199,211,223,250,289,369,396,420,432,48,67,67,67],"floor_reached":16,"playtime":770,"items_purged":["Strike_B"],"score":186,"play_id":"1ebbf8e3-3bc7-4028-84ff-f9b53384104b","local_time":"20181021035635","is_ascension_mode":true,"campfire_choices":[{"data":"Zap","floor":6,"key":"SMITH"},{"floor":12,"key":"REST"},{"floor":15,"key":"REST"}],"neow_cost":"NONE","seed_source_timestamp":2594810724439110,"circlet_count":0,"master_deck":["Strike_B","Strike_B","Strike_B","Defend_B","Defend_B","Defend_B","Defend_B","Zap+1","Dualcast","AscendersBane","Loop","Leap","Ball Lightning","Gash","Compile Driver","Hologram","Genetic Algorithm","Coolheaded"],"relics":["Cracked Core","MawBank","Juzu Bracelet","Bottled Lightning","Prayer Wheel"],"potions_floor_usage":[8,11,14,16],"damage_taken":[{"damage":7,"enemies":"Jaw Worm","floor":1,"turns":3},{"damage":5,"enemies":"Small Slimes","floor":2,"turns":3},{"damage":0,"enemies":"Cultist","floor":3,"turns":3},{"damage":3,"enemies":"Blue Slaver","floor":4,"turns":4},{"damage":12,"enemies":"Lots of Slimes","floor":7,"turns":4},{"damage":20,"enemies":"3 Sentries","floor":8,"turns":7},{"damage":4,"enemies":"Red Slaver","floor":10,"turns":3},{"damage":10,"enemies":"Exordium Thugs","floor":11,"turns":4},{"damage":2,"enemies":"Gremlin Gang","floor":14,"turns":4},{"damage":57,"enemies":"Slime Boss","floor":16,"turns":7}],"seed_played":"1528556809803137642","potions_obtained":[{"floor":2,"key":"Poison Potion"},{"floor":3,"key":"Block Potion"},{"floor":8,"key":"SkillPotion"},{"floor":14,"key":"SkillPotion"}],"is_trial":false,"path_per_floor":["M","M","M","M","?","R","M","E","T","M","M","R","$","M","R"],"character_chosen":"DEFECT","items_purchased":["Prayer Wheel","Hologram"],"campfire_rested":2,"item_purchase_floors":[13,13],"current_hp_per_floor":[57,52,52,49,54,54,42,22,22,18,8,30,30,28,50,0],"gold":67,"neow_bonus":"RANDOM_COMMON_RELIC","is_prod":false,"is_daily":false,"chose_seed":false,"campfire_upgraded":1,"win_rate":0,"timestamp":1540119395,"path_taken":["M","M","M","M","?","R","M","E","T","M","M","R","?","M","R","BOSS"],"build_version":"2018-10-19","purchased_purges":1,"victory":false,"max_hp_per_floor":[71,71,71,71,76,76,76,76,76,76,76,76,76,76,76,76],"card_choices":[{"not_picked":["Leap","White Noise"],"picked":"Loop","floor":1},{"not_picked":["Loop","Steam"],"picked":"Leap","floor":2},{"not_picked":["Stack","Consume"],"picked":"Ball Lightning","floor":3},{"not_picked":["Rebound","Steam Power","Beam Cell"],"picked":"SKIP","floor":4},{"not_picked":["Barrage","Steam","Amplify"],"picked":"SKIP","floor":7},{"not_picked":["Leap","Barrage"],"picked":"Gash","floor":8},{"not_picked":["Redo","Scrape","Rebound"],"picked":"SKIP","floor":10},{"not_picked":["Chill","Conserve Battery"],"picked":"Compile Driver","floor":11},{"not_picked":["Gash","Streamline"],"picked":"Genetic Algorithm","floor":14},{"not_picked":["Go for the Eyes","Multi-Cast"],"picked":"Coolheaded","floor":14}],"player_experience":922613,"relics_obtained":[{"floor":8,"key":"Juzu Bracelet"},{"floor":9,"key":"Bottled Lightning"}],"event_choices":[{"damage_healed":0,"gold_gain":0,"player_choice":"Donut","damage_taken":0,"max_hp_gain":5,"max_hp_loss":0,"event_name":"Big Fish","floor":5,"gold_loss":0}],"is_beta":true,"boss_relics":[],"items_purged_floors":[13],"is_endless":false,"potions_floor_spawned":[2,3,4,8,14],"killed_by":"Slime Boss","ascension_level":15}