{"gold_per_floor":[110,23,41,58,72,72,102,119,174,174,199,199,217,250,250,324,324,336,336,346,381,68,95,114,114,139,166,184,184,32,32,32,32],"floor_reached":33,"playtime":1745,"items_purged":["Pain","Strike_R"],"score":610,"play_id":"05a9e04e-da07-4560-99e6-aa8071c5b8b5","local_time":"20181112233704","is_ascension_mode":true,"campfire_choices":[{"data":"Bash","floor":6,"key":"SMITH"},{"floor":10,"key":"REST"},{"data":"Heavy Blade","floor":15,"key":"SMITH"},{"floor":25,"key":"REST"},{"data":"Enlightenment","floor":32,"key":"SMITH"}],"neow_cost":"NONE","seed_source_timestamp":4569063817839871,"circlet_count":0,"master_deck":["AscendersBane","Strike_R","Strike_R","Defend_R","Defend_R","Defend_R","Defend_R","Bash+1","Reckless Charge","Inflame","True Grit+1","Clothesline","Heavy Blade+1","Disarm","Bludgeon","Spot Weakness","Flame Barrier","Reaper","Sword Boomerang+1","Inflame","Enlightenment+1","Inflame","Headbutt","Shrug It Off","Havoc","Bludgeon"],"relics":["Burning Blood","Ancient Tea Set","Happy Flower","Pantograph","Blood Vial","Busted Crown","WarpedTongs","Red Mask","Lantern","Unceasing Top","Nilry\u0027s Codex"],"potions_floor_usage":[5,7,13,21,23,23,27,33,33],"damage_taken":[{"damage":14,"enemies":"Small Slimes","floor":1,"turns":4},{"damage":14,"enemies":"Jaw Worm","floor":3,"turns":4},{"damage":6,"enemies":"Cultist","floor":4,"turns":5},{"damage":22,"enemies":"Exordium Wildlife","floor":5,"turns":4},{"damage":23,"enemies":"Lagavulin","floor":7,"turns":8},{"damage":18,"enemies":"3 Louse","floor":8,"turns":4},{"damage":22,"enemies":"Gremlin Nob","floor":11,"turns":4},{"damage":3,"enemies":"Large Slime","floor":13,"turns":6},{"damage":16,"enemies":"3 Sentries","floor":14,"turns":6},{"damage":21,"enemies":"Hexaghost","floor":16,"turns":9},{"damage":5,"enemies":"3 Byrds","floor":18,"turns":4},{"damage":20,"enemies":"2 Thieves","floor":20,"turns":3},{"damage":46,"enemies":"Masked Bandits","floor":21,"turns":5},{"damage":66,"enemies":"Gremlin Leader","floor":23,"turns":6},{"damage":26,"enemies":"Cultist and Chosen","floor":24,"turns":5},{"damage":5,"enemies":"Book of Stabbing","floor":27,"turns":4},{"damage":11,"enemies":"Centurion and Healer","floor":28,"turns":4},{"damage":82,"enemies":"Collector","floor":33,"turns":5}],"seed_played":"-4039907767655007937","potions_obtained":[{"floor":3,"key":"SkillPotion"},{"floor":4,"key":"Weak Potion"},{"floor":11,"key":"Dexterity Potion"},{"floor":18,"key":"GamblersBrew"},{"floor":23,"key":"GamblersBrew"},{"floor":27,"key":"Energy Potion"},{"floor":28,"key":"Regen Potion"}],"is_trial":false,"path_per_floor":["M","$","M","M","M","R","E","M","T","R","E","?","M","E","R","B",null,"M","?","M","?","$","E","M","R","T","E","M","?","$","?","R","B"],"character_chosen":"IRONCLAD","items_purchased":["Inflame","Enlightenment","Regen Potion","Fire Potion","Shrug It Off"],"campfire_rested":2,"item_purchase_floors":[2,22,22,22,30],"current_hp_per_floor":[67,67,59,59,43,43,26,14,14,38,22,22,25,15,15,27,68,71,71,74,36,36,27,21,45,45,60,70,49,49,49,49,0],"gold":32,"neow_bonus":"TEN_PERCENT_HP_BONUS","is_prod":false,"is_daily":false,"chose_seed":false,"campfire_upgraded":3,"win_rate":0,"timestamp":1542094624,"path_taken":["M","$","M","M","M","R","E","M","T","R","E","?","M","E","R","BOSS","M","?","?","?","$","E","M","R","T","E","M","?","$","?","R","BOSS"],"build_version":"2018-11-12","purchased_purges":2,"victory":false,"max_hp_per_floor":[82,82,82,82,82,82,82,82,82,82,82,82,82,82,82,82,82,82,82,82,82,82,82,82,82,82,82,82,82,82,82,82,82],"card_choices":[{"not_picked":["Pommel Strike","Body Slam"],"picked":"Reckless Charge","floor":1},{"not_picked":["Hemokinesis","Shrug It Off"],"picked":"True Grit","floor":3},{"not_picked":["Sword Boomerang","Shrug It Off"],"picked":"Clothesline","floor":4},{"not_picked":["Pummel","Entrench"],"picked":"Heavy Blade","floor":5},{"not_picked":["Perfected Strike","Twin Strike"],"picked":"Disarm","floor":7},{"not_picked":["Body Slam","Disarm"],"picked":"Bludgeon","floor":8},{"not_picked":["Burning Pact","Sentinel","Corruption"],"picked":"SKIP","floor":11},{"not_picked":["Pommel Strike","Havoc"],"picked":"Spot Weakness","floor":13},{"not_picked":["Entrench","Warcry"],"picked":"Flame Barrier","floor":14},{"not_picked":["Feed","Offering"],"picked":"Reaper","floor":16},{"not_picked":[],"picked":"Sword Boomerang+1","floor":18},{"not_picked":[],"picked":"Inflame","floor":20},{"not_picked":[],"picked":"Inflame","floor":23},{"not_picked":["Wild Strike"],"picked":"SKIP","floor":24},{"not_picked":[],"picked":"Headbutt","floor":27},{"not_picked":["Body Slam"],"picked":"SKIP","floor":28}],"player_experience":1077374,"relics_obtained":[{"floor":7,"key":"Ancient Tea Set"},{"floor":9,"key":"Happy Flower"},{"floor":11,"key":"Pantograph"},{"floor":14,"key":"Blood Vial"},{"floor":21,"key":"Red Mask"},{"floor":23,"key":"Lantern"},{"floor":27,"key":"Unceasing Top"},{"floor":29,"key":"Nilry\u0027s Codex"}],"event_choices":[{"damage_healed":0,"gold_gain":0,"player_choice":"Grow","damage_taken":0,"max_hp_gain":0,"max_hp_loss":0,"event_name":"Living Wall","floor":12,"gold_loss":0,"cards_upgraded":["True Grit"]},{"damage_healed":0,"gold_gain":0,"player_choice":"Rummage","damage_taken":0,"relics_obtained":["WarpedTongs"],"max_hp_gain":0,"max_hp_loss":0,"event_name":"Accursed Blacksmith","floor":19,"gold_loss":0,"cards_obtained":["Pain"]},{"damage_healed":0,"gold_gain":0,"player_choice":"Fought Bandits","damage_taken":0,"max_hp_gain":0,"max_hp_loss":0,"event_name":"Masked Bandits","floor":21,"gold_loss":0},{"damage_healed":0,"gold_gain":0,"player_choice":"Obtained Book","damage_taken":21,"max_hp_gain":0,"max_hp_loss":0,"event_name":"Cursed Tome","floor":29,"gold_loss":0},{"damage_healed":0,"gold_gain":0,"cards_transformed":["Strike_R","Strike_R"],"player_choice":"Became Test Subject","damage_taken":0,"max_hp_gain":0,"max_hp_loss":0,"event_name":"Drug Dealer","floor":31,"gold_loss":0,"cards_obtained":["Havoc","Bludgeon"]}],"is_beta":true,"boss_relics":[{"not_picked":["Black Star","Runic Pyramid"],"picked":"Busted Crown"}],"items_purged_floors":[22,30],"is_endless":false,"potions_floor_spawned":[3,4,11,18,23,27,28],"killed_by":"Collector","ascension_level":20}