{"gold_per_floor":[116,132,132,282,282,282,156,170,170,170,18,51,51,25,25,121,121,144,183,183,183,183,183,84,84,109,109,148,148,163,179,179,268,268,282,282,297,313,11,46,46,385,385,385,429,429,55,68,68,68],"floor_reached":51,"playtime":6197,"items_purged":["Doubt","Strike_P","Defend_P"],"score":1354,"play_id":"84b550c5-a2a8-4842-aa58-295e9e594422","local_time":"20190918211337","is_ascension_mode":true,"campfire_choices":[{"floor":6.0,"key":"REST"},{"data":"Eruption","floor":10.0,"key":"SMITH"},{"data":"CrushJoints","floor":15.0,"key":"SMITH"},{"data":"Crescendo","floor":23.0,"key":"SMITH"},{"data":"Protect","floor":25.0,"key":"SMITH"},{"floor":27.0,"key":"REST"},{"data":"Adaptation","floor":32.0,"key":"SMITH"},{"floor":41.0,"key":"REST"},{"floor":44.0,"key":"REST"},{"data":"Ragnarok","floor":49,"key":"SMITH"}],"neow_cost":"PERCENT_DAMAGE","seed_source_timestamp":112173471938100,"circlet_count":0,"master_deck":["AscendersBane","Strike_P","Defend_P","Defend_P","Defend_P","Eruption+1","Vigilance","SandsOfTime","Adaptation+1","EmptyFist","Crescendo+1","BowlingBash","CrushJoints+1","Protect+1","Blasphemy","ClearTheMind+1","ClearTheMind","Omniscience","EmptyMind","Conclude","Perseverance","Sanctity+1","FollowUp+1","Ragnarok+1","CrushJoints+1","Master of Strategy","Bandage Up","Adaptation","Consecrate+1","Meditate","Devotion","EmptyBody+1","Pray","InnerPeace"],"special_seed":0,"relics":["PureWater","Thread and Needle","Golden Idol","Akabeko","Question Card","White Beast Statue","Regal Pillow","Sozu","Red Mask","Nilry\u0027s Codex","Orichalcum","Bronze Scales","VioletLotus","Frozen Eye","Centennial Puzzle","Old Coin","Mercury Hourglass","War Paint","Mummified Hand"],"potions_floor_usage":[],"damage_taken":[{"damage":0.0,"enemies":"Jaw Worm","floor":1.0,"turns":4.0},{"damage":0.0,"enemies":"2 Louse","floor":2.0,"turns":3.0},{"damage":0.0,"enemies":"Cultist","floor":8.0,"turns":3.0},{"damage":4.0,"enemies":"Gremlin Nob","floor":12.0,"turns":3.0},{"damage":8.0,"enemies":"Slime Boss","floor":16.0,"turns":7.0},{"damage":14.0,"enemies":"2 Thieves","floor":18.0,"turns":3.0},{"damage":0.0,"enemies":"Masked Bandits","floor":19.0,"turns":2.0},{"damage":14.0,"enemies":"Slavers","floor":28.0,"turns":3.0},{"damage":0.0,"enemies":"Spheric Guardian","floor":30.0,"turns":3.0},{"damage":0.0,"enemies":"Centurion and Healer","floor":31.0,"turns":3.0},{"damage":20.0,"enemies":"Automaton","floor":33.0,"turns":8.0},{"damage":4.0,"enemies":"3 Shapes","floor":35.0,"turns":5.0},{"damage":5.0,"enemies":"3 Darklings","floor":37.0,"turns":3.0},{"damage":0.0,"enemies":"Transient","floor":38.0,"turns":5.0},{"damage":20.0,"enemies":"Reptomancer","floor":40.0,"turns":3.0},{"damage":46.0,"enemies":"Nemesis","floor":42.0,"turns":5.0},{"damage":0.0,"enemies":"Giant Head","floor":45.0,"turns":5.0},{"damage":0,"enemies":"Writhing Mass","floor":48,"turns":1},{"damage":38,"enemies":"Donu and Deca","floor":50,"turns":6}],"seed_played":"-5141323842056482705","potions_obtained":[{"floor":1.0,"key":"Dexterity Potion"},{"floor":8.0,"key":"Poison Potion"},{"floor":12.0,"key":"AttackPotion"},{"floor":16.0,"key":"Explosive Potion"}],"is_trial":false,"path_per_floor":["M","M","?","?","?","R","$","M","T","R","$","E","?","$","R","B",null,"M","?","?","?","?","R","$","R","T","R","E","?","M","M","R","B",null,"M","?","M","M","$","E","R","E","T","R","E","?","$","M","R","B",null],"character_chosen":"WATCHER","items_purchased":["EmptyFist","BowlingBash","Protect","EmptyMind","Conclude","Meditate","Frozen Eye","Devotion","Mummified Hand"],"campfire_rested":4,"item_purchase_floors":[7,11,14,24,24,39,39,39,47],"current_hp_per_floor":[40,40,19,19,8,26,26,26,26,26,26,22,22,22,22,14,49,35,35,35,14,14,14,14,14,14,47,33,33,33,33,33,13,49,45,40,39,43,43,23,56,14,14,47,51,51,51,55,55,21],"gold":68,"neow_bonus":"ONE_RARE_RELIC","is_prod":false,"is_daily":false,"chose_seed":false,"campfire_upgraded":6,"win_rate":0,"timestamp":1568834017,"path_taken":["M","M","?","?","?","R","?","?","T","R","$","E","?","?","R","BOSS","M","?","?","?","?","R","$","R","T","R","E","?","?","M","R","BOSS","M","?","M","M","$","E","R","E","T","R","E","?","?","M","R","BOSS"],"build_version":"2019-09-17","purchased_purges":3,"victory":true,"max_hp_per_floor":[61,61,61,61,61,61,61,61,61,61,61,61,61,61,61,61,61,61,61,61,61,61,61,61,61,61,61,61,61,61,61,61,61,61,61,61,61,61,61,61,61,61,61,61,61,61,61,61,61,61],"card_choices":[{"not_picked":["WaveOfTheHand","WreathOfFlame"],"picked":"SandsOfTime","floor":1.0},{"not_picked":["Crescendo","Protect"],"picked":"Adaptation","floor":2.0},{"not_picked":["Prostrate","CrushJoints"],"picked":"Crescendo","floor":8.0},{"not_picked":["Swivel","Weave","EmptyBody"],"picked":"CrushJoints","floor":12.0},{"not_picked":["DeusExMachina","Pray","Brilliance"],"picked":"Blasphemy","floor":16.0},{"not_picked":["CrushJoints","Evaluate","Wireheading"],"picked":"ClearTheMind","floor":18.0},{"not_picked":["ThirdEye","EmptyBody","Halt"],"picked":"ClearTheMind","floor":19.0},{"not_picked":["Consecrate","Devotion","Wallop+1"],"picked":"DeusExMachina","floor":28.0},{"not_picked":["Protect","EmptyBody","Halt"],"picked":"Sanctity","floor":30.0},{"not_picked":["FlyingSleeves","Evaluate+1","ThirdEye"],"picked":"FollowUp+1","floor":31.0},{"not_picked":["ReachHeaven","Judgement","Metaphysics"],"picked":"Ragnarok","floor":33.0},{"not_picked":["EmptyMind","Crescendo","Wallop"],"picked":"CrushJoints+1","floor":35.0},{"not_picked":["Panacea","Metamorphosis","Mayhem"],"picked":"Master of Strategy","floor":36.0},{"not_picked":["Panacea","Discovery","Mayhem"],"picked":"Bandage Up","floor":36.0},{"not_picked":["Consecrate","StepAndStrike","CarveReality+1"],"picked":"Adaptation","floor":37.0},{"not_picked":["Halt","JustLucky","Evaluate"],"picked":"Consecrate+1","floor":38.0},{"not_picked":["WindmillStrike+1","Wallop","CutThroughFate"],"picked":"EmptyBody+1","floor":40.0},{"not_picked":["Sanctity","CarveReality","FollowUp","Wallop"],"picked":"SKIP","floor":42.0},{"not_picked":["JustLucky","DeusExMachina","Prostrate"],"picked":"Pray","floor":45.0},{"not_picked":["SpiritShield","EmptyMind","Weave"],"picked":"InnerPeace","floor":48}],"player_experience":727118,"relics_obtained":[{"floor":9.0,"key":"Question Card"},{"floor":12.0,"key":"White Beast Statue"},{"floor":13.0,"key":"Regal Pillow"},{"floor":19.0,"key":"Red Mask"},{"floor":21.0,"key":"Nilry\u0027s Codex"},{"floor":26.0,"key":"Orichalcum"},{"floor":28.0,"key":"Bronze Scales"},{"floor":40.0,"key":"Centennial Puzzle"},{"floor":42.0,"key":"Old Coin"},{"floor":43.0,"key":"Mercury Hourglass"},{"floor":45.0,"key":"War Paint"}],"event_choices":[{"damage_healed":0.0,"max_hp_gain":0.0,"max_hp_loss":0.0,"gold_gain":0.0,"event_name":"Golden Idol","player_choice":"Take Damage","floor":3.0,"gold_loss":0.0,"damage_taken":21.0,"relics_obtained":["Golden Idol"]},{"damage_healed":0.0,"max_hp_gain":0.0,"max_hp_loss":0.0,"gold_gain":150.0,"event_name":"Liars Game","player_choice":"AGREE","floor":4.0,"gold_loss":0.0,"damage_taken":0.0,"cards_obtained":["Doubt"]},{"damage_healed":0.0,"max_hp_gain":0.0,"max_hp_loss":0.0,"gold_gain":0.0,"event_name":"Scrap Ooze","player_choice":"Success","floor":5.0,"gold_loss":0.0,"damage_taken":11.0,"relics_obtained":["Akabeko"]},{"damage_healed":0.0,"max_hp_gain":0.0,"max_hp_loss":0.0,"gold_gain":0.0,"event_name":"Wheel of Change","player_choice":"Relic","floor":13.0,"gold_loss":0.0,"damage_taken":0.0},{"damage_healed":0.0,"max_hp_gain":0.0,"max_hp_loss":0.0,"gold_gain":0.0,"event_name":"Masked Bandits","player_choice":"Fought Bandits","floor":19.0,"gold_loss":0.0,"damage_taken":0.0},{"damage_healed":0.0,"max_hp_gain":0.0,"max_hp_loss":0.0,"gold_gain":0.0,"event_name":"Ghosts","player_choice":"Ignored","floor":20.0,"gold_loss":0.0,"damage_taken":0.0},{"damage_healed":0.0,"max_hp_gain":0.0,"max_hp_loss":0.0,"gold_gain":0.0,"event_name":"Cursed Tome","player_choice":"Obtained Book","floor":21.0,"gold_loss":0.0,"damage_taken":21.0},{"damage_healed":0.0,"max_hp_gain":0.0,"max_hp_loss":0.0,"gold_gain":0.0,"cards_transformed":["Strike_P","Strike_P"],"event_name":"Drug Dealer","player_choice":"Became Test Subject","floor":22.0,"gold_loss":0.0,"damage_taken":0.0,"cards_obtained":["Omniscience","Devotion"]},{"damage_healed":0.0,"max_hp_gain":0.0,"max_hp_loss":0.0,"gold_gain":0.0,"cards_transformed":["Devotion"],"event_name":"Transmorgrifier","player_choice":"Transformed","floor":29.0,"gold_loss":0.0,"damage_taken":0.0,"cards_obtained":["Perseverance"]},{"damage_healed":0.0,"max_hp_gain":0.0,"max_hp_loss":0.0,"gold_gain":0.0,"event_name":"SensoryStone","player_choice":"Memory 2","floor":36.0,"gold_loss":0.0,"damage_taken":5.0},{"cards_removed":["DeusExMachina"],"damage_healed":0.0,"max_hp_gain":0.0,"max_hp_loss":0.0,"gold_gain":0.0,"event_name":"Falling","player_choice":"Removed Skill","floor":46.0,"gold_loss":0.0,"damage_taken":0.0}],"is_beta":true,"boss_relics":[{"not_picked":["Fusion Hammer","Pandora\u0027s Box"],"picked":"Sozu"},{"not_picked":["Snecko Eye","SacredBark"],"picked":"VioletLotus"}],"items_purged_floors":[7,11,47],"is_endless":false,"potions_floor_spawned":[1,8,12,16,18,19,28,30,31,33,35,37,38,40,42,45,48],"ascension_level":15}