{"gold_per_floor":[109,122,132,132,132,167,167,167,192,192,192,226,245,286,286,286],"floor_reached":16,"playtime":579,"items_purged":[],"score":236,"play_id":"d73fcc5c-6b0a-4637-89a1-d0e00de17dbd","local_time":"20181101013931","is_ascension_mode":true,"campfire_choices":[{"data":"Whirlwind","floor":7,"key":"SMITH"},{"floor":11,"key":"REST"},{"data":"Fiend Fire","floor":15,"key":"SMITH"}],"neow_cost":"NONE","seed_source_timestamp":3537177627660684,"circlet_count":0,"master_deck":["AscendersBane","Strike_R","Strike_R","Strike_R","Strike_R","Defend_R","Defend_R","Defend_R","Defend_R","Bash","Trip+1","Perfected Strike","Whirlwind+1","Shrug It Off","Fiend Fire+1","Pommel Strike"],"relics":["Burning Blood","Bronze Scales","Peace Pipe","Bag of Marbles","Golden Idol","Gambling Chip","Charon\u0027s Ashes"],"potions_floor_usage":[6],"damage_taken":[{"damage":11,"enemies":"Small Slimes","floor":1,"turns":5},{"damage":1,"enemies":"2 Louse","floor":2,"turns":3},{"damage":4,"enemies":"Jaw Worm","floor":3,"turns":4},{"damage":36,"enemies":"Lagavulin","floor":6,"turns":8},{"damage":11,"enemies":"Gremlin Nob","floor":12,"turns":3},{"damage":0,"enemies":"Large Slime","floor":13,"turns":2},{"damage":22,"enemies":"3 Sentries","floor":14,"turns":5},{"damage":43,"enemies":"The Guardian","floor":16,"turns":6}],"seed_played":"-2231004110071165548","potions_obtained":[{"floor":3,"key":"Regen Potion"}],"is_trial":false,"path_per_floor":["M","M","M","?","?","E","R","?","T","?","R","E","M","E","R","B"],"character_chosen":"IRONCLAD","items_purchased":[],"campfire_rested":1,"item_purchase_floors":[],"current_hp_per_floor":[63,68,70,70,59,43,43,36,36,36,56,51,57,41,41,0],"gold":286,"neow_bonus":"RANDOM_COLORLESS","is_prod":false,"is_daily":false,"chose_seed":false,"campfire_upgraded":2,"win_rate":0,"timestamp":1541061571,"path_taken":["M","M","M","?","?","E","R","?","T","?","R","E","?","E","R","BOSS"],"build_version":"2018-10-31v2","purchased_purges":0,"victory":false,"max_hp_per_floor":[75,75,75,75,75,75,75,75,75,68,68,68,68,68,68,68],"card_choices":[{"not_picked":["Havoc","Sword Boomerang"],"picked":"Perfected Strike","floor":1},{"not_picked":["Clash","True Grit"],"picked":"Whirlwind","floor":2},{"not_picked":["Body Slam","Ghostly Armor"],"picked":"Shrug It Off","floor":3},{"not_picked":["Bloodletting","Carnage"],"picked":"Fiend Fire","floor":6},{"not_picked":["Corruption","Carnage","Havoc"],"picked":"SKIP","floor":12},{"not_picked":["Infernal Blade","Cleave"],"picked":"Pommel Strike","floor":13},{"not_picked":["Anger","Heavy Blade","Sword Boomerang"],"picked":"SKIP","floor":14}],"player_experience":1021275,"relics_obtained":[{"floor":6,"key":"Peace Pipe"},{"floor":9,"key":"Bag of Marbles"},{"floor":12,"key":"Gambling Chip"},{"floor":14,"key":"Charon\u0027s Ashes"}],"event_choices":[{"damage_healed":0,"gold_gain":0,"player_choice":"Grow","damage_taken":0,"max_hp_gain":0,"max_hp_loss":0,"event_name":"Living Wall","floor":4,"gold_loss":0,"cards_upgraded":["Trip"]},{"damage_healed":0,"gold_gain":0,"player_choice":"Success","damage_taken":11,"relics_obtained":["Bronze Scales"],"max_hp_gain":0,"max_hp_loss":0,"event_name":"Scrap Ooze","floor":5,"gold_loss":0},{"cards_removed":["Strike_R"],"damage_healed":0,"gold_gain":0,"player_choice":"Card Removal","damage_taken":7,"max_hp_gain":0,"max_hp_loss":0,"event_name":"Golden Wing","floor":8,"gold_loss":0},{"damage_healed":0,"gold_gain":0,"player_choice":"Lose Max HP","damage_taken":0,"relics_obtained":["Golden Idol"],"max_hp_gain":0,"max_hp_loss":7,"event_name":"Golden Idol","floor":10,"gold_loss":0}],"is_beta":true,"boss_relics":[],"items_purged_floors":[],"is_endless":false,"potions_floor_spawned":[3],"killed_by":"The Guardian","ascension_level":20}