{"gold_per_floor":[144,157,171,184,198,198,226,251,251,251,286,286,302,316,316,407,407,430,410,410,410,89,89,89,101],"floor_reached":25,"playtime":1448,"items_purged":["Defend_B"],"score":401,"play_id":"1c6b3bb8-7b8c-4bf6-bde7-81a4a77c60e3","local_time":"20181023181701","is_ascension_mode":true,"campfire_choices":[{"data":"Zap","floor":6,"key":"SMITH"},{"floor":10,"key":"REST"},{"floor":15,"key":"REST"},{"data":"Recycle","floor":23,"key":"SMITH"}],"neow_cost":"NONE","seed_source_timestamp":2818558338090107,"circlet_count":0,"master_deck":["Strike_B","Strike_B","Strike_B","Defend_B","Defend_B","Zap+1","Dualcast","AscendersBane","Leap","Cold Snap","Conserve Battery","Cold Snap","Recycle+1","Genetic Algorithm","Compile Driver","Sweeping Beam","Glacier","Machine Learning","Auto Shields","Hello World","Consume"],"relics":["Cracked Core","Tiny Chest","FossilizedHelix","Orichalcum","Bottled Lightning","Bag of Marbles","Golden Idol","Busted Crown","Happy Flower","MawBank"],"potions_floor_usage":[16,16,19,25],"damage_taken":[{"damage":1,"enemies":"Cultist","floor":1,"turns":4},{"damage":7,"enemies":"Jaw Worm","floor":2,"turns":4},{"damage":1,"enemies":"2 Louse","floor":3,"turns":3},{"damage":23,"enemies":"Exordium Thugs","floor":4,"turns":6},{"damage":5,"enemies":"Blue Slaver","floor":5,"turns":4},{"damage":22,"enemies":"Lagavulin","floor":7,"turns":9},{"damage":12,"enemies":"3 Sentries","floor":11,"turns":14},{"damage":0,"enemies":"Looter","floor":13,"turns":3},{"damage":0,"enemies":"2 Fungi Beasts","floor":14,"turns":3},{"damage":46,"enemies":"Hexaghost","floor":16,"turns":20},{"damage":22,"enemies":"3 Byrds","floor":18,"turns":6},{"damage":34,"enemies":"Gremlin Leader","floor":25,"turns":4}],"seed_played":"2468179251090273955","potions_obtained":[{"floor":3,"key":"PowerPotion"},{"floor":5,"key":"SpeedPotion"},{"floor":11,"key":"FocusPotion"},{"floor":13,"key":"Regen Potion"},{"floor":18,"key":"Fruit Juice"},{"floor":19,"key":"AttackPotion"}],"is_trial":false,"path_per_floor":["M","M","M","M","M","R","E","T","T","R","E","?","M","M","R","B",null,"M","?","?","?","$","R","T"],"character_chosen":"DEFECT","items_purchased":["Consume","Happy Flower"],"campfire_rested":2,"item_purchase_floors":[22,22],"current_hp_per_floor":[63,56,55,32,27,27,5,5,5,26,14,14,14,14,33,2,49,27,32,32,32,32,32,32,0],"gold":101,"neow_bonus":"RANDOM_COMMON_RELIC","is_prod":false,"is_daily":false,"chose_seed":false,"campfire_upgraded":2,"win_rate":0,"timestamp":1540343821,"path_taken":["M","M","M","M","M","R","E","?","T","R","E","?","M","?","R","BOSS","M","?","?","?","$","R","?","E"],"build_version":"2018-10-22","purchased_purges":1,"victory":false,"max_hp_per_floor":[71,71,71,71,71,71,71,71,71,71,71,64,64,64,64,64,64,64,69,69,69,69,69,69,69],"card_choices":[{"not_picked":["Blizzard","Scrape"],"picked":"Leap","floor":1},{"not_picked":["Go for the Eyes","Melter"],"picked":"Cold Snap","floor":2},{"not_picked":["Heatsinks","Rebound"],"picked":"Conserve Battery","floor":3},{"not_picked":["Heatsinks","Beam Cell"],"picked":"Cold Snap","floor":4},{"not_picked":["Barrage","Cold Snap"],"picked":"Recycle","floor":5},{"not_picked":["Rainbow","Aggregate"],"picked":"Genetic Algorithm","floor":7},{"not_picked":["Auto Shields","Go for the Eyes"],"picked":"Compile Driver","floor":11},{"not_picked":["Auto Shields","Rebound"],"picked":"Sweeping Beam","floor":13},{"not_picked":["Rebound","Recycle"],"picked":"Glacier","floor":14},{"not_picked":["Buffer","Reboot"],"picked":"Machine Learning","floor":16},{"not_picked":["Chill"],"picked":"SKIP","floor":18}],"player_experience":970154,"relics_obtained":[{"floor":7,"key":"FossilizedHelix"},{"floor":8,"key":"Orichalcum"},{"floor":9,"key":"Bottled Lightning"},{"floor":11,"key":"Bag of Marbles"},{"floor":24,"key":"MawBank"}],"event_choices":[{"damage_healed":0,"gold_gain":0,"player_choice":"Lose Max HP","damage_taken":0,"relics_obtained":["Golden Idol"],"max_hp_gain":0,"max_hp_loss":7,"event_name":"Golden Idol","floor":12,"gold_loss":0},{"damage_healed":0,"gold_gain":0,"player_choice":"Bought 1 Potion","damage_taken":0,"max_hp_gain":0,"max_hp_loss":0,"event_name":"The Woman in Blue","floor":19,"gold_loss":0},{"damage_healed":0,"gold_gain":0,"player_choice":"Ignored","damage_taken":0,"max_hp_gain":0,"max_hp_loss":0,"event_name":"The Mausoleum","floor":20,"gold_loss":0},{"damage_healed":0,"gold_gain":0,"cards_transformed":["Strike_B","Defend_B"],"player_choice":"Became Test Subject","damage_taken":0,"max_hp_gain":0,"max_hp_loss":0,"event_name":"Drug Dealer","floor":21,"gold_loss":0,"cards_obtained":["Auto Shields","Hello World"]}],"is_beta":true,"boss_relics":[{"not_picked":["Velvet Choker","Orrery"],"picked":"Busted Crown"}],"items_purged_floors":[22],"is_endless":false,"potions_floor_spawned":[3,5,11,13,14,18],"killed_by":"Gremlin Leader","ascension_level":18}