{"gold_per_floor":[362,362,69,69,69,69,69,69,69,87,87,110,83,94,94,165,165,185,217,217,217,217,235,235,268,268,288,288,302,316,329,329,329],"floor_reached":33,"playtime":818,"items_purged":[],"score":430,"play_id":"55d30973-52d7-4e6b-a515-8c10f9c83676","local_time":"20190917233224","is_ascension_mode":true,"campfire_choices":[{"data":"Chaos","floor":6.0,"key":"SMITH"},{"data":"Zap","floor":8.0,"key":"SMITH"},{"data":"Static Discharge","floor":15.0,"key":"SMITH"},{"data":"Go for the Eyes","floor":24.0,"key":"SMITH"},{"floor":28.0,"key":"REST"},{"floor":32.0,"key":"REST"}],"neow_cost":"TEN_PERCENT_HP_LOSS","seed_source_timestamp":660724841000,"circlet_count":0,"master_deck":["AscendersBane","Strike_B","Strike_B","Strike_B","Strike_B","Defend_B","Defend_B","Defend_B","Defend_B","Zap+1","Dualcast","Chaos+1","Capacitor","Static Discharge+1","Go for the Eyes+1","Barrage","Echo Form+1","Coolheaded","Cold Snap","Sunder","Reboot+1","Glacier+1","Skim+1","Tempest+1"],"special_seed":0,"relics":["Cracked Core","Eternal Feather","Nunchaku","Pear","Sundial","Orichalcum","Velvet Choker","Red Mask","Bag of Marbles","Toxic Egg 2"],"potions_floor_usage":[33,33],"damage_taken":[{"damage":1.0,"enemies":"Cultist","floor":1.0,"turns":4.0},{"damage":12.0,"enemies":"Jaw Worm","floor":10.0,"turns":4.0},{"damage":5.0,"enemies":"Small Slimes","floor":14.0,"turns":3.0},{"damage":35.0,"enemies":"Hexaghost","floor":16.0,"turns":8.0},{"damage":7.0,"enemies":"3 Byrds","floor":18.0,"turns":2.0},{"damage":39.0,"enemies":"Masked Bandits","floor":19.0,"turns":4.0},{"damage":5.0,"enemies":"Shell Parasite","floor":23.0,"turns":4.0},{"damage":22.0,"enemies":"Gremlin Leader","floor":25.0,"turns":5.0},{"damage":5.0,"enemies":"Snecko","floor":27.0,"turns":5.0},{"damage":6.0,"enemies":"Snake Plant","floor":29.0,"turns":3.0},{"damage":21.0,"enemies":"3 Cultists","floor":30.0,"turns":5.0},{"damage":0.0,"enemies":"Snecko","floor":31.0,"turns":6.0},{"damage":65,"enemies":"Collector","floor":33,"turns":7}],"seed_played":"2501264419625290909","potions_obtained":[{"floor":1.0,"key":"EssenceOfSteel"},{"floor":16.0,"key":"Ancient Potion"},{"floor":19.0,"key":"PowerPotion"},{"floor":30.0,"key":"Swift Potion"}],"is_trial":false,"path_per_floor":["M","?","$","?","?","R","?","R","T","M","T","T","$","M","R","B",null,"M","?","?","?","?","M","R","E","T","M","R","M","M","M","R","B"],"character_chosen":"DEFECT","items_purchased":["Eternal Feather","Capacitor","Go for the Eyes"],"campfire_rested":2,"item_purchase_floors":[3,3,13],"current_hp_per_floor":[63,63,63,68,43,49,49,55,65,53,53,53,53,48,57,22,65,58,19,45,45,45,40,49,27,27,22,57,51,30,30,65,0],"gold":329,"neow_bonus":"TWO_FIFTY_GOLD","is_prod":false,"is_daily":false,"chose_seed":false,"campfire_upgraded":4,"win_rate":0,"timestamp":1568781144,"path_taken":["M","?","$","?","?","R","?","R","T","M","?","?","?","?","R","BOSS","M","?","?","?","?","M","R","E","T","?","R","M","M","M","R","BOSS"],"build_version":"2019-09-17","purchased_purges":0,"victory":false,"max_hp_per_floor":[64,64,64,69,69,69,69,69,79,79,79,79,79,79,79,79,79,79,79,79,79,79,79,79,79,79,79,79,79,79,79,79,79],"card_choices":[{"not_picked":["Compile Driver","Hologram"],"picked":"Chaos","floor":1.0},{"not_picked":["Steam","Stack"],"picked":"Static Discharge","floor":10.0},{"not_picked":["Hologram","Rebound"],"picked":"Barrage","floor":14.0},{"not_picked":["Buffer","Fission"],"picked":"Echo Form","floor":16.0},{"not_picked":["Conserve Battery","Redo"],"picked":"Coolheaded","floor":18.0},{"not_picked":["Doom and Gloom","Static Discharge"],"picked":"Cold Snap","floor":23.0},{"not_picked":["Steam","Self Repair"],"picked":"Sunder","floor":25.0},{"not_picked":["Gash","Redo+1"],"picked":"Reboot+1","floor":27.0},{"not_picked":["Lockon","Reprogram+1"],"picked":"Glacier+1","floor":29.0},{"not_picked":["Redo+1","Rebound"],"picked":"Skim+1","floor":30.0},{"not_picked":["Ball Lightning","Leap+1"],"picked":"Tempest+1","floor":31.0}],"player_experience":1380076,"relics_obtained":[{"floor":9.0,"key":"Pear"},{"floor":11.0,"key":"Sundial"},{"floor":12.0,"key":"Orichalcum"},{"floor":19.0,"key":"Red Mask"},{"floor":25.0,"key":"Bag of Marbles"},{"floor":26.0,"key":"Toxic Egg 2"}],"event_choices":[{"damage_healed":0.0,"max_hp_gain":0.0,"max_hp_loss":0.0,"gold_gain":0.0,"event_name":"Golden Idol","player_choice":"Ignored","floor":2.0,"gold_loss":0.0,"damage_taken":0.0},{"damage_healed":0.0,"max_hp_gain":5.0,"max_hp_loss":0.0,"gold_gain":0.0,"event_name":"Big Fish","player_choice":"Donut","floor":4.0,"gold_loss":0.0,"damage_taken":0.0},{"damage_healed":0.0,"max_hp_gain":0.0,"max_hp_loss":0.0,"gold_gain":0.0,"event_name":"Scrap Ooze","player_choice":"Success","floor":5.0,"gold_loss":0.0,"damage_taken":25.0,"relics_obtained":["Nunchaku"]},{"damage_healed":0.0,"max_hp_gain":0.0,"max_hp_loss":0.0,"gold_gain":0.0,"event_name":"Dead Adventurer","player_choice":"Searched \u00270\u0027 times","floor":7.0,"gold_loss":0.0,"damage_taken":0.0},{"damage_healed":0.0,"max_hp_gain":0.0,"max_hp_loss":0.0,"gold_gain":0.0,"event_name":"Masked Bandits","player_choice":"Fought Bandits","floor":19.0,"gold_loss":0.0,"damage_taken":0.0},{"damage_healed":26.0,"max_hp_gain":0.0,"max_hp_loss":0.0,"gold_gain":0.0,"event_name":"The Library","player_choice":"Heal","floor":20.0,"gold_loss":0.0,"damage_taken":0.0},{"damage_healed":0.0,"max_hp_gain":0.0,"max_hp_loss":0.0,"gold_gain":0.0,"event_name":"Cursed Tome","player_choice":"Ignored","floor":21.0,"gold_loss":0.0,"damage_taken":0.0},{"damage_healed":0.0,"max_hp_gain":0.0,"max_hp_loss":0.0,"gold_gain":0.0,"event_name":"Upgrade Shrine","player_choice":"Upgraded","floor":22.0,"gold_loss":0.0,"damage_taken":0.0,"cards_upgraded":["Echo Form"]}],"is_beta":true,"boss_relics":[{"not_picked":["Runic Pyramid","Ectoplasm"],"picked":"Velvet Choker"}],"items_purged_floors":[],"is_endless":false,"potions_floor_spawned":[1,16,19,30,31],"killed_by":"Collector","ascension_level":14}