{"gold_per_floor":[113,126,140,152,169,169,201,201,201,201,218,233,243,243,243,348,348,364,364,377,231,245,245,170,199,199,214,230,230,255,268,268,367,397,416,427,427,527,175,175,190,220,220,235,248,248,276,276,276,276],"floor_reached":51,"playtime":5788,"items_purged":["Bite","Pain"],"score":1117,"play_id":"1e234127-43cf-444b-ba4a-ae9886aebd74","local_time":"20190530163251","is_ascension_mode":true,"campfire_choices":[{"data":"Corruption","floor":6.0,"key":"SMITH"},{"data":"Armaments","floor":8.0,"key":"SMITH"},{"floor":10.0,"key":"REST"},{"data":"Feel No Pain","floor":15.0,"key":"SMITH"},{"data":"Demon Form","floor":23,"key":"SMITH"},{"data":"Heavy Blade","floor":29,"key":"SMITH"},{"floor":32,"key":"REST"},{"data":"Shockwave","floor":40,"key":"SMITH"},{"data":"Flame Barrier","floor":46,"key":"SMITH"},{"floor":49,"key":"REST"}],"neow_cost":"NONE","seed_source_timestamp":174922290482027,"circlet_count":0,"master_deck":["AscendersBane","Defend_R","Defend_R","Defend_R","Defend_R","Bash","Shrug It Off","Burning Pact","Corruption+1","Shockwave+1","Armaments+1","Feel No Pain+1","Power Through","Intimidate","Demon Form+1","Pommel Strike+1","Bite","Bite","Bite","Sever Soul+1","Whirlwind+1","True Grit+1","Impervious","Heavy Blade+1","Flame Barrier+1","Reaper","Pain","Doubt","Clothesline+1","Pummel+1","Sentinel+1","Disarm+1"],"special_seed":0,"relics":["Burning Blood","Orichalcum","Mango","Black Star","Paper Frog","Unceasing Top","Blue Candle","Art of War","Whetstone","Calling Bell","Tiny Chest","Letter Opener","Du-Vu Doll","FossilizedHelix","Dodecahedron","Smiling Mask","Pear","Ancient Tea Set","Vajra","Anchor","Question Card"],"potions_floor_usage":[16,16,25,36,50],"damage_taken":[{"damage":6.0,"enemies":"2 Louse","floor":1.0,"turns":3.0},{"damage":8.0,"enemies":"Jaw Worm","floor":2.0,"turns":6.0},{"damage":4.0,"enemies":"Small Slimes","floor":3.0,"turns":7.0},{"damage":18.0,"enemies":"Looter","floor":4.0,"turns":4.0},{"damage":7.0,"enemies":"2 Fungi Beasts","floor":5.0,"turns":4.0},{"damage":58.0,"enemies":"3 Sentries","floor":7.0,"turns":12.0},{"damage":3.0,"enemies":"Blue Slaver","floor":11.0,"turns":5.0},{"damage":8.0,"enemies":"Large Slime","floor":12.0,"turns":9.0},{"damage":11.0,"enemies":"Exordium Wildlife","floor":13.0,"turns":8.0},{"damage":30,"enemies":"Hexaghost","floor":16,"turns":14},{"damage":9,"enemies":"Chosen","floor":18,"turns":9},{"damage":24,"enemies":"3 Byrds","floor":20,"turns":9},{"damage":32,"enemies":"Shelled Parasite and Fungi","floor":22,"turns":6},{"damage":23,"enemies":"Book of Stabbing","floor":25,"turns":7},{"damage":24,"enemies":"Snake Plant","floor":27,"turns":9},{"damage":8,"enemies":"Sentry and Sphere","floor":28,"turns":7},{"damage":33,"enemies":"Slavers","floor":30,"turns":8},{"damage":21,"enemies":"Shelled Parasite and Fungi","floor":31,"turns":5},{"damage":15,"enemies":"Champ","floor":33,"turns":12},{"damage":19,"enemies":"3 Darklings","floor":35,"turns":3},{"damage":3,"enemies":"Orb Walker","floor":36,"turns":6},{"damage":29,"enemies":"Mind Bloom Boss Battle","floor":38,"turns":6},{"damage":21,"enemies":"4 Shapes","floor":41,"turns":7},{"damage":13,"enemies":"Giant Head","floor":42,"turns":7},{"damage":53,"enemies":"Jaw Worm Horde","floor":44,"turns":8},{"damage":5,"enemies":"Sphere and 2 Shapes","floor":45,"turns":19},{"damage":68,"enemies":"Reptomancer","floor":47,"turns":8},{"damage":68,"enemies":"Time Eater","floor":50,"turns":15}],"seed_played":"-1424537698111659212","potions_obtained":[{"floor":2.0,"key":"Strength Potion"},{"floor":5.0,"key":"Block Potion"},{"floor":11.0,"key":"SkillPotion"},{"floor":12.0,"key":"Block Potion"},{"floor":18,"key":"Poison Potion"},{"floor":25,"key":"SteroidPotion"},{"floor":31,"key":"Weak Potion"},{"floor":33,"key":"Swift Potion"},{"floor":41,"key":"AttackPotion"},{"floor":44,"key":"Ancient Potion"},{"floor":45,"key":"FairyPotion"}],"is_trial":false,"path_per_floor":["M","M","M","M","M","R","E","R","T","R","M","M","M","?","R","B",null,"M","?","M","$","M","R","?","E","T","M","M","R","E","M","R","B",null,"M","M","?","?","$","R","M","E","T","M","M","R","E","T","R","B",null],"character_chosen":"IRONCLAD","items_purchased":["Whirlwind","Dodecahedron"],"campfire_rested":3,"item_purchase_floors":[21,39],"current_hp_per_floor":[74,74,78,68,69,69,19,19,33,61,66,66,63,56,56,34,79,78,78,90,90,68,68,68,61,61,60,64,64,42,31,59,64,87,76,94,94,94,94,94,94,104,104,74,104,104,68,68,99,50],"gold":276,"neow_bonus":"RANDOM_COMMON_RELIC","is_prod":false,"is_daily":false,"chose_seed":false,"campfire_upgraded":7,"win_rate":0,"timestamp":1559248371,"path_taken":["M","M","M","M","M","R","E","R","T","R","M","M","M","?","R","BOSS","M","?","M","$","M","R","?","E","T","M","M","R","E","M","R","BOSS","M","M","?","?","$","R","M","E","T","M","M","R","E","?","R","BOSS"],"build_version":"2019-01-23","purchased_purges":2,"victory":true,"max_hp_per_floor":[80,80,80,80,80,80,80,80,94,94,94,94,94,94,94,94,94,94,94,94,94,94,94,94,94,94,94,94,94,94,94,94,94,94,94,94,94,94,94,94,94,104,104,104,104,104,104,104,104,104],"card_choices":[{"not_picked":["Cleave","Havoc"],"picked":"Shrug It Off","floor":1.0},{"not_picked":["Reckless Charge","Twin Strike"],"picked":"Burning Pact","floor":2.0},{"not_picked":["Clash","Seeing Red"],"picked":"Corruption","floor":3.0},{"not_picked":["Heavy Blade","Infernal Blade"],"picked":"Shockwave","floor":4.0},{"not_picked":["Iron Wave","Havoc"],"picked":"Armaments","floor":5.0},{"not_picked":["Barricade","Sever Soul"],"picked":"Feel No Pain","floor":7.0},{"not_picked":["Warcry","True Grit"],"picked":"Power Through","floor":11.0},{"not_picked":["Shrug It Off","Warcry"],"picked":"Intimidate","floor":12.0},{"not_picked":["Shrug It Off","Havoc","Heavy Blade"],"picked":"SKIP","floor":13.0},{"not_picked":["Limit Break","Brutality"],"picked":"Demon Form","floor":16},{"not_picked":["Perfected Strike","Body Slam"],"picked":"Pommel Strike+1","floor":18},{"not_picked":["Wild Strike","Thunderclap"],"picked":"Sever Soul","floor":20},{"not_picked":["Sever Soul","Anger"],"picked":"True Grit+1","floor":22},{"not_picked":["Berserk","Sentinel"],"picked":"Impervious","floor":25},{"not_picked":["Body Slam","Entrench+1","Perfected Strike+1"],"picked":"SKIP","floor":27},{"not_picked":["Power Through","Flex"],"picked":"Heavy Blade","floor":28},{"not_picked":["Entrench","Cleave"],"picked":"Flame Barrier","floor":30},{"not_picked":["Searing Blow+1","Havoc","Pommel Strike"],"picked":"SKIP","floor":31},{"not_picked":["Double Tap","Immolate"],"picked":"Reaper","floor":33},{"not_picked":["Iron Wave+1","Flex"],"picked":"Clothesline+1","floor":35},{"not_picked":["Flex","Heavy Blade+1"],"picked":"Seeing Red","floor":36},{"not_picked":["Heavy Blade+1","True Grit+1"],"picked":"Pummel+1","floor":38},{"not_picked":["Metallicize+1","Clothesline","Pommel Strike"],"picked":"SKIP","floor":41},{"not_picked":["Anger+1","Berserk"],"picked":"Sentinel+1","floor":42},{"not_picked":["Heavy Blade+1","Warcry+1","Anger+1"],"picked":"SKIP","floor":44},{"not_picked":["True Grit","Inflame"],"picked":"Disarm+1","floor":45},{"not_picked":["Hemokinesis","Rage+1","Clash"],"picked":"SKIP","floor":47}],"player_experience":568119,"relics_obtained":[{"floor":7.0,"key":"Orichalcum"},{"floor":9.0,"key":"Mango"},{"floor":25,"key":"Paper Frog"},{"floor":25,"key":"Unceasing Top"},{"floor":26,"key":"Blue Candle"},{"floor":30,"key":"Art of War"},{"floor":30,"key":"Whetstone"},{"floor":34,"key":"Tiny Chest"},{"floor":34,"key":"Letter Opener"},{"floor":34,"key":"Du-Vu Doll"},{"floor":38,"key":"FossilizedHelix"},{"floor":42,"key":"Smiling Mask"},{"floor":42,"key":"Pear"},{"floor":43,"key":"Ancient Tea Set"},{"floor":47,"key":"Vajra"},{"floor":47,"key":"Anchor"},{"floor":48,"key":"Question Card"}],"event_choices":[{"cards_removed":["Strike_R"],"damage_healed":0.0,"max_hp_gain":0.0,"max_hp_loss":0.0,"gold_gain":0.0,"event_name":"Golden Wing","player_choice":"Card Removal","floor":14.0,"gold_loss":0.0,"damage_taken":7.0},{"damage_healed":0,"gold_gain":0,"player_choice":"Became a vampire (Vial)","damage_taken":0,"max_hp_gain":0,"max_hp_loss":0,"event_name":"Vampires","floor":19,"relics_lost":["Blood Vial"],"gold_loss":0,"cards_obtained":["Bite","Bite","Bite","Bite","Bite"]},{"cards_removed":["Bite"],"damage_healed":0,"gold_gain":0,"player_choice":"Gave Gold","damage_taken":0,"max_hp_gain":0,"max_hp_loss":0,"event_name":"Beggar","floor":24,"gold_loss":75},{"cards_removed":["Seeing Red"],"damage_healed":0,"gold_gain":0,"player_choice":"Removed Skill","damage_taken":0,"max_hp_gain":0,"max_hp_loss":0,"event_name":"Falling","floor":37,"gold_loss":0},{"damage_healed":0,"gold_gain":0,"player_choice":"Fight","damage_taken":0,"max_hp_gain":0,"max_hp_loss":0,"event_name":"MindBloom","floor":38,"gold_loss":0}],"is_beta":false,"boss_relics":[{"not_picked":["Busted Crown","Runic Pyramid"],"picked":"Black Star"},{"not_picked":["Tiny House","Black Blood"],"picked":"Calling Bell"}],"items_purged_floors":[21,39],"is_endless":false,"potions_floor_spawned":[2,5,11,12,18,25,31,33,35,41,44,45],"ascension_level":10}