{"gold_per_floor":[110,127,138,58,74,74,91,91,137,153,184,184,216,141,141,212,212,222,57,68,68,68],"floor_reached":22,"playtime":1113,"items_purged":[],"score":392,"play_id":"2f8f0ef6-652c-40f8-9ed4-7ae09854845c","local_time":"20181111035855","is_ascension_mode":true,"campfire_choices":[{"data":"Bash","floor":6,"key":"SMITH"},{"data":"Clothesline","floor":8,"key":"SMITH"},{"data":"Armaments","floor":12,"key":"SMITH"},{"data":"Evolve","floor":15,"key":"SMITH"}],"neow_cost":"NONE","seed_source_timestamp":4412607065965198,"circlet_count":0,"master_deck":["AscendersBane","Strike_R","Strike_R","Strike_R","Strike_R","Defend_R","Defend_R","Defend_R","Defend_R","Bash+1","Dropkick","Intimidate","Evolve+1","Wild Strike","Clothesline+1","Armaments+1","Metallicize+1","Juggernaut+1","Limit Break"],"relics":["Burning Blood","PreservedInsect","Frozen Egg 2","Oddly Smooth Stone","Velvet Choker","Anchor"],"potions_floor_usage":[13,20],"damage_taken":[{"damage":5,"enemies":"Small Slimes","floor":1,"turns":4},{"damage":7,"enemies":"Jaw Worm","floor":2,"turns":3},{"damage":1,"enemies":"Cultist","floor":3,"turns":3},{"damage":25,"enemies":"Large Slime","floor":5,"turns":8},{"damage":9,"enemies":"Blue Slaver","floor":7,"turns":3},{"damage":6,"enemies":"Looter","floor":10,"turns":3},{"damage":29,"enemies":"3 Sentries","floor":11,"turns":7},{"damage":8,"enemies":"Gremlin Nob","floor":13,"turns":3},{"damage":24,"enemies":"The Guardian","floor":16,"turns":17},{"damage":39,"enemies":"2 Thieves","floor":18,"turns":5},{"damage":12,"enemies":"3 Byrds","floor":20,"turns":4},{"damage":26,"enemies":"Shelled Parasite and Fungi","floor":22,"turns":6}],"seed_played":"-1785917951770274321","potions_obtained":[{"floor":2,"key":"SneckoOil"},{"floor":11,"key":"Fire Potion"},{"floor":13,"key":"Ancient Potion"}],"is_trial":false,"path_per_floor":["M","M","M","$","M","R","M","R","T","M","E","R","E","?","R","B",null,"M","$","M","$","M"],"character_chosen":"IRONCLAD","items_purchased":["Evolve","Anchor"],"campfire_rested":0,"item_purchase_floors":[4,19],"current_hp_per_floor":[76,75,80,80,61,61,58,58,58,58,35,35,33,33,33,15,65,32,32,26,26,0],"gold":68,"neow_bonus":"TEN_PERCENT_HP_BONUS","is_prod":false,"is_daily":false,"chose_seed":false,"campfire_upgraded":4,"win_rate":0,"timestamp":1541937535,"path_taken":["M","M","M","$","M","R","M","R","T","M","E","R","E","?","R","BOSS","M","$","M","$","M"],"build_version":"2018-11-08","purchased_purges":0,"victory":false,"max_hp_per_floor":[82,82,82,82,82,82,82,82,82,82,82,82,82,82,82,82,82,82,82,82,82,82],"card_choices":[{"not_picked":["Warcry","Wild Strike"],"picked":"Dropkick","floor":1},{"not_picked":["Warcry","Flex","Perfected Strike"],"picked":"SKIP","floor":2},{"not_picked":["Warcry","Wild Strike"],"picked":"Intimidate","floor":3},{"not_picked":["Headbutt","Intimidate"],"picked":"Wild Strike","floor":5},{"not_picked":["Sentinel","Anger"],"picked":"Clothesline","floor":7},{"not_picked":["Heavy Blade","Seeing Red"],"picked":"Armaments","floor":10},{"not_picked":["Shockwave","Body Slam","Seeing Red"],"picked":"SKIP","floor":11},{"not_picked":["Second Wind","True Grit"],"picked":"Metallicize+1","floor":13},{"not_picked":["Dark Embrace+1","Bludgeon"],"picked":"Juggernaut+1","floor":16},{"not_picked":["Cleave","Heavy Blade+1","Headbutt"],"picked":"SKIP","floor":18},{"not_picked":["Sword Boomerang","Clash+1"],"picked":"Limit Break","floor":20}],"player_experience":1061161,"relics_obtained":[{"floor":9,"key":"PreservedInsect"},{"floor":11,"key":"Frozen Egg 2"},{"floor":13,"key":"Oddly Smooth Stone"}],"event_choices":[{"cards_removed":["Strike_R"],"damage_healed":0,"gold_gain":0,"player_choice":"Card Removal","damage_taken":0,"max_hp_gain":0,"max_hp_loss":0,"event_name":"The Cleric","floor":14,"gold_loss":75}],"is_beta":true,"boss_relics":[{"not_picked":["Cursed Key","Ectoplasm"],"picked":"Velvet Choker"}],"items_purged_floors":[],"is_endless":false,"potions_floor_spawned":[2,11,13,18],"killed_by":"Shelled Parasite and Fungi","ascension_level":20}