{"gold_per_floor":[113,188,19,33,48,80,80,114,114,127,127,152,208,218,218,297,297,313,263,20,47,47,75,75,0,23,23,50,50,81,100,100,174,174,194,245,245,117,135,162,162,188,188,220,237,251,285,285,285,285,285,285,285,83,110,110],"floor_reached":57,"playtime":3373,"items_purged":["Clumsy","Writhe"],"score":2959,"play_id":"eb3f7c49-f43c-4330-a37b-b300b857c76f","local_time":"20190605032219","is_ascension_mode":true,"campfire_choices":[{"data":"Bash","floor":7.0,"key":"SMITH"},{"data":"Immolate","floor":11.0,"key":"SMITH"},{"data":"Combust","floor":15.0,"key":"SMITH"},{"data":"Limit Break","floor":24.0,"key":"SMITH"},{"floor":27.0,"key":"REST"},{"data":"J.A.X.","floor":29.0,"key":"SMITH"},{"data":"Battle Trance","floor":32.0,"key":"SMITH"},{"floor":41.0,"key":"RECALL"},{"floor":49,"key":"REST"},{"floor":53,"key":"REST"}],"neow_cost":"NONE","seed_source_timestamp":3467987879148144,"circlet_count":0,"master_deck":["AscendersBane","Strike_R","Strike_R","Strike_R","Strike_R","Strike_R+1","Defend_R+1","Defend_R+1","Defend_R","Defend_R","Bash+1","Pommel Strike","Impervious","Combust+1","Limit Break+1","Immolate+1","Sword Boomerang","Offering+1","Battle Trance+1","Reaper","Disarm","Disarm","J.A.X.+1","Battle Trance","Feel No Pain","Flame Barrier+1","Metallicize","Demon Form","Headbutt","Shrug It Off","Disarm+1","Shockwave","Armaments+1","Corruption","Evolve"],"special_seed":0,"relics":["Burning Blood","NeowsBlessing","Happy Flower","Ice Cream","Bottled Tornado","Self Forming Clay","Mummified Hand","Tiny Chest","Cursed Key","Anchor","PreservedInsect","Letter Opener","Art of War","Boot","Fusion Hammer","Du-Vu Doll","Mango","Oddly Smooth Stone","Pear","War Paint","Bag of Preparation","Centennial Puzzle"],"potions_floor_usage":[55,56],"damage_taken":[{"damage":0.0,"enemies":"Jaw Worm","floor":1.0,"turns":1.0},{"damage":0.0,"enemies":"Small Slimes","floor":4.0,"turns":1.0},{"damage":0.0,"enemies":"Cultist","floor":5.0,"turns":1.0},{"damage":25.0,"enemies":"3 Sentries","floor":6.0,"turns":6.0},{"damage":10.0,"enemies":"Gremlin Nob","floor":8.0,"turns":4.0},{"damage":3.0,"enemies":"Large Slime","floor":10.0,"turns":3.0},{"damage":7.0,"enemies":"3 Sentries","floor":12.0,"turns":3.0},{"damage":13.0,"enemies":"Exordium Wildlife","floor":14.0,"turns":2.0},{"damage":9.0,"enemies":"Slime Boss","floor":16.0,"turns":4.0},{"damage":17.0,"enemies":"Spheric Guardian","floor":18.0,"turns":3.0},{"damage":42.0,"enemies":"Slavers","floor":23.0,"turns":4.0},{"damage":20.0,"enemies":"Book of Stabbing","floor":28.0,"turns":4.0},{"damage":21.0,"enemies":"Gremlin Leader","floor":30.0,"turns":4.0},{"damage":4.0,"enemies":"2 Thieves","floor":31.0,"turns":3.0},{"damage":38.0,"enemies":"Automaton","floor":33.0,"turns":7.0},{"damage":16.0,"enemies":"3 Shapes","floor":35.0,"turns":4.0},{"damage":37.0,"enemies":"2 Orb Walkers","floor":36.0,"turns":4.0},{"damage":29.0,"enemies":"3 Darklings","floor":39.0,"turns":5.0},{"damage":18.0,"enemies":"Giant Head","floor":40.0,"turns":5.0},{"damage":34.0,"enemies":"Nemesis","floor":42.0,"turns":5.0},{"damage":22.0,"enemies":"Reptomancer","floor":44.0,"turns":5.0},{"damage":22.0,"enemies":"Writhing Mass","floor":45.0,"turns":8.0},{"damage":46.0,"enemies":"Spire Growth","floor":46.0,"turns":5.0},{"damage":26,"enemies":"Nemesis","floor":47,"turns":5},{"damage":56,"enemies":"Donu and Deca","floor":50,"turns":7},{"damage":54,"enemies":"Awakened One","floor":51,"turns":10},{"damage":49,"enemies":"Shield and Spear","floor":55,"turns":5},{"damage":81,"enemies":"The Heart","floor":56,"turns":9}],"seed_played":"-4441991965829564350","potions_obtained":[{"floor":1.0,"key":"SneckoOil"},{"floor":6.0,"key":"AttackPotion"},{"floor":8.0,"key":"Ancient Potion"},{"floor":14.0,"key":"Ancient Potion"},{"floor":18.0,"key":"EntropicBrew"},{"floor":36.0,"key":"AttackPotion"},{"floor":42.0,"key":"Swift Potion"},{"floor":44.0,"key":"Block Potion"}],"is_trial":false,"path_per_floor":["M","?","$","M","M","E","R","E","T","M","R","E","T","M","R","B",null,"M","?","$","T","?","E","R","$","T","R","E","R","E","M","R","B",null,"M","?","T","$","M","E","R","E","T","E","M","M","E","?","R","B","B",null,"R","$","E","B",null],"character_chosen":"IRONCLAD","items_purchased":["Happy Flower","Anchor","Disarm","Shrug It Off","Bag of Preparation","Evolve"],"campfire_rested":3,"item_purchase_floors":[3,20,20,38,54,54],"current_hp_per_floor":[74,63,63,69,75,56,56,52,52,55,55,54,54,47,47,44,67,56,56,56,56,56,29,29,29,29,51,46,46,41,44,44,32,64,69,57,57,57,75,89,89,61,61,90,99,59,60,60,89,97,99,99,99,99,69,30],"gold":110,"neow_bonus":"THREE_ENEMY_KILL","is_prod":false,"is_daily":false,"chose_seed":false,"campfire_upgraded":6,"win_rate":0,"timestamp":1559730139,"path_taken":["M","?","$","M","M","E","R","E","T","M","R","E","?","M","R","BOSS","M","?","$","?","?","E","R","$","T","R","E","R","E","M","R","BOSS","M","?","?","$","M","E","R","E","T","E","M","?","E","?","R","BOSS","BOSS","R","$","E","BOSS"],"build_version":"2019-06-02","purchased_purges":2,"victory":true,"max_hp_per_floor":[75,75,75,75,75,75,75,75,75,75,75,75,75,75,75,75,75,75,75,75,75,75,75,75,75,75,75,75,75,75,75,75,75,75,75,75,75,75,75,89,89,89,89,99,99,99,99,99,99,99,99,99,99,99,99,99],"card_choices":[{"not_picked":["Second Wind","Iron Wave"],"picked":"Pommel Strike","floor":1.0},{"not_picked":["Havoc","Twin Strike"],"picked":"Impervious","floor":4.0},{"not_picked":["Wild Strike","Havoc"],"picked":"Combust","floor":5.0},{"not_picked":["Seeing Red","True Grit"],"picked":"Limit Break","floor":6.0},{"not_picked":["Flex","Body Slam"],"picked":"Immolate","floor":8.0},{"not_picked":["Flex","Anger"],"picked":"Sword Boomerang","floor":10.0},{"not_picked":["Armaments","Hemokinesis"],"picked":"Offering","floor":12.0},{"not_picked":["Sword Boomerang","Cleave"],"picked":"Battle Trance","floor":14.0},{"not_picked":["Double Tap","Dark Embrace"],"picked":"Reaper","floor":16.0},{"not_picked":["Havoc","Ghostly Armor"],"picked":"Disarm","floor":18.0},{"not_picked":["Perfected Strike+1","Clash"],"picked":"Battle Trance","floor":23.0},{"not_picked":["Thunderclap","Dark Embrace"],"picked":"Feel No Pain","floor":28.0},{"not_picked":["Sentinel","Intimidate"],"picked":"Flame Barrier+1","floor":30.0},{"not_picked":["Clash","Intimidate"],"picked":"Metallicize","floor":31.0},{"not_picked":["Immolate","Bludgeon"],"picked":"Demon Form","floor":33.0},{"not_picked":["Sword Boomerang+1","Infernal Blade+1","Inflame"],"picked":"SKIP","floor":35.0},{"not_picked":["Armaments","Warcry"],"picked":"Headbutt","floor":36.0},{"not_picked":["Havoc","Wild Strike","Flex"],"picked":"SKIP","floor":39.0},{"not_picked":["Bloodletting","Demon Form"],"picked":"Disarm+1","floor":40.0},{"not_picked":["Sentinel+1","Wild Strike+1","Spot Weakness"],"picked":"SKIP","floor":42.0},{"not_picked":["Warcry","Shrug It Off"],"picked":"Shockwave","floor":44.0},{"not_picked":["Clash","Second Wind+1"],"picked":"Armaments+1","floor":45.0},{"not_picked":["Iron Wave+1","Spot Weakness"],"picked":"Corruption","floor":46.0},{"not_picked":["Wild Strike","Seeing Red","Sword Boomerang"],"picked":"SKIP","floor":47},{"not_picked":["Havoc","Carnage","Metallicize"],"picked":"SKIP","floor":55}],"player_experience":1297299,"relics_obtained":[{"floor":6.0,"key":"Ice Cream"},{"floor":8.0,"key":"Bottled Tornado"},{"floor":9.0,"key":"Self Forming Clay"},{"floor":12.0,"key":"Mummified Hand"},{"floor":13.0,"key":"Tiny Chest"},{"floor":21.0,"key":"PreservedInsect"},{"floor":23.0,"key":"Letter Opener"},{"floor":28.0,"key":"Art of War"},{"floor":30.0,"key":"Boot"},{"floor":36.0,"key":"Du-Vu Doll"},{"floor":40.0,"key":"Mango"},{"floor":42.0,"key":"Oddly Smooth Stone"},{"floor":44.0,"key":"Pear"},{"floor":47,"key":"War Paint"},{"floor":55,"key":"Centennial Puzzle"}],"event_choices":[{"damage_healed":0.0,"max_hp_gain":0.0,"max_hp_loss":0.0,"gold_gain":75.0,"event_name":"World of Goop","player_choice":"Gather Gold","floor":2.0,"gold_loss":0.0,"damage_taken":11.0},{"damage_healed":0.0,"max_hp_gain":0.0,"max_hp_loss":0.0,"gold_gain":0.0,"event_name":"Designer","player_choice":"Upgraded Two","floor":19.0,"gold_loss":50.0,"damage_taken":0.0,"cards_upgraded":["Strike_R","Defend_R"]},{"damage_healed":0.0,"max_hp_gain":0.0,"max_hp_loss":0.0,"gold_gain":0.0,"event_name":"Drug Dealer","player_choice":"Obtain J.A.X.","floor":22.0,"gold_loss":0.0,"damage_taken":0.0,"cards_obtained":["J.A.X."]},{"damage_healed":0.0,"max_hp_gain":0.0,"max_hp_loss":0.0,"gold_gain":0.0,"event_name":"Mysterious Sphere","player_choice":"Fight","floor":36.0,"gold_loss":0.0,"damage_taken":0.0},{"damage_healed":0,"gold_gain":0,"player_choice":"Ignored","damage_taken":0,"max_hp_gain":0,"max_hp_loss":0,"event_name":"SecretPortal","floor":48,"gold_loss":0}],"is_beta":true,"boss_relics":[{"not_picked":["Eternal Feather","Calling Bell"],"picked":"Cursed Key"},{"not_picked":["Black Star","White Beast Statue"],"picked":"Fusion Hammer"}],"items_purged_floors":[25,38],"is_endless":false,"potions_floor_spawned":[1,6,8,14,18,30,33,36,42,44,46],"ascension_level":20}