{"gold_per_floor":[114,131,131,143,14,14,34,46,46,79,98,125,125,125,125,227,227,243,260,260,278,311,311,325,357,357,468,11,21,21,31,31,133,133,151,373,388,402,402],"floor_reached":39,"playtime":3823,"items_purged":["Strike_G"],"score":415,"play_id":"716acf3a-5922-49e6-a48d-1234df1e4929","local_time":"20181105211054","is_ascension_mode":false,"campfire_choices":[{"data":"Noxious Fumes","floor":6.0,"key":"SMITH"},{"floor":13.0,"key":"REST"},{"floor":15.0,"key":"REST"},{"floor":23,"key":"REST"},{"floor":30,"key":"REST"},{"data":"Crippling Poison","floor":32,"key":"SMITH"}],"neow_cost":"NONE","seed_source_timestamp":0,"circlet_count":0,"master_deck":["Defend_G","Defend_G","Defend_G","Defend_G","Defend_G","Strike_G+1","Strike_G","Strike_G+1","Survivor","Neutralize","Escape Plan","Footwork","Distraction","Choke","Noxious Fumes+1","Backflip","Bullet Time","Deflect","Flying Knee","After Image","Dagger Spray+1","Well Laid Plans","Endless Agony","Outmaneuver","All Out Attack","Crippling Poison+1","Dash","Envenom","Flying Knee","Backflip+1","Noxious Fumes+1","Parasite"],"special_seed":0,"relics":["Ring of the Snake","Darkstone Periapt","Letter Opener","Regal Pillow","Busted Crown","Red Mask","Happy Flower","MawBank","Whetstone","Sozu"],"potions_floor_usage":[22,24,25,33,33],"damage_taken":[{"damage":0.0,"enemies":"2 Louse","floor":1.0,"turns":2.0},{"damage":0.0,"enemies":"Cultist","floor":2.0,"turns":5.0},{"damage":6.0,"enemies":"Small Slimes","floor":4.0,"turns":4.0},{"damage":11.0,"enemies":"Blue Slaver","floor":7.0,"turns":4.0},{"damage":6.0,"enemies":"2 Fungi Beasts","floor":8.0,"turns":4.0},{"damage":19.0,"enemies":"Gremlin Nob","floor":10.0,"turns":5.0},{"damage":0.0,"enemies":"3 Louse","floor":11.0,"turns":4.0},{"damage":17.0,"enemies":"3 Sentries","floor":12.0,"turns":8.0},{"damage":46.0,"enemies":"Slime Boss","floor":16.0,"turns":12.0},{"damage":0,"enemies":"3 Byrds","floor":18,"turns":4},{"damage":7,"enemies":"2 Thieves","floor":19,"turns":4},{"damage":11,"enemies":"Snake Plant","floor":21,"turns":4},{"damage":27,"enemies":"Masked Bandits","floor":22,"turns":6},{"damage":5,"enemies":"Cultist and Chosen","floor":24,"turns":6},{"damage":18,"enemies":"Book of Stabbing","floor":25,"turns":6},{"damage":6,"enemies":"Centurion and Healer","floor":29,"turns":7},{"damage":9,"enemies":"Snecko","floor":31,"turns":6},{"damage":32,"enemies":"Collector","floor":33,"turns":9},{"damage":17,"enemies":"Orb Walker","floor":35,"turns":5},{"damage":1,"enemies":"3 Shapes","floor":37,"turns":3},{"damage":28,"enemies":"Sphere and 2 Shapes","floor":38,"turns":6},{"damage":35,"enemies":"Writhing Mass","floor":39,"turns":6}],"seed_played":"-8228540612078796450","potions_obtained":[{"floor":7.0,"key":"Swift Potion"},{"floor":10.0,"key":"Poison Potion"},{"floor":11.0,"key":"Energy Potion"},{"floor":16.0,"key":"Block Potion"},{"floor":21,"key":"PowerPotion"},{"floor":24,"key":"SpeedPotion"},{"floor":25,"key":"Poison Potion"}],"is_trial":false,"path_per_floor":["M","M","?","M","$","R","M","M","T","E","M","E","R","?","R","B",null,"M","M","?","M","?","R","M","E","T","?","$","M","R","M","R","B",null,"M","?","M","M","M"],"character_chosen":"THE_SILENT","items_purchased":["Noxious Fumes","Backflip","All Out Attack","Crippling Poison","Dash","Whetstone","SpeedPotion"],"campfire_rested":4,"item_purchase_floors":[5,5,28,28,28,28,28],"current_hp_per_floor":[70,70,70,64,64,64,53,47,47,28,28,11,47,47,70,24,70,70,63,63,52,25,61,56,38,38,38,38,32,68,59,59,27,70,53,53,52,24,0],"gold":402,"neow_bonus":"TRANSFORM_CARD","is_prod":false,"is_daily":false,"chose_seed":false,"campfire_upgraded":2,"win_rate":0.0,"timestamp":1541448654,"path_taken":["M","M","?","?","$","R","M","M","T","E","M","E","R","?","R","BOSS","M","M","?","M","?","R","M","E","T","?","$","M","R","M","R","BOSS","M","?","M","M","M"],"build_version":"2018-11-02","purchased_purges":1,"victory":false,"max_hp_per_floor":[70,70,70,70,70,70,70,70,70,70,70,70,70,70,70,70,70,70,70,70,70,70,70,70,70,70,70,70,70,70,70,70,70,70,70,70,70,70,76],"card_choices":[{"not_picked":["PiercingWail","Poisoned Stab"],"picked":"Footwork","floor":1.0},{"not_picked":["Reflex","Backflip"],"picked":"Distraction","floor":2.0},{"not_picked":["Sucker Punch","Leg Sweep"],"picked":"Choke","floor":4.0},{"not_picked":["Dagger Throw","Backflip","Dodge and Roll"],"picked":"SKIP","floor":7.0},{"not_picked":["Sucker Punch","Dagger Spray","Backflip"],"picked":"SKIP","floor":8.0},{"not_picked":["Deadly Poison","Terror"],"picked":"Bullet Time","floor":10.0},{"not_picked":["Leg Sweep","Distraction"],"picked":"Deflect","floor":11.0},{"not_picked":["Dash","Blur"],"picked":"Flying Knee","floor":12.0},{"not_picked":["A Thousand Cuts","Die Die Die"],"picked":"After Image","floor":16.0},{"not_picked":[],"picked":"Dagger Spray+1","floor":18},{"not_picked":["Infinite Blades+1"],"picked":"SKIP","floor":19},{"not_picked":[],"picked":"Endless Agony","floor":21},{"not_picked":[],"picked":"Outmaneuver","floor":22},{"not_picked":["Slice"],"picked":"SKIP","floor":24},{"not_picked":["Dagger Throw"],"picked":"SKIP","floor":25},{"not_picked":["Blade Dance"],"picked":"SKIP","floor":29},{"not_picked":["Riddle With Holes"],"picked":"SKIP","floor":31},{"not_picked":[],"picked":"Envenom","floor":33},{"not_picked":[],"picked":"Flying Knee","floor":35},{"not_picked":[],"picked":"Backflip+1","floor":37},{"not_picked":[],"picked":"Noxious Fumes+1","floor":38}],"player_experience":9381,"relics_obtained":[{"floor":9.0,"key":"Darkstone Periapt"},{"floor":10.0,"key":"Letter Opener"},{"floor":12.0,"key":"Regal Pillow"},{"floor":22,"key":"Red Mask"},{"floor":25,"key":"Happy Flower"},{"floor":26,"key":"MawBank"}],"event_choices":[{"damage_healed":0.0,"max_hp_gain":0.0,"max_hp_loss":0.0,"gold_gain":0.0,"event_name":"Lab","player_choice":"Got Potions","floor":3.0,"gold_loss":0.0,"damage_taken":0.0},{"damage_healed":0.0,"max_hp_gain":0.0,"max_hp_loss":0.0,"gold_gain":0.0,"event_name":"Dead Adventurer","player_choice":"Searched \u00270\u0027 times","floor":14.0,"gold_loss":0.0,"damage_taken":0.0},{"damage_healed":0,"gold_gain":0,"player_choice":"Read","damage_taken":0,"max_hp_gain":0,"max_hp_loss":0,"event_name":"The Library","floor":20,"gold_loss":0,"cards_obtained":["Well Laid Plans"]},{"damage_healed":0,"gold_gain":0,"player_choice":"Fought Bandits","damage_taken":0,"max_hp_gain":0,"max_hp_loss":0,"event_name":"Masked Bandits","floor":22,"gold_loss":0},{"damage_healed":0,"gold_gain":99,"player_choice":"Stole From Cult","damage_taken":0,"max_hp_gain":0,"max_hp_loss":0,"event_name":"Nest","floor":27,"gold_loss":0},{"damage_healed":0,"gold_gain":222,"player_choice":"Wore Mask","damage_taken":0,"max_hp_gain":0,"max_hp_loss":0,"event_name":"Tomb of Lord Red Mask","floor":36,"gold_loss":0}],"is_beta":true,"boss_relics":[{"not_picked":["Runic Dome","Orrery"],"picked":"Busted Crown"},{"not_picked":["Eternal Feather","Lizard Tail"],"picked":"Sozu"}],"items_purged_floors":[28],"is_endless":false,"potions_floor_spawned":[7,10,11,16,21,24,25,35],"killed_by":"Writhing Mass","ascension_level":0}