{"gold_per_floor":[119,119,135,154,154,154,166,200,224,18,18],"floor_reached":11,"playtime":342,"items_purged":[],"score":146,"play_id":"a6bb868e-2f28-4a9a-8087-5284a9ad25df","local_time":"20181225144710","is_ascension_mode":true,"campfire_choices":[{"data":"Lockon","floor":6,"key":"SMITH"}],"neow_cost":"NONE","seed_source_timestamp":8253874466865157,"circlet_count":0,"master_deck":["AscendersBane","Strike_B","Strike_B","Strike_B","Strike_B","Defend_B","Defend_B","Defend_B","Defend_B+1","Zap+1","Dualcast","Sweeping Beam+1","Lockon+1","Ball Lightning","Coolheaded","Cold Snap","Doom and Gloom"],"relics":["Cracked Core","Strawberry","Happy Flower","Pen Nib","Oddly Smooth Stone"],"potions_floor_usage":[8],"damage_taken":[{"damage":2,"enemies":"Jaw Worm","floor":1,"turns":3},{"damage":0,"enemies":"2 Louse","floor":3,"turns":2},{"damage":0,"enemies":"Cultist","floor":4,"turns":2},{"damage":3,"enemies":"Blue Slaver","floor":7,"turns":2},{"damage":13,"enemies":"Lagavulin","floor":8,"turns":7},{"damage":30,"enemies":"Gremlin Nob","floor":11,"turns":3}],"seed_played":"660746238124191175","potions_obtained":[{"floor":3,"key":"Dexterity Potion"},{"floor":4,"key":"Strength Potion"}],"is_trial":false,"path_per_floor":["M","?","M","M","?","R","M","E","T","$","E"],"character_chosen":"DEFECT","items_purchased":["Doom and Gloom","Oddly Smooth Stone"],"campfire_rested":0,"item_purchase_floors":[10,10],"current_hp_per_floor":[69,46,46,46,46,46,43,30,30,30,0],"gold":18,"neow_bonus":"RANDOM_COMMON_RELIC","is_prod":false,"is_daily":false,"chose_seed":false,"campfire_upgraded":1,"win_rate":0,"timestamp":1545778030,"path_taken":["M","?","M","M","?","R","M","E","T","$","E"],"build_version":"2018-12-20","purchased_purges":0,"victory":false,"max_hp_per_floor":[78,78,78,78,78,78,78,78,78,78,78],"card_choices":[{"not_picked":["Recycle","Go for the Eyes"],"picked":"Sweeping Beam","floor":1},{"not_picked":["Storm","Coolheaded"],"picked":"Lockon","floor":3},{"not_picked":["Streamline","Go for the Eyes"],"picked":"Ball Lightning","floor":4},{"not_picked":["Ball Lightning","Leap"],"picked":"Coolheaded","floor":7},{"not_picked":["Streamline","Conserve Battery"],"picked":"Cold Snap","floor":8}],"player_experience":1144331,"relics_obtained":[{"floor":8,"key":"Happy Flower"},{"floor":9,"key":"Pen Nib"}],"event_choices":[{"damage_healed":0,"gold_gain":0,"player_choice":"Entered Light","damage_taken":23,"max_hp_gain":0,"max_hp_loss":0,"event_name":"Shining Light","floor":2,"gold_loss":0,"cards_upgraded":["Sweeping Beam","Defend_B"]},{"damage_healed":0,"gold_gain":0,"player_choice":"Forge","damage_taken":0,"max_hp_gain":0,"max_hp_loss":0,"event_name":"Accursed Blacksmith","floor":5,"gold_loss":0,"cards_upgraded":["Zap"]}],"is_beta":true,"boss_relics":[],"items_purged_floors":[],"is_endless":false,"potions_floor_spawned":[3,4],"killed_by":"Gremlin Nob","ascension_level":20}