{"gold_per_floor":[216,37,57,77,89,89,124,140,195,226,226,240,12,12,12,140,140,154,175,193,212,262],"floor_reached":22,"playtime":1887,"items_purged":["Strike_R"],"score":290,"play_id":"901ff42c-e10b-49c7-ab1d-f399a39a14b6","local_time":"20190526030939","is_ascension_mode":true,"campfire_choices":[{"data":"Immolate","floor":6.0,"key":"SMITH"}],"neow_cost":"NONE","seed_source_timestamp":40288957953200,"circlet_count":0,"master_deck":["Strike_R","Strike_R","Strike_R+1","Strike_R+1","Defend_R","Defend_R","Defend_R","Defend_R","Bash","Flame Barrier","Immolate+1","hubris:CleavingFinish","conspire:ExplosiveBarrier+1","Ghostly Armor","Anger","Limit Break","Rupture","ReplayTheSpireMod:Muscle Training","Self Repair+1","Cold Snap","Injury","Hemogenesis","Cleave+1","hubris:ReadiedAction","hubris:SharpeningStone"],"special_seed":0,"relics":["Whetstone","Replay:Wax Seal","Oddly Smooth Stone","Iron Core","PreservedInsect","Golden Idol","Runic Pyramid"],"potions_floor_usage":[16,16],"damage_taken":[{"damage":7.0,"enemies":"Jaw Worm","floor":1.0,"turns":3.0},{"damage":3.0,"enemies":"2 Louse","floor":3.0,"turns":3.0},{"damage":6.0,"enemies":"conspire:RoseBush","floor":4.0,"turns":2.0},{"damage":24.0,"enemies":"Large Slime","floor":5.0,"turns":7.0},{"damage":21.0,"enemies":"Erikyupuro","floor":7.0,"turns":5.0},{"damage":9.0,"enemies":"Red Slaver","floor":8.0,"turns":2.0},{"damage":24.0,"enemies":"Gremlin Nob","floor":10.0,"turns":4.0},{"damage":8.0,"enemies":"2 Fungi Beasts","floor":12.0,"turns":4.0},{"damage":11,"enemies":"Fading Forest","floor":16,"turns":11},{"damage":27,"enemies":"theJungle:GiantWrat","floor":18,"turns":6},{"damage":15,"enemies":"theJungle:Flameango_and_Byrd","floor":19,"turns":6},{"damage":30,"enemies":"Snake Plant","floor":20,"turns":3},{"damage":46,"enemies":"theJungle:SlimyTreeVines","floor":21,"turns":9}],"seed_played":"-7802762070029545093","potions_obtained":[{"floor":4.0,"key":"Adrenaline Potion"},{"floor":7.0,"key":"Cursed Concoction"},{"floor":8.0,"key":"Venom Potion"},{"floor":10.0,"key":"Fire Potion"},{"floor":16,"key":"Elixir"},{"floor":21,"key":"AttackPotion"}],"is_trial":false,"path_per_floor":["M","$","M","M","M","R","E","M","T","E","?","M","$","?","R_BF","B",null,"M","M","M","M","?"],"character_chosen":"IRONCLAD","items_purchased":["Immolate","hubris:CleavingFinish","PreservedInsect"],"campfire_rested":0,"item_purchase_floors":[2,2,13],"current_hp_per_floor":[71,71,74,74,56,56,41,38,38,20,20,22,22,22,46,53,73,65,60,30,11,0],"gold":262,"neow_bonus":"HUNDRED_GOLD","is_prod":false,"is_daily":false,"chose_seed":false,"campfire_upgraded":1,"win_rate":0,"timestamp":1558865379,"path_taken":["M","$","M","M","M","R","E","M","T","E","?","M","$","?","R_BF","BOSS","M","M","M","M","?"],"build_version":"2019-01-23","purchased_purges":1,"victory":false,"max_hp_per_floor":[80,80,80,80,80,80,80,80,80,80,80,80,80,80,80,80,80,80,80,80,80,80],"card_choices":[{"not_picked":["Wild Strike","ReplayTheSpireMod:Muscle Training"],"picked":"Flame Barrier","floor":1.0},{"not_picked":["Headbutt","Pommel Strike"],"picked":"conspire:ExplosiveBarrier","floor":3.0},{"not_picked":["Wild Strike","Pommel Strike"],"picked":"Ghostly Armor","floor":4.0},{"not_picked":["Massacre","Perfected Strike"],"picked":"Anger","floor":5.0},{"not_picked":["Flex","Thunderclap"],"picked":"Limit Break","floor":7.0},{"not_picked":["Dropkick","hubris:ReadiedAction"],"picked":"Rupture","floor":8.0},{"not_picked":["Sever Soul","Run Through"],"picked":"ReplayTheSpireMod:Muscle Training","floor":10.0},{"not_picked":["Anger","Dual Wield"],"picked":"Cold Snap","floor":12.0},{"not_picked":["Double Tap","Berserk"],"picked":"Hemogenesis","floor":16},{"not_picked":["Warcry","True Grit"],"picked":"Cleave+1","floor":18},{"not_picked":["ReplayTheSpireMod:Strike From Hell","Wild Strike","Replay:Undeath\u0027s Touch"],"picked":"SKIP","floor":19},{"not_picked":["Clash","Thunderclap"],"picked":"hubris:ReadiedAction","floor":20},{"not_picked":["ReplayTheSpireMod:Stacked","Shrug It Off+1"],"picked":"hubris:SharpeningStone","floor":21}],"player_experience":1235497,"relics_obtained":[{"floor":7.0,"key":"Whetstone"},{"floor":9.0,"key":"Replay:Wax Seal"},{"floor":10.0,"key":"Oddly Smooth Stone"}],"event_choices":[{"damage_healed":0.0,"max_hp_gain":0.0,"max_hp_loss":0.0,"gold_gain":0.0,"event_name":"Golden Idol","player_choice":"Take Wound","floor":14.0,"gold_loss":0.0,"damage_taken":0.0,"relics_obtained":["Golden Idol"],"cards_obtained":["Injury"]}],"is_beta":false,"boss_relics":[{"not_picked":["Tiny House","halation:SmartPhone"],"picked":"Runic Pyramid"}],"items_purged_floors":[13],"is_endless":false,"potions_floor_spawned":[4,7,8,10,16,21],"ascension_level":9}