{"gold_per_floor":[109,125,300,250,264,292,292,317,341,341,341,351,376,388,388,485,485,485,485,279,279,279,279],"floor_reached":23,"playtime":1924,"items_purged":["Strike_G"],"score":230,"play_id":"fdbb85a1-a2a8-4adc-8ecb-0a6a0cea8d88","local_time":"20190912233624","is_ascension_mode":true,"campfire_choices":[{"floor":7,"key":"RECALL"},{"floor":10,"key":"REST"},{"floor":15,"key":"REST"}],"neow_cost":"NONE","seed_source_timestamp":42984558396600,"circlet_count":0,"master_deck":["Strike_G","Strike_G","Strike_G","Strike_G","Defend_G","Defend_G","Defend_G","Defend_G","Survivor","Neutralize","All Out Attack","Dagger Throw","Acrobatics","Cloak And Dagger","Calculated Gamble","Prepared","Terror","Cloak And Dagger","Storm of Steel","Unload","Heel Hook+1"],"relics":["Fusion Hammer","TungstenRod","Potion Belt","Smiling Mask","Lizard Tail","Ectoplasm"],"potions_floor_usage":[16,16,16],"damage_taken":[{"damage":0,"enemies":"Cultist","floor":1,"turns":4},{"damage":0,"enemies":"2 Louse","floor":2,"turns":4},{"damage":0,"enemies":"Small Slimes","floor":5,"turns":2},{"damage":12,"enemies":"3 Sentries","floor":6,"turns":7},{"damage":41,"enemies":"Lagavulin","floor":8,"turns":10},{"damage":0,"enemies":"Exordium Thugs","floor":12,"turns":3},{"damage":32,"enemies":"Gremlin Nob","floor":13,"turns":5},{"damage":0,"enemies":"Blue Slaver","floor":14,"turns":3},{"damage":14,"enemies":"The Guardian","floor":16,"turns":14},{"damage":12,"enemies":"Chosen","floor":18,"turns":5},{"damage":16,"enemies":"Spheric Guardian","floor":22,"turns":4},{"damage":70,"enemies":"Book of Stabbing","floor":23,"turns":8}],"seed_played":"-287792205274476502","potions_obtained":[{"floor":1,"key":"Energy Potion"},{"floor":8,"key":"LiquidBronze"},{"floor":13,"key":"Block Potion"}],"is_trial":false,"path_per_floor":["M","M","?","?","M","E","R","E","T","R","?","M","E","M","R","B",null,"M","?","$","?","M","E"],"character_chosen":"THE_SILENT","items_purchased":["Unload"],"campfire_rested":2,"item_purchase_floors":[20],"current_hp_per_floor":[70,70,70,70,70,58,58,17,17,38,61,61,29,29,50,36,70,58,46,46,46,30,0],"gold":279,"neow_bonus":"BOSS_RELIC","is_prod":false,"is_daily":false,"chose_seed":false,"campfire_upgraded":0,"win_rate":0,"timestamp":1568302584,"path_taken":["M","M","?","?","M","E","R","E","T","R","?","M","E","M","R","BOSS","M","?","$","?","M","E"],"build_version":"2019-09-11v2","purchased_purges":1,"victory":false,"max_hp_per_floor":[70,70,70,70,70,70,70,70,70,70,70,70,70,70,70,70,70,70,75,75,75,75,75],"card_choices":[{"not_picked":["PiercingWail","Deadly Poison"],"picked":"All Out Attack","floor":1},{"not_picked":["Flying Knee","Outmaneuver"],"picked":"Dagger Throw","floor":2},{"not_picked":["Quick Slash","Flying Knee"],"picked":"Acrobatics","floor":5},{"not_picked":["Leg Sweep","Dodge and Roll"],"picked":"Cloak And Dagger","floor":6},{"not_picked":["Dash","Deadly Poison"],"picked":"Calculated Gamble","floor":8},{"not_picked":["Skewer","Slice"],"picked":"Prepared","floor":12},{"not_picked":["Escape Plan","Envenom"],"picked":"Terror","floor":13},{"not_picked":["Backflip","Poisoned Stab"],"picked":"Cloak And Dagger","floor":14},{"not_picked":["Corpse Explosion","Wraith Form v2"],"picked":"Storm of Steel","floor":16},{"not_picked":["Acrobatics","Deadly Poison","PiercingWail"],"picked":"SKIP","floor":18},{"not_picked":["Bane+1","Quick Slash"],"picked":"Heel Hook+1","floor":22}],"player_experience":135377,"relics_obtained":[{"floor":6,"key":"TungstenRod"},{"floor":8,"key":"Potion Belt"},{"floor":9,"key":"Smiling Mask"},{"floor":13,"key":"Lizard Tail"}],"event_choices":[{"damage_healed":0,"gold_gain":175,"player_choice":"AGREE","damage_taken":0,"max_hp_gain":0,"max_hp_loss":0,"event_name":"Liars Game","floor":3,"gold_loss":0,"cards_obtained":["Doubt"]},{"cards_removed":["Doubt"],"damage_healed":0,"gold_gain":0,"player_choice":"Card Removal","damage_taken":0,"max_hp_gain":0,"max_hp_loss":0,"event_name":"The Cleric","floor":4,"gold_loss":50},{"damage_healed":23,"gold_gain":0,"player_choice":"Banana","damage_taken":0,"max_hp_gain":0,"max_hp_loss":0,"event_name":"Big Fish","floor":11,"gold_loss":0},{"damage_healed":0,"gold_gain":0,"player_choice":"Shed Blood","damage_taken":18,"max_hp_gain":5,"max_hp_loss":0,"event_name":"Forgotten Altar","floor":19,"gold_loss":0},{"cards_removed":["Defend_G"],"damage_healed":0,"gold_gain":0,"player_choice":"Elegance","damage_taken":0,"max_hp_gain":0,"max_hp_loss":0,"event_name":"Back to Basics","floor":21,"gold_loss":0}],"is_beta":true,"boss_relics":[{"not_picked":["Snecko Eye","Runic Dome"],"picked":"Ectoplasm"}],"items_purged_floors":[20],"is_endless":false,"potions_floor_spawned":[1,8,13],"killed_by":"Book of Stabbing","ascension_level":2}