{"gold_per_floor":[11,30,46,58,58,58,97,97,124,124,137,162,162,195,195,323,323,339,364,87,87],"floor_reached":21,"playtime":1945,"items_purged":["Defend_G"],"score":210,"play_id":"67520138-d4b9-4999-a571-75ee46f84066","local_time":"20190312231110","is_ascension_mode":true,"campfire_choices":[{"data":"Envenom","floor":6,"key":"SMITH"},{"data":"Neutralize","floor":10,"key":"SMITH"},{"floor":15,"key":"REST"}],"neow_cost":"NO_GOLD","seed_source_timestamp":243743901597494,"circlet_count":0,"master_deck":["Defend_G","Defend_G","Defend_G","Defend_G","Strike_G","Strike_G","Strike_G","Strike_G","Strike_G","Survivor","Neutralize+1","Envenom+1","Infinite Blades","Endless Agony","Backflip","Acrobatics","Deflect","PiercingWail","Noxious Fumes","Dagger Spray","PiercingWail","Backstab+1","Blur","Dodge and Roll"],"relics":["Ring of the Snake","Golden Idol","Happy Flower","PreservedInsect","Oddly Smooth Stone","Boot","WristBlade"],"potions_floor_usage":[3,4,12,16,19,21,21],"damage_taken":[{"damage":7,"enemies":"Cultist","floor":1,"turns":5},{"damage":8,"enemies":"Small Slimes","floor":2,"turns":4},{"damage":0,"enemies":"Jaw Worm","floor":3,"turns":3},{"damage":5,"enemies":"2 Fungi Beasts","floor":4,"turns":5},{"damage":8,"enemies":"Lagavulin","floor":7,"turns":7},{"damage":13,"enemies":"3 Louse","floor":11,"turns":4},{"damage":11,"enemies":"Lots of Slimes","floor":12,"turns":5},{"damage":10,"enemies":"3 Sentries","floor":14,"turns":5},{"damage":9,"enemies":"Hexaghost","floor":16,"turns":7},{"damage":33,"enemies":"2 Thieves","floor":18,"turns":4},{"damage":30,"enemies":"Shell Parasite","floor":19,"turns":7},{"damage":4,"enemies":"3 Cultists","floor":21,"turns":3}],"seed_played":"2251051609006104557","potions_obtained":[{"floor":2,"key":"AttackPotion"},{"floor":3,"key":"SkillPotion"},{"floor":7,"key":"Ancient Potion"},{"floor":14,"key":"Strength Potion"},{"floor":16,"key":"Swift Potion"}],"is_trial":false,"path_per_floor":["M","M","M","M","?","R","E","?","T","R","M","M","?","E","R","B",null,"M","M","$","M"],"character_chosen":"THE_SILENT","items_purchased":["Blur","Dodge and Roll","AttackPotion","Strength Potion"],"campfire_rested":1,"item_purchase_floors":[20,20,20,20],"current_hp_per_floor":[63,55,55,50,50,50,42,42,42,42,29,18,18,8,27,18,65,32,2,2,0],"gold":87,"neow_bonus":"THREE_RARE_CARDS","is_prod":false,"is_daily":false,"chose_seed":false,"campfire_upgraded":2,"win_rate":0,"timestamp":1552428670,"path_taken":["M","M","M","?","?","R","E","?","T","R","M","?","?","E","R","BOSS","M","M","$","M"],"build_version":"2019-02-06","purchased_purges":1,"victory":false,"max_hp_per_floor":[70,70,70,70,65,65,65,65,65,65,65,65,65,65,65,65,65,65,65,65,65],"card_choices":[{"not_picked":["Malaise","Night Terror"],"picked":"Envenom","floor":0},{"not_picked":["Underhanded Strike","Masterful Stab"],"picked":"Infinite Blades","floor":1},{"not_picked":["Sucker Punch","Eviscerate"],"picked":"Endless Agony","floor":2},{"not_picked":["Distraction","Slice"],"picked":"Backflip","floor":3},{"not_picked":["Quick Slash","Reflex"],"picked":"Acrobatics","floor":4},{"not_picked":["Poisoned Stab","Calculated Gamble"],"picked":"Deflect","floor":7},{"not_picked":["Bullet Time","Blade Dance"],"picked":"PiercingWail","floor":11},{"not_picked":["Choke","Quick Slash"],"picked":"Noxious Fumes","floor":12},{"not_picked":["Finisher","Backstab"],"picked":"Dagger Spray","floor":14},{"not_picked":["Escape Plan","Reflex+1"],"picked":"PiercingWail","floor":18},{"not_picked":["Bane","Expertise"],"picked":"Backstab+1","floor":19}],"player_experience":226090,"relics_obtained":[{"floor":7,"key":"Happy Flower"},{"floor":8,"key":"PreservedInsect"},{"floor":9,"key":"Oddly Smooth Stone"},{"floor":14,"key":"Boot"}],"event_choices":[{"damage_healed":0,"gold_gain":0,"player_choice":"Lose Max HP","damage_taken":0,"relics_obtained":["Golden Idol"],"max_hp_gain":0,"max_hp_loss":5,"event_name":"Golden Idol","floor":5,"gold_loss":0},{"damage_healed":0,"gold_gain":0,"player_choice":"Relic","damage_taken":0,"max_hp_gain":0,"max_hp_loss":0,"event_name":"Wheel of Change","floor":8,"gold_loss":0},{"damage_healed":0,"gold_gain":0,"player_choice":"Ignored","damage_taken":0,"max_hp_gain":0,"max_hp_loss":0,"event_name":"Golden Wing","floor":13,"gold_loss":0}],"is_beta":true,"boss_relics":[{"not_picked":["Runic Dome","Calling Bell"],"picked":"WristBlade"}],"items_purged_floors":[20],"is_endless":false,"potions_floor_spawned":[2,3,7,14,16],"killed_by":"3 Cultists","ascension_level":2}