{"gold_per_floor":[217,231,231,241,166,166,201,213,213,241,261,95,95,114,114,191,191,207,226,226,226,244,244,275,275,275,288,315,30,45,65,65,144,144,157,169,169,34,34,34,44,44,113,113,130,230,259,274,274,274],"floor_reached":51,"playtime":4535,"items_purged":["Strike_R","Strike_R"],"score":1520,"play_id":"e7eed082-386a-4533-aad3-b1267325a3eb","local_time":"20190312001701","is_ascension_mode":true,"campfire_choices":[{"data":"Bash","floor":6,"key":"SMITH"},{"floor":13,"key":"REST"},{"data":"Armaments","floor":15,"key":"SMITH"},{"data":"Dark Embrace","floor":23,"key":"SMITH"},{"data":"Shockwave","floor":25,"key":"SMITH"},{"data":"Uppercut","floor":32,"key":"SMITH"},{"floor":40,"key":"REST"},{"floor":42,"key":"REST"},{"data":"Feel No Pain","floor":49,"key":"SMITH"}],"neow_cost":"NONE","seed_source_timestamp":158700135903519,"circlet_count":0,"master_deck":["AscendersBane","Strike_R","Defend_R","Defend_R","Defend_R","Defend_R","Bash+1","Uppercut+1","Corruption","Infernal Blade","Shockwave+1","Dark Embrace+1","Havoc","Armaments+1","Feel No Pain+1","Pommel Strike","Exhume","Entrench","Impervious","Metallicize","Dual Wield+1","Disarm+1","The Bomb+1","Headbutt","Immolate","Body Slam","Iron Wave+1","Madness+1","Madness+1","Shrug It Off+1","Bandage Up+1","Panache","Shrug It Off+1","Shrug It Off+1","Havoc+1","Disarm+1","Clothesline+1"],"relics":["Black Blood","Happy Flower","Sundial","PreservedInsect","Pen Nib","Snecko Eye","Ornamental Fan","Toxic Egg 2","Red Skull","Dodecahedron","Blue Candle","Thread and Needle","Dead Branch"],"potions_floor_usage":[4,8,16,18,28,30,33,35,41,45],"damage_taken":[{"damage":2,"enemies":"2 Louse","floor":1,"turns":3},{"damage":7,"enemies":"Jaw Worm","floor":2,"turns":3},{"damage":4,"enemies":"Cultist","floor":4,"turns":3},{"damage":24,"enemies":"Gremlin Nob","floor":7,"turns":4},{"damage":10,"enemies":"2 Fungi Beasts","floor":8,"turns":3},{"damage":25,"enemies":"3 Sentries","floor":10,"turns":4},{"damage":3,"enemies":"Looter","floor":11,"turns":2},{"damage":0,"enemies":"Large Slime","floor":14,"turns":3},{"damage":27,"enemies":"Hexaghost","floor":16,"turns":8},{"damage":2,"enemies":"Spheric Guardian","floor":18,"turns":3},{"damage":0,"enemies":"Shell Parasite","floor":19,"turns":3},{"damage":0,"enemies":"Cultist and Chosen","floor":22,"turns":4},{"damage":5,"enemies":"Slavers","floor":24,"turns":4},{"damage":0,"enemies":"Chosen and Byrds","floor":27,"turns":5},{"damage":2,"enemies":"Book of Stabbing","floor":28,"turns":2},{"damage":0,"enemies":"Centurion and Healer","floor":30,"turns":5},{"damage":0,"enemies":"Snecko","floor":31,"turns":4},{"damage":44,"enemies":"Champ","floor":33,"turns":8},{"damage":43,"enemies":"3 Darklings","floor":35,"turns":6},{"damage":2,"enemies":"Orb Walker","floor":36,"turns":2},{"damage":28,"enemies":"3 Darklings","floor":41,"turns":4},{"damage":0,"enemies":"Jaw Worm Horde","floor":45,"turns":3},{"damage":0,"enemies":"Mind Bloom Boss Battle","floor":46,"turns":4},{"damage":0,"enemies":"Giant Head","floor":47,"turns":4},{"damage":0,"enemies":"Sphere and 2 Shapes","floor":48,"turns":4},{"damage":15,"enemies":"Donu and Deca","floor":50,"turns":3}],"seed_played":"2723453230897711346","potions_obtained":[{"floor":1,"key":"GamblersBrew"},{"floor":4,"key":"Regen Potion"},{"floor":10,"key":"Strength Potion"},{"floor":14,"key":"Swift Potion"},{"floor":16,"key":"SpeedPotion"},{"floor":18,"key":"EssenceOfSteel"},{"floor":22,"key":"Weak Potion"},{"floor":27,"key":"Energy Potion"},{"floor":28,"key":"EssenceOfSteel"},{"floor":33,"key":"FearPotion"},{"floor":35,"key":"Strength Potion"},{"floor":41,"key":"SneckoOil"},{"floor":48,"key":"Regen Potion"}],"is_trial":false,"path_per_floor":["M","M","?","M","?","R","E","M","T","E","M","$","R","M","R","B",null,"M","M","?","?","M","R","E","R","T","M","E","$","M","M","R","B",null,"M","M","?","$","?","R","M","R","T","?","M","?","E","M","R","B",null],"character_chosen":"IRONCLAD","items_purchased":["Armaments","Feel No Pain","The Bomb+1","Shrug It Off+1","Bandage Up+1"],"campfire_rested":3,"item_purchase_floors":[12,12,29,38,38],"current_hp_per_floor":[72,71,60,62,62,62,44,49,49,30,33,33,55,61,61,40,66,70,75,75,75,75,75,75,75,75,75,75,75,75,75,75,37,66,33,41,27,27,27,49,37,59,59,59,75,75,75,75,75,70],"gold":274,"neow_bonus":"HUNDRED_GOLD","is_prod":false,"is_daily":false,"chose_seed":false,"campfire_upgraded":6,"win_rate":0,"timestamp":1552346221,"path_taken":["M","M","?","M","?","R","E","M","T","E","M","$","R","M","R","BOSS","M","M","?","?","?","R","E","R","T","M","E","$","M","M","R","BOSS","M","M","?","$","?","R","M","R","T","?","?","?","E","M","R","BOSS"],"build_version":"2019-02-06","purchased_purges":2,"victory":true,"max_hp_per_floor":[75,75,75,75,75,75,75,75,75,75,75,75,75,75,75,75,75,75,75,75,75,75,75,75,75,75,75,75,75,75,75,75,75,75,75,75,75,75,75,75,75,75,75,75,75,75,75,75,75,75],"card_choices":[{"not_picked":["Bloodletting","Havoc"],"picked":"Uppercut","floor":1},{"not_picked":["Body Slam","Heavy Blade"],"picked":"Corruption","floor":2},{"not_picked":["Thunderclap","Wild Strike","Perfected Strike"],"picked":"SKIP","floor":4},{"not_picked":["Headbutt","Warcry"],"picked":"Infernal Blade","floor":7},{"not_picked":["Bloodletting","True Grit"],"picked":"Shockwave","floor":8},{"not_picked":["Bloodletting","Sever Soul"],"picked":"Dark Embrace","floor":10},{"not_picked":["Rupture","Twin Strike"],"picked":"Havoc","floor":11},{"not_picked":["Warcry","Uppercut"],"picked":"Pommel Strike","floor":14},{"not_picked":["Brutality","Juggernaut"],"picked":"Exhume","floor":16},{"not_picked":["Havoc","Perfected Strike+1","Thunderclap"],"picked":"SKIP","floor":18},{"not_picked":["Pummel","Iron Wave"],"picked":"Entrench","floor":19},{"not_picked":["Cleave+1","Evolve+1"],"picked":"Impervious","floor":22},{"not_picked":["True Grit","Iron Wave"],"picked":"Metallicize","floor":24},{"not_picked":["Dropkick","Headbutt"],"picked":"Dual Wield+1","floor":27},{"not_picked":["Blood for Blood","Heavy Blade+1"],"picked":"Disarm+1","floor":28},{"not_picked":["Anger+1","Heavy Blade"],"picked":"Headbutt","floor":30},{"not_picked":["Clash","Perfected Strike","Sword Boomerang"],"picked":"SKIP","floor":31},{"not_picked":["Reaper","Limit Break+1"],"picked":"Immolate","floor":33},{"not_picked":["Wild Strike","Perfected Strike"],"picked":"Body Slam","floor":35},{"not_picked":["Thunderclap","Reckless Charge"],"picked":"Iron Wave+1","floor":36},{"not_picked":["Impatience+1","Good Instincts+1"],"picked":"Panache","floor":39},{"not_picked":["Blood for Blood","Wild Strike"],"picked":"Shrug It Off+1","floor":41},{"not_picked":["Rampage","Burning Pact+1"],"picked":"Shrug It Off+1","floor":45},{"not_picked":["Heavy Blade","Iron Wave"],"picked":"Havoc+1","floor":46},{"not_picked":["Clash","Feed"],"picked":"Disarm+1","floor":47},{"not_picked":["Sever Soul","Armaments+1"],"picked":"Clothesline+1","floor":48}],"player_experience":189867,"relics_obtained":[{"floor":7,"key":"Sundial"},{"floor":9,"key":"PreservedInsect"},{"floor":10,"key":"Pen Nib"},{"floor":24,"key":"Ornamental Fan"},{"floor":26,"key":"Toxic Egg 2"},{"floor":28,"key":"Red Skull"},{"floor":43,"key":"Dodecahedron"},{"floor":44,"key":"Blue Candle"},{"floor":46,"key":"Thread and Needle"},{"floor":47,"key":"Dead Branch"}],"event_choices":[{"damage_healed":0,"gold_gain":0,"player_choice":"Success","damage_taken":11,"relics_obtained":["Happy Flower"],"max_hp_gain":0,"max_hp_loss":0,"event_name":"Scrap Ooze","floor":3,"gold_loss":0},{"cards_removed":["Strike_R"],"damage_healed":0,"gold_gain":0,"player_choice":"Card Removal","damage_taken":0,"max_hp_gain":0,"max_hp_loss":0,"event_name":"The Cleric","floor":5,"gold_loss":75},{"damage_healed":0,"gold_gain":0,"player_choice":"Ignored","damage_taken":0,"max_hp_gain":0,"max_hp_loss":0,"event_name":"Ghosts","floor":20,"gold_loss":0},{"cards_removed":["Strike_R"],"damage_healed":0,"gold_gain":0,"player_choice":"Purged","damage_taken":0,"max_hp_gain":0,"max_hp_loss":0,"event_name":"Purifier","floor":21,"gold_loss":0},{"damage_healed":0,"gold_gain":0,"player_choice":"Embrace Madness","damage_taken":14,"max_hp_gain":0,"max_hp_loss":0,"event_name":"Winding Halls","floor":37,"gold_loss":0,"cards_obtained":["Madness","Madness"]},{"damage_healed":0,"gold_gain":0,"player_choice":"Memory 1","damage_taken":0,"max_hp_gain":0,"max_hp_loss":0,"event_name":"SensoryStone","floor":39,"gold_loss":0},{"damage_healed":0,"gold_gain":0,"player_choice":"Relic","damage_taken":0,"max_hp_gain":0,"max_hp_loss":0,"event_name":"Wheel of Change","floor":44,"gold_loss":0},{"damage_healed":0,"gold_gain":0,"player_choice":"Fight","damage_taken":0,"max_hp_gain":0,"max_hp_loss":0,"event_name":"MindBloom","floor":46,"gold_loss":0}],"is_beta":true,"boss_relics":[{"not_picked":["Tiny House","Orrery"],"picked":"Snecko Eye"},{"not_picked":["Lizard Tail","Calling Bell"],"picked":"Black Blood"}],"items_purged_floors":[12,29],"is_endless":false,"potions_floor_spawned":[1,4,10,14,16,18,22,27,28,33,35,41,48],"ascension_level":15}