{"gold_per_floor":[116,30,40,40,40,65,65,105,130,149,193,193,193,234,234,355,355,370,370,370,370,151,151,179,195,195,195,120,136,136,170,170,274,274,287,287,0,19,19,19,19,19,19,19,48,0,25,25,25,25],"floor_reached":50,"playtime":3731,"items_purged":["Strike_P"],"score":1107,"play_id":"25917be4-1c74-40f8-a969-451795368490","local_time":"20190916203354","is_ascension_mode":true,"campfire_choices":[{"data":"StepAndStrike","floor":7.0,"key":"SMITH"},{"floor":13.0,"key":"REST"},{"data":"SandsOfTime","floor":15.0,"key":"SMITH"},{"data":"RitualDagger","floor":23.0,"key":"SMITH"},{"data":"Protect","floor":30.0,"key":"SMITH"},{"data":"CarveReality","floor":32.0,"key":"SMITH"},{"data":"Worship","floor":40,"key":"SMITH"},{"data":"Swivel","floor":42,"key":"SMITH"},{"data":"FlowState","floor":44,"key":"SMITH"},{"floor":49,"key":"DIG"}],"neow_cost":"NONE","seed_source_timestamp":103932066348200,"circlet_count":0,"master_deck":["AscendersBane","Strike_P+1","Strike_P","Defend_P","Defend_P+1","Defend_P","Defend_P","Eruption","Vigilance+1","StepAndStrike+1","FearNoEvil+1","EmptyMind","Protect+1","SandsOfTime+1","Swivel+1","EmptyFist","Worship+1","SandsOfTime+1","Blasphemy","CarveReality+1","RitualDagger+1","Wireheading","Evaluate+1","WreathOfFlame+1","Adaptation","FlowState+1","CutThroughFate+1","TalkToTheHand+1","Unraveling"],"special_seed":0,"relics":["PureWater","Bloody Idol","Centennial Puzzle","Pen Nib","Mummified Hand","Juzu Bracelet","Velvet Choker","MealTicket","Eternal Feather","Omamori","Snecko Eye","Red Mask","War Paint","Whetstone","Shovel","Melange","Bird Faced Urn"],"potions_floor_usage":[33],"damage_taken":[{"damage":0.0,"enemies":"Jaw Worm","floor":1.0,"turns":3.0},{"damage":0.0,"enemies":"2 Louse","floor":3.0,"turns":1.0},{"damage":0.0,"enemies":"Small Slimes","floor":6.0,"turns":3.0},{"damage":12.0,"enemies":"Lagavulin","floor":8.0,"turns":7.0},{"damage":3.0,"enemies":"3 Louse","floor":10.0,"turns":3.0},{"damage":2.0,"enemies":"3 Sentries","floor":11.0,"turns":5.0},{"damage":14.0,"enemies":"Gremlin Nob","floor":14.0,"turns":4.0},{"damage":0.0,"enemies":"Slime Boss","floor":16.0,"turns":4.0},{"damage":3.0,"enemies":"Shell Parasite","floor":18.0,"turns":4.0},{"damage":0.0,"enemies":"Gremlin Leader","floor":24.0,"turns":4.0},{"damage":14.0,"enemies":"3 Byrds","floor":25.0,"turns":5.0},{"damage":0.0,"enemies":"Snake Plant","floor":29.0,"turns":1.0},{"damage":7.0,"enemies":"Book of Stabbing","floor":31.0,"turns":4.0},{"damage":61,"enemies":"Collector","floor":33,"turns":6},{"damage":1,"enemies":"Orb Walker","floor":35,"turns":2},{"damage":3,"enemies":"3 Shapes","floor":38,"turns":5},{"damage":0,"enemies":"Nemesis","floor":45,"turns":5},{"damage":0,"enemies":"Reptomancer","floor":47,"turns":3},{"damage":91,"enemies":"Time Eater","floor":50,"turns":4}],"seed_played":"3230969772022112967","potions_obtained":[{"floor":1.0,"key":"Fire Potion"},{"floor":8.0,"key":"SteroidPotion"},{"floor":16.0,"key":"SneckoOil"},{"floor":29.0,"key":"SmokeBomb"},{"floor":33,"key":"SpeedPotion"},{"floor":38,"key":"EntropicBrew"}],"is_trial":false,"path_per_floor":["M","$","M","?","?","M","R","E","T","M","E","?","R","E","R","B",null,"M","?","?","?","$","R","E","M","T","?","?","M","R","E","R","B",null,"M","?","?","M","?","R","?","R","T","R","E","$","E","?","R","B"],"character_chosen":"WATCHER","items_purchased":["FearNoEvil","EmptyMind","Wireheading","DuplicationPotion","Energy Potion"],"campfire_rested":1,"item_purchase_floors":[2,2,22,22,46],"current_hp_per_floor":[59,59,59,59,43,43,43,31,31,28,26,26,45,31,31,31,57,54,54,48,48,48,48,53,44,44,44,44,49,64,62,65,9,51,55,55,55,57,57,65,65,65,65,65,65,65,65,65,65,0],"gold":25,"neow_bonus":"UPGRADE_CARD","is_prod":false,"is_daily":false,"chose_seed":false,"campfire_upgraded":8,"win_rate":0,"timestamp":1568658834,"path_taken":["M","$","M","?","?","M","R","E","T","M","E","?","R","E","R","BOSS","M","?","?","?","?","R","E","M","T","?","?","M","R","E","R","BOSS","M","?","?","M","?","R","?","R","T","R","E","?","E","?","R","BOSS"],"build_version":"2019-09-12","purchased_purges":1,"victory":false,"max_hp_per_floor":[65,65,65,65,65,65,65,65,65,65,65,65,65,65,65,65,65,65,65,65,65,65,65,65,65,65,65,65,65,65,65,65,65,65,65,65,65,65,65,65,65,65,65,65,65,65,65,65,65,65],"card_choices":[{"not_picked":["Devotion","FollowUp"],"picked":"StepAndStrike","floor":1.0},{"not_picked":["Prostrate","FollowUp"],"picked":"Protect","floor":3.0},{"not_picked":["EmptyFist","BowlingBash"],"picked":"SandsOfTime","floor":6.0},{"not_picked":["Prostrate","Clarity"],"picked":"Swivel","floor":8.0},{"not_picked":["Sanctity","Prostrate"],"picked":"EmptyFist","floor":10.0},{"not_picked":["Protect","Unraveling"],"picked":"Worship","floor":11.0},{"not_picked":["Prostrate","EmptyFist"],"picked":"SandsOfTime","floor":14.0},{"not_picked":["DeusExMachina","Metaphysics"],"picked":"Blasphemy","floor":16.0},{"not_picked":["Perseverance+1","ThirdEye"],"picked":"CarveReality","floor":18.0},{"not_picked":["Fasting+1","EmptyFist"],"picked":"Evaluate","floor":24.0},{"not_picked":["Vengeance","Meditate"],"picked":"WreathOfFlame+1","floor":25.0},{"not_picked":["Adaptation+1","CutThroughFate","EmptyFist"],"picked":"SKIP","floor":29.0},{"not_picked":["EmptyBody","Vengeance","Wireheading+1"],"picked":"SKIP","floor":31.0},{"not_picked":["SignatureMove","Ragnarok"],"picked":"FlowState","floor":33},{"not_picked":["EmptyMind+1","FearNoEvil"],"picked":"CrushJoints","floor":35},{"not_picked":["Consecrate+1","Conclude"],"picked":"CutThroughFate+1","floor":38},{"not_picked":["Sanctity+1","FlyingSleeves+1"],"picked":"TalkToTheHand+1","floor":45},{"not_picked":["FlyingSleeves","CarveReality+1"],"picked":"Unraveling","floor":47}],"player_experience":686658,"relics_obtained":[{"floor":8.0,"key":"Centennial Puzzle"},{"floor":9.0,"key":"Pen Nib"},{"floor":11.0,"key":"Mummified Hand"},{"floor":14.0,"key":"Juzu Bracelet"},{"floor":24.0,"key":"MealTicket"},{"floor":26.0,"key":"Eternal Feather"},{"floor":31.0,"key":"Omamori"},{"floor":41,"key":"War Paint"},{"floor":43,"key":"Whetstone"},{"floor":45,"key":"Shovel"},{"floor":47,"key":"Melange"},{"floor":49,"key":"Bird Faced Urn"}],"event_choices":[{"damage_healed":0.0,"max_hp_gain":0.0,"max_hp_loss":0.0,"gold_gain":0.0,"event_name":"Liars Game","player_choice":"Ignored","floor":4.0,"gold_loss":0.0,"damage_taken":0.0},{"damage_healed":0.0,"max_hp_gain":0.0,"max_hp_loss":0.0,"gold_gain":0.0,"event_name":"Golden Idol","player_choice":"Take Damage","floor":5.0,"gold_loss":0.0,"damage_taken":16.0,"relics_obtained":["Golden Idol"]},{"damage_healed":0.0,"max_hp_gain":0.0,"max_hp_loss":0.0,"gold_gain":0.0,"event_name":"Living Wall","player_choice":"Grow","floor":12.0,"gold_loss":0.0,"damage_taken":0.0,"cards_upgraded":["SandsOfTime"]},{"damage_healed":0.0,"max_hp_gain":0.0,"max_hp_loss":0.0,"gold_gain":0.0,"event_name":"Forgotten Altar","player_choice":"Gave Idol","floor":19.0,"relics_lost":["Golden Idol"],"gold_loss":0.0,"damage_taken":0.0,"relics_obtained":["Bloody Idol"]},{"damage_healed":0.0,"max_hp_gain":0.0,"max_hp_loss":0.0,"gold_gain":0.0,"event_name":"Nest","player_choice":"Joined the Cult","floor":20.0,"gold_loss":0.0,"damage_taken":6.0,"cards_obtained":["RitualDagger"]},{"damage_healed":0.0,"max_hp_gain":0.0,"max_hp_loss":0.0,"gold_gain":0.0,"event_name":"Ghosts","player_choice":"Ignored","floor":21.0,"gold_loss":0.0,"damage_taken":0.0},{"damage_healed":0.0,"max_hp_gain":0.0,"max_hp_loss":0.0,"gold_gain":0.0,"event_name":"The Library","player_choice":"Read","floor":27.0,"gold_loss":0.0,"damage_taken":0.0,"cards_obtained":["Adaptation"]},{"cards_removed":["Strike_P"],"damage_healed":0.0,"max_hp_gain":0.0,"max_hp_loss":0.0,"gold_gain":0.0,"event_name":"Beggar","player_choice":"Gave Gold","floor":28.0,"gold_loss":75.0,"damage_taken":0.0},{"cards_removed":["CrushJoints"],"damage_healed":0,"gold_gain":0,"player_choice":"Removed Attack","damage_taken":0,"max_hp_gain":0,"max_hp_loss":0,"event_name":"Falling","floor":36,"gold_loss":0},{"damage_healed":0,"gold_gain":0,"player_choice":"Paid","damage_taken":0,"relics_obtained":["Red Mask"],"max_hp_gain":0,"max_hp_loss":0,"event_name":"Tomb of Lord Red Mask","floor":37,"gold_loss":287},{"damage_healed":0,"gold_gain":0,"player_choice":"0 cards matched","damage_taken":0,"max_hp_gain":0,"max_hp_loss":0,"event_name":"Match and Keep!","floor":39,"gold_loss":0,"cards_obtained":[]},{"damage_healed":0,"gold_gain":0,"player_choice":"0 cards matched","damage_taken":0,"max_hp_gain":0,"max_hp_loss":0,"event_name":"Match and Keep!","floor":39,"gold_loss":0,"cards_obtained":[]},{"damage_healed":0,"gold_gain":0,"player_choice":"Relic","damage_taken":0,"max_hp_gain":0,"max_hp_loss":0,"event_name":"Wheel of Change","floor":41,"gold_loss":0},{"damage_healed":16,"gold_gain":0,"player_choice":"Writhe","damage_taken":0,"max_hp_gain":0,"max_hp_loss":0,"event_name":"Winding Halls","floor":48,"gold_loss":0,"cards_obtained":["Writhe"]}],"is_beta":true,"boss_relics":[{"not_picked":["Tiny House","Philosopher\u0027s Stone"],"picked":"Velvet Choker"},{"not_picked":["Cursed Key","Busted Crown"],"picked":"Snecko Eye"}],"items_purged_floors":[22],"is_endless":false,"potions_floor_spawned":[1,8,16,29,31,33,38,47],"killed_by":"Time Eater","ascension_level":11}