{"gold_per_floor":[366,384,23,23,35,35,66,66,66,66,66,94,94,94,94,94],"floor_reached":16,"playtime":1526,"items_purged":[],"score":212,"play_id":"55e6f09f-a66b-4d8e-a468-2c195dd22a63","local_time":"20190717011142","is_ascension_mode":true,"campfire_choices":[{"data":"Neutralize","floor":6.0,"key":"SMITH"},{"data":"Body Slam","floor":8.0,"key":"SMITH"},{"data":"Night Terror","floor":13.0,"key":"SMITH"},{"data":"Footwork","floor":15.0,"key":"SMITH"}],"neow_cost":"TEN_PERCENT_HP_LOSS","seed_source_timestamp":1987653813052500,"circlet_count":0,"master_deck":["AscendersBane","Strike_G","Strike_G","Strike_G","Strike_G","Defend_G","Defend_G","Defend_G","Defend_G","Defend_G","Survivor","Neutralize+1","Backflip","Footwork+1","Die Die Die","Spot Weakness","Body Slam+1","Night Terror+1"],"special_seed":0,"relics":["Ring of the Snake","Tiny Chest","PrismaticShard","Matryoshka","Vajra","WingedGreaves","Boot","Dodecahedron","Blue Candle","Gambling Chip","Ninja Scroll"],"potions_floor_usage":[],"damage_taken":[{"damage":3.0,"enemies":"Small Slimes","floor":1.0,"turns":4.0},{"damage":0.0,"enemies":"Cultist","floor":2.0,"turns":3.0},{"damage":0.0,"enemies":"Jaw Worm","floor":5.0,"turns":6.0},{"damage":15.0,"enemies":"Gremlin Nob","floor":7.0,"turns":4.0},{"damage":6.0,"enemies":"3 Sentries","floor":12.0,"turns":8.0},{"damage":33,"enemies":"Slime Boss","floor":16,"turns":6}],"seed_played":"-6241498175062342471","potions_obtained":[{"floor":2.0,"key":"Strength Potion"},{"floor":5.0,"key":"Block Potion"}],"is_trial":false,"path_per_floor":["M","M","$","?","M","R","E","R","T","T","T","E","R","?","R","B"],"character_chosen":"THE_SILENT","items_purchased":["Tiny Chest","PrismaticShard"],"campfire_rested":0,"item_purchase_floors":[3,3],"current_hp_per_floor":[56,56,56,56,56,56,41,41,41,41,41,35,35,30,30,0],"gold":94,"neow_bonus":"TWO_FIFTY_GOLD","is_prod":false,"is_daily":false,"chose_seed":false,"campfire_upgraded":4,"win_rate":0,"timestamp":1563351102,"path_taken":["M","M","$","?","?","R","E","R","T","?","?","E","R","?","R","BOSS"],"build_version":"2019-07-10","purchased_purges":0,"victory":false,"max_hp_per_floor":[60,60,60,60,60,60,60,60,60,60,60,60,60,60,60,60],"card_choices":[{"not_picked":["Outmaneuver","Prepared"],"picked":"Backflip","floor":1.0},{"not_picked":["Bane","Well Laid Plans"],"picked":"Footwork","floor":2.0},{"not_picked":["Leg Sweep","Heavy Blade"],"picked":"Spot Weakness","floor":5.0},{"not_picked":["Acrobatics","Seeing Red"],"picked":"Body Slam","floor":7.0},{"not_picked":["Prepared","Streamline"],"picked":"Night Terror","floor":12.0}],"player_experience":3470266,"relics_obtained":[{"floor":7.0,"key":"Matryoshka"},{"floor":9.0,"key":"Vajra"},{"floor":9.0,"key":"WingedGreaves"},{"floor":10.0,"key":"Boot"},{"floor":10.0,"key":"Dodecahedron"},{"floor":11.0,"key":"Blue Candle"},{"floor":12.0,"key":"Gambling Chip"}],"event_choices":[{"damage_healed":0.0,"max_hp_gain":0.0,"max_hp_loss":0.0,"gold_gain":0.0,"cards_transformed":["Strike_G"],"event_name":"Transmorgrifier","player_choice":"Transformed","floor":4.0,"gold_loss":0.0,"damage_taken":0.0,"cards_obtained":["Die Die Die"]},{"damage_healed":0.0,"max_hp_gain":0.0,"max_hp_loss":0.0,"gold_gain":0.0,"event_name":"Scrap Ooze","player_choice":"Success","floor":14.0,"gold_loss":0.0,"damage_taken":5.0,"relics_obtained":["Ninja Scroll"]}],"is_beta":true,"boss_relics":[],"items_purged_floors":[],"is_endless":false,"potions_floor_spawned":[2,5],"killed_by":"Slime Boss","ascension_level":20}