{"gold_per_floor":[99,99,99,49,49,49,49,49,49,49,49,19,19,19,19,19,19,19,19,19,19,19,19,19,19],"floor_reached":25,"playtime":1990,"items_purged":[],"score":359,"play_id":"ed01b2e3-421e-44ac-ac91-ed7346f987d0","local_time":"20190102041950","is_ascension_mode":true,"campfire_choices":[{"data":"Glass Knife","floor":6.0,"key":"SMITH"},{"floor":10,"key":"REST"},{"data":"Flechettes","floor":15,"key":"SMITH"},{"data":"Malaise","floor":24,"key":"SMITH"}],"neow_cost":"NONE","seed_source_timestamp":882744705127753,"circlet_count":0,"master_deck":["AscendersBane","Defend_G","Defend_G","Defend_G+1","Defend_G+1","Defend_G","Strike_G","Strike_G+1","Strike_G","Strike_G","Survivor","Neutralize+1","Glass Knife+1","Blur","Footwork+1","Flechettes+1","Malaise+1","Writhe","Footwork"],"special_seed":0,"relics":["Ectoplasm","War Paint","Mercury Hourglass","Oddly Smooth Stone","Meat on the Bone","Anchor","Eternal Feather","Nilry\u0027s Codex","Incense Burner","Red Mask","Whetstone"],"potions_floor_usage":[25],"damage_taken":[{"damage":2.0,"enemies":"Cultist","floor":1.0,"turns":5.0},{"damage":0.0,"enemies":"Small Slimes","floor":3.0,"turns":5.0},{"damage":0.0,"enemies":"2 Louse","floor":5.0,"turns":2.0},{"damage":20.0,"enemies":"Lagavulin","floor":7.0,"turns":7.0},{"damage":0.0,"enemies":"Blue Slaver","floor":8.0,"turns":3.0},{"damage":4,"enemies":"3 Sentries","floor":11,"turns":6},{"damage":0,"enemies":"Exordium Thugs","floor":12,"turns":4},{"damage":11,"enemies":"Gremlin Nob","floor":14,"turns":5},{"damage":19,"enemies":"Slime Boss","floor":16,"turns":16},{"damage":0,"enemies":"Spheric Guardian","floor":18,"turns":4},{"damage":1,"enemies":"Shell Parasite","floor":21,"turns":7},{"damage":23,"enemies":"Masked Bandits","floor":22,"turns":6},{"damage":13,"enemies":"Slavers","floor":23,"turns":8},{"damage":49,"enemies":"Gremlin Leader","floor":25,"turns":4}],"seed_played":"2384019523962824958","potions_obtained":[{"floor":1.0,"key":"Ancient Potion"},{"floor":7.0,"key":"Ancient Potion"},{"floor":12,"key":"Ancient Potion"},{"floor":23,"key":"PowerPotion"}],"is_trial":false,"path_per_floor":["M","?","M","?","M","R","E","M","M","T","R","E","M","?","E","R","B",null,"M","?","?","M","?","E","R","E"],"character_chosen":"THE_SILENT","items_purchased":[],"campfire_rested":1,"item_purchase_floors":[],"current_hp_per_floor":[61,49,49,49,49,49,29,29,29,50,46,46,46,47,47,40,63,63,47,47,46,35,34,43,0],"gold":19,"neow_bonus":"BOSS_RELIC","is_prod":false,"is_daily":false,"chose_seed":false,"campfire_upgraded":3,"win_rate":0,"timestamp":1546420790,"path_taken":["M","?","M","?","M","R","E","M","T","R","E","M","?","E","R","BOSS","M","?","?","?","?","E","R","E"],"build_version":"2018-12-20","purchased_purges":0,"victory":false,"max_hp_per_floor":[70,70,70,70,70,70,70,70,70,70,70,70,70,70,70,70,70,70,70,70,70,70,70,70,70],"card_choices":[{"not_picked":["Accuracy","Endless Agony","Outmaneuver"],"picked":"SKIP","floor":1.0},{"not_picked":["Poisoned Stab","Dagger Throw"],"picked":"Glass Knife","floor":3.0},{"not_picked":["Slice","Poisoned Stab","Flying Knee"],"picked":"SKIP","floor":5.0},{"not_picked":["Choke","Deflect","Slice"],"picked":"SKIP","floor":7.0},{"not_picked":["Acrobatics","Cloak And Dagger"],"picked":"Blur","floor":8},{"not_picked":["Blade Dance","Dagger Throw"],"picked":"Footwork","floor":11},{"not_picked":["Underhanded Strike","Outmaneuver"],"picked":"Flechettes","floor":12},{"not_picked":["Slice","Dagger Throw","Sucker Punch"],"picked":"SKIP","floor":14},{"not_picked":["Night Terror","Unload"],"picked":"Malaise","floor":16},{"not_picked":["Escape Plan","Poisoned Stab+1","Prepared"],"picked":"SKIP","floor":18},{"not_picked":["Cloak And Dagger","Dodge and Roll+1"],"picked":"Footwork","floor":21},{"not_picked":["Quick Slash","Escape Plan","Expertise"],"picked":"SKIP","floor":23}],"player_experience":237256,"relics_obtained":[{"floor":7.0,"key":"Mercury Hourglass"},{"floor":9,"key":"Oddly Smooth Stone"},{"floor":11,"key":"Meat on the Bone"},{"floor":14,"key":"Anchor"},{"floor":19,"key":"Nilry\u0027s Codex"},{"floor":22,"key":"Red Mask"},{"floor":23,"key":"Whetstone"}],"event_choices":[{"damage_healed":0.0,"max_hp_gain":0.0,"max_hp_loss":0.0,"gold_gain":0.0,"event_name":"Scrap Ooze","player_choice":"Success","floor":2.0,"gold_loss":0.0,"damage_taken":12.0,"relics_obtained":["War Paint"]},{"cards_removed":["Strike_G"],"damage_healed":0.0,"max_hp_gain":0.0,"max_hp_loss":0.0,"gold_gain":0.0,"event_name":"The Cleric","player_choice":"Card Removal","floor":4.0,"gold_loss":50.0,"damage_taken":0.0},{"damage_healed":0,"gold_gain":0,"player_choice":"Grow","damage_taken":0,"max_hp_gain":0,"max_hp_loss":0,"event_name":"Living Wall","floor":13,"gold_loss":0,"cards_upgraded":["Footwork"]},{"damage_healed":0,"gold_gain":0,"player_choice":"Obtained Book","damage_taken":16,"max_hp_gain":0,"max_hp_loss":0,"event_name":"Cursed Tome","floor":19,"gold_loss":0},{"damage_healed":0,"gold_gain":0,"player_choice":"Opened","damage_taken":0,"relics_obtained":["Incense Burner"],"max_hp_gain":0,"max_hp_loss":0,"event_name":"The Mausoleum","floor":20,"gold_loss":0,"cards_obtained":["Writhe"]},{"damage_healed":0,"gold_gain":0,"player_choice":"Fought Bandits","damage_taken":0,"max_hp_gain":0,"max_hp_loss":0,"event_name":"Masked Bandits","floor":22,"gold_loss":0}],"is_beta":false,"boss_relics":[{"not_picked":["Sozu","Runic Pyramid"],"picked":"Eternal Feather"}],"items_purged_floors":[],"is_endless":false,"potions_floor_spawned":[1,7,12,23],"killed_by":"Gremlin Leader","ascension_level":10}