{"gold_per_floor":[118,134,150,1,0,0,35,35,111,122,122,21,46,46,46,123,123,134,149,61,61,78,78,105,121,145,145,69,83,83,83],"floor_reached":31,"playtime":1990,"items_purged":["Strike_G"],"score":526,"play_id":"75c07a12-51b2-4631-abe4-0a1448feece1","local_time":"20190717031731","is_ascension_mode":true,"campfire_choices":[{"data":"Dagger Spray","floor":6.0,"key":"SMITH"},{"data":"Predator","floor":8.0,"key":"SMITH"},{"data":"Noxious Fumes","floor":11.0,"key":"SMITH"},{"data":"Unload","floor":15.0,"key":"SMITH"},{"data":"Glass Knife","floor":23.0,"key":"SMITH"},{"data":"Corpse Explosion","floor":27.0,"key":"SMITH"}],"neow_cost":"NONE","seed_source_timestamp":1994835605482600,"circlet_count":0,"master_deck":["AscendersBane","Strike_G","Strike_G","Strike_G","Strike_G","Defend_G","Defend_G","Defend_G","Defend_G","Defend_G","Survivor","Neutralize+1","Flying Knee","Predator+1","Dagger Spray+1","Unload+1","Backflip","Noxious Fumes+1","Deflect","Backstab","Glass Knife+1","Blur","Footwork","Predator+1","Corpse Explosion+1","Well Laid Plans","Dodge and Roll"],"special_seed":0,"relics":["Ring of the Snake","Potion Belt","Bottled Flame","Art of War","Busted Crown","Dodecahedron","PreservedInsect"],"potions_floor_usage":[],"damage_taken":[{"damage":0.0,"enemies":"Cultist","floor":1.0,"turns":4.0},{"damage":0.0,"enemies":"Small Slimes","floor":2.0,"turns":3.0},{"damage":0.0,"enemies":"2 Louse","floor":3.0,"turns":3.0},{"damage":12.0,"enemies":"3 Sentries","floor":7.0,"turns":5.0},{"damage":3.0,"enemies":"Exordium Thugs","floor":10.0,"turns":3.0},{"damage":6.0,"enemies":"Lagavulin","floor":13.0,"turns":4.0},{"damage":18.0,"enemies":"Slime Boss","floor":16.0,"turns":9.0},{"damage":5.0,"enemies":"2 Thieves","floor":18.0,"turns":3.0},{"damage":0.0,"enemies":"Spheric Guardian","floor":19.0,"turns":3.0},{"damage":10.0,"enemies":"Cultist and Chosen","floor":22.0,"turns":6.0},{"damage":12.0,"enemies":"Gremlin Leader","floor":24.0,"turns":6.0},{"damage":0.0,"enemies":"Centurion and Healer","floor":25.0,"turns":4.0},{"damage":7.0,"enemies":"Sentry and Sphere","floor":29.0,"turns":4.0},{"damage":21,"enemies":"Snake Plant","floor":31,"turns":3}],"seed_played":"8878919758969636213","potions_obtained":[{"floor":2.0,"key":"Poison Potion"},{"floor":3.0,"key":"PowerPotion"},{"floor":13.0,"key":"Energy Potion"},{"floor":18.0,"key":"SkillPotion"},{"floor":19.0,"key":"SpeedPotion"},{"floor":24.0,"key":"Block Potion"}],"is_trial":false,"path_per_floor":["M","M","M","$","?","R","E","R","T","M","R","$","E","?","R","B",null,"M","M","$","?","M","R","E","M","T","R","$","M","?","M"],"character_chosen":"THE_SILENT","items_purchased":["Unload","Deflect","Footwork","Well Laid Plans"],"campfire_rested":0,"item_purchase_floors":[4,12,20,28],"current_hp_per_floor":[59,59,59,59,59,59,47,47,47,44,44,44,38,38,38,20,55,50,50,50,50,40,40,28,28,28,28,28,21,21,0],"gold":83,"neow_bonus":"UPGRADE_CARD","is_prod":false,"is_daily":false,"chose_seed":false,"campfire_upgraded":6,"win_rate":0,"timestamp":1563358651,"path_taken":["M","M","?","$","?","R","E","R","T","M","R","$","E","?","R","BOSS","M","M","$","?","M","R","E","M","T","R","?","M","?","M"],"build_version":"2019-07-10","purchased_purges":1,"victory":false,"max_hp_per_floor":[66,66,66,66,66,66,66,66,66,66,66,66,66,66,66,66,66,66,66,66,66,66,66,66,66,66,66,66,66,66,66],"card_choices":[{"not_picked":["PiercingWail","Underhanded Strike"],"picked":"Flying Knee","floor":1.0},{"not_picked":["Terror","PiercingWail"],"picked":"Predator","floor":2.0},{"not_picked":["Choke","Blade Dance"],"picked":"Dagger Spray","floor":3.0},{"not_picked":["Die Die Die","Distraction"],"picked":"Backflip","floor":7.0},{"not_picked":["Prepared","Dagger Spray"],"picked":"Noxious Fumes","floor":10.0},{"not_picked":["Blade Dance","Flying Knee"],"picked":"Backstab","floor":13.0},{"not_picked":["Storm of Steel","Grand Finale"],"picked":"Glass Knife","floor":16.0},{"not_picked":[],"picked":"Blur","floor":18.0},{"not_picked":["Accuracy"],"picked":"SKIP","floor":19.0},{"not_picked":["Bane"],"picked":"SKIP","floor":22.0},{"not_picked":[],"picked":"Corpse Explosion","floor":24.0},{"not_picked":["Distraction"],"picked":"SKIP","floor":25.0},{"not_picked":[],"picked":"Dodge and Roll","floor":29.0}],"player_experience":3476321,"relics_obtained":[{"floor":7.0,"key":"Potion Belt"},{"floor":9.0,"key":"Bottled Flame"},{"floor":13.0,"key":"Art of War"},{"floor":24.0,"key":"Dodecahedron"},{"floor":26.0,"key":"PreservedInsect"}],"event_choices":[{"damage_healed":0.0,"max_hp_gain":0.0,"max_hp_loss":0.0,"gold_gain":0.0,"event_name":"World of Goop","player_choice":"Left Gold","floor":5.0,"gold_loss":1.0,"damage_taken":0.0},{"damage_healed":0.0,"max_hp_gain":0.0,"max_hp_loss":0.0,"gold_gain":0.0,"event_name":"Liars Game","player_choice":"Ignored","floor":14.0,"gold_loss":0.0,"damage_taken":0.0},{"damage_healed":0.0,"max_hp_gain":0.0,"max_hp_loss":0.0,"gold_gain":0.0,"event_name":"Duplicator","player_choice":"Copied","floor":21.0,"gold_loss":0.0,"damage_taken":0.0,"cards_obtained":["Predator"]},{"damage_healed":0.0,"max_hp_gain":0.0,"max_hp_loss":0.0,"gold_gain":0.0,"event_name":"Cursed Tome","player_choice":"Ignored","floor":30.0,"gold_loss":0.0,"damage_taken":0.0}],"is_beta":true,"boss_relics":[{"not_picked":["Runic Dome","WristBlade"],"picked":"Busted Crown"}],"items_purged_floors":[12],"is_endless":false,"potions_floor_spawned":[2,3,13,18,19,24],"killed_by":"Snake Plant","ascension_level":20}