{"gold_per_floor":[119,269,269,281,295,295,324,0,53,53,53,63,63,75,75,149,149,161,2,19,19,19,49,49,62,138,138,0,0,0,19,19,92,92,104,20,40,54,54,83,83,103,130,130,130,130],"floor_reached":46,"playtime":3434,"items_purged":["Strike_R"],"score":889,"play_id":"672f553c-8124-4cb0-bf50-bfaa35cfc25c","local_time":"20190312041854","is_ascension_mode":true,"campfire_choices":[{"data":"Bash","floor":6,"key":"SMITH"},{"data":"Feed","floor":11,"key":"SMITH"},{"floor":15,"key":"REST"},{"floor":24,"key":"REST"},{"data":"Inflame","floor":27,"key":"SMITH"},{"data":"Shrug It Off","floor":30,"key":"SMITH"},{"data":"Spot Weakness","floor":32,"key":"SMITH"},{"floor":41,"key":"REST"},{"data":"Limit Break","floor":45,"key":"SMITH"}],"neow_cost":"NONE","seed_source_timestamp":174312245403656,"circlet_count":0,"master_deck":["AscendersBane","Strike_R","Strike_R","Strike_R","Defend_R","Defend_R","Defend_R","Defend_R","Bash+1","Impervious","Iron Wave","Shrug It Off+1","Feed+1","Shrug It Off","Spot Weakness+1","Headbutt","Bludgeon","Sword Boomerang","Inflame+1","Battle Trance","Spot Weakness","Dual Wield","Limit Break+1","Entrench+1","Disarm","Parasite","Inflame+1","Infernal Blade"],"relics":["Burning Blood","Bag of Preparation","Meat on the Bone","Centennial Puzzle","Velvet Choker","Pear","Kunai","Mark of Pain","Blue Candle","Vajra"],"potions_floor_usage":[7,14,16,20,25,31,42],"damage_taken":[{"damage":5,"enemies":"Cultist","floor":1,"turns":4},{"damage":8,"enemies":"Jaw Worm","floor":4,"turns":5},{"damage":10,"enemies":"2 Louse","floor":5,"turns":3},{"damage":30,"enemies":"Lagavulin","floor":7,"turns":8},{"damage":3,"enemies":"Blue Slaver","floor":12,"turns":4},{"damage":7,"enemies":"Large Slime","floor":14,"turns":6},{"damage":24,"enemies":"The Guardian","floor":16,"turns":13},{"damage":8,"enemies":"Spheric Guardian","floor":18,"turns":5},{"damage":13,"enemies":"3 Byrds","floor":20,"turns":6},{"damage":79,"enemies":"Gremlin Leader","floor":23,"turns":8},{"damage":7,"enemies":"Snake Plant","floor":25,"turns":4},{"damage":8,"enemies":"Shelled Parasite and Fungi","floor":31,"turns":5},{"damage":51,"enemies":"Automaton","floor":33,"turns":10},{"damage":19,"enemies":"3 Darklings","floor":35,"turns":6},{"damage":15,"enemies":"3 Shapes","floor":37,"turns":4},{"damage":45,"enemies":"Writhing Mass","floor":38,"turns":7},{"damage":47,"enemies":"Giant Head","floor":40,"turns":6},{"damage":11,"enemies":"Sphere and 2 Shapes","floor":42,"turns":4},{"damage":85,"enemies":"Reptomancer","floor":46,"turns":4}],"seed_played":"3506192048046977327","potions_obtained":[{"floor":1,"key":"EssenceOfSteel"},{"floor":12,"key":"SkillPotion"},{"floor":14,"key":"SpeedPotion"},{"floor":18,"key":"SpeedPotion"},{"floor":23,"key":"EssenceOfSteel"},{"floor":25,"key":"SkillPotion"},{"floor":40,"key":"Strength Potion"}],"is_trial":false,"path_per_floor":["M","?","?","M","M","R","E","$","T","$","R","M","?","M","R","B",null,"M","$","M","$","?","E","R","M","T","R","?","?","R","M","R","B",null,"M","$","M","M","$","E","R","M","T","?","R","E"],"character_chosen":"IRONCLAD","items_purchased":["Meat on the Bone","Shrug It Off","Inflame","Disarm"],"campfire_rested":3,"item_purchase_floors":[8,8,19,36],"current_hp_per_floor":[69,69,69,67,63,63,39,39,39,39,39,46,39,54,78,64,81,83,83,80,80,80,29,60,63,63,63,63,63,63,65,65,36,97,84,84,79,56,56,31,69,84,84,84,84,0],"gold":130,"neow_bonus":"ONE_RANDOM_RARE_CARD","is_prod":false,"is_daily":false,"chose_seed":false,"campfire_upgraded":6,"win_rate":0,"timestamp":1552360734,"path_taken":["M","?","?","M","M","R","E","$","T","$","R","?","?","M","R","BOSS","M","$","M","$","?","E","R","M","T","R","?","?","R","M","R","BOSS","M","$","M","M","$","E","R","M","T","?","R","E"],"build_version":"2019-02-06","purchased_purges":1,"victory":false,"max_hp_per_floor":[75,75,75,75,75,75,75,75,75,75,75,79,79,83,83,87,87,91,91,95,95,95,105,105,109,109,109,109,109,109,113,113,117,117,117,117,121,125,125,129,129,137,137,137,137,137],"card_choices":[{"not_picked":["Fire Breathing","Twin Strike","Havoc"],"picked":"SKIP","floor":1},{"not_picked":["Flex","Warcry"],"picked":"Iron Wave","floor":4},{"not_picked":["Searing Blow","Whirlwind"],"picked":"Shrug It Off","floor":5},{"not_picked":["Corruption","Armaments"],"picked":"Feed","floor":7},{"not_picked":["Power Through","Combust"],"picked":"Spot Weakness","floor":12},{"not_picked":["Armaments","Evolve"],"picked":"Headbutt","floor":14},{"not_picked":["Double Tap","Dark Embrace"],"picked":"Bludgeon","floor":16},{"not_picked":["Cleave","Pummel"],"picked":"Sword Boomerang","floor":18},{"not_picked":["Headbutt","Rupture"],"picked":"Battle Trance","floor":20},{"not_picked":["Body Slam","Uppercut"],"picked":"Spot Weakness","floor":23},{"not_picked":["Warcry","Clothesline","Wild Strike"],"picked":"SKIP","floor":25},{"not_picked":["Second Wind","Havoc"],"picked":"Dual Wield","floor":31},{"not_picked":["Offering","Demon Form"],"picked":"Limit Break","floor":33},{"not_picked":["Heavy Blade","Shrug It Off"],"picked":"Entrench+1","floor":35},{"not_picked":["Metallicize","Warcry","Second Wind+1"],"picked":"SKIP","floor":37},{"not_picked":["Clothesline","Anger+1"],"picked":"Inflame+1","floor":38},{"not_picked":["Burning Pact","Anger","True Grit"],"picked":"SKIP","floor":40},{"not_picked":["Burning Pact","Anger","True Grit"],"picked":"SKIP","floor":40},{"not_picked":["Power Through","Havoc"],"picked":"Infernal Blade","floor":42}],"player_experience":205049,"relics_obtained":[{"floor":7,"key":"Bag of Preparation"},{"floor":9,"key":"Centennial Puzzle"},{"floor":23,"key":"Pear"},{"floor":26,"key":"Kunai"},{"floor":40,"key":"Blue Candle"},{"floor":43,"key":"Vajra"}],"event_choices":[{"damage_healed":0,"gold_gain":150,"player_choice":"AGREE","damage_taken":0,"max_hp_gain":0,"max_hp_loss":0,"event_name":"Liars Game","floor":2,"gold_loss":0,"cards_obtained":["Doubt"]},{"cards_removed":["Doubt"],"damage_healed":0,"gold_gain":0,"player_choice":"Removed Curses","damage_taken":0,"max_hp_gain":0,"max_hp_loss":0,"event_name":"Fountain of Cleansing","floor":3,"gold_loss":0},{"cards_removed":["Strike_R"],"damage_healed":0,"gold_gain":0,"player_choice":"Card Removal","damage_taken":7,"max_hp_gain":0,"max_hp_loss":0,"event_name":"Golden Wing","floor":13,"gold_loss":0},{"damage_healed":0,"gold_gain":0,"player_choice":"Ignored","damage_taken":0,"max_hp_gain":0,"max_hp_loss":0,"event_name":"Cursed Tome","floor":22,"gold_loss":0},{"damage_healed":0,"gold_gain":0,"player_choice":"Paid Fearfully","damage_taken":0,"max_hp_gain":0,"max_hp_loss":0,"event_name":"Masked Bandits","floor":28,"gold_loss":138},{"damage_healed":0,"gold_gain":0,"player_choice":"Ignored","damage_taken":0,"max_hp_gain":0,"max_hp_loss":0,"event_name":"Beggar","floor":29,"gold_loss":0},{"damage_healed":0,"gold_gain":0,"player_choice":"0 cards matched","damage_taken":0,"max_hp_gain":0,"max_hp_loss":0,"event_name":"Match and Keep!","floor":44,"gold_loss":0,"cards_obtained":[]}],"is_beta":true,"boss_relics":[{"not_picked":["Empty Cage","Lizard Tail"],"picked":"Velvet Choker"},{"not_picked":["Runic Dome","Eternal Feather"],"picked":"Mark of Pain"}],"items_purged_floors":[19],"is_endless":false,"potions_floor_spawned":[1,12,14,18,23,25,40],"killed_by":"Reptomancer","ascension_level":16}