{"gold_per_floor":[114,129,144,154,229,260,260,287,287,287,313,331,331,356,356,450,450,475,496,512,123,123],"floor_reached":22,"playtime":984,"items_purged":["Strike_G"],"score":364,"play_id":"b05cd02c-5d56-4c59-8255-e5ba2b5c5873","local_time":"20180802173600","is_ascension_mode":true,"campfire_choices":[{"floor":7,"key":"REST"},{"floor":10,"key":"REST"},{"floor":15,"key":"REST"}],"neow_cost":"NONE","seed_source_timestamp":1861354749015,"circlet_count":0,"master_deck":["Defend_G","Defend_G","Defend_G","Defend_G","Defend_G","Strike_G","Strike_G","Strike_G","Strike_G","Survivor","Neutralize+1","AscendersBane","Skewer","Footwork","Slice+1","Sucker Punch","Well Laid Plans","Quick Slash","Predator","Leg Sweep","Caltrops+1","Envenom+1","Deflect","Corpse Explosion","Infinite Blades+1"],"relics":["Fusion Hammer","Torii","Snake Skull","Whetstone","Frozen Egg 2","Golden Idol","Eternal Feather","Paper Crane"],"potions_floor_usage":[11,11,16,22],"damage_taken":[{"damage":6,"enemies":"Jaw Worm","floor":1,"turns":6},{"damage":0,"enemies":"Small Slimes","floor":2,"turns":3},{"damage":0,"enemies":"2 Louse","floor":3,"turns":3},{"damage":10,"enemies":"Large Slime","floor":4,"turns":6},{"damage":28,"enemies":"Gremlin Nob","floor":6,"turns":5},{"damage":3,"enemies":"Lagavulin","floor":8,"turns":10},{"damage":11,"enemies":"Gremlin Nob","floor":11,"turns":4},{"damage":1,"enemies":"Looter","floor":12,"turns":3},{"damage":1,"enemies":"Exordium Wildlife","floor":14,"turns":2},{"damage":22,"enemies":"Slime Boss","floor":16,"turns":7},{"damage":0,"enemies":"3 Byrds","floor":18,"turns":2},{"damage":12,"enemies":"Spheric Guardian","floor":19,"turns":4},{"damage":26,"enemies":"3 Cultists","floor":20,"turns":6},{"damage":17,"enemies":"Cultist and Chosen","floor":22,"turns":5}],"seed_played":"9185169607394578554","potions_obtained":[{"floor":1,"key":"SkillPotion"},{"floor":4,"key":"GamblersBrew"},{"floor":8,"key":"FearPotion"},{"floor":11,"key":"SpeedPotion"},{"floor":14,"key":"Strength Potion"},{"floor":19,"key":"FearPotion"}],"is_trial":false,"path_per_floor":["M","M","M","M","?","E","R","E","T","R","E","M","?","M","R","B",null,"M","M","M","$"],"character_chosen":"THE_SILENT","items_purchased":["Paper Crane","Infinite Blades+1"],"campfire_rested":3,"item_purchase_floors":[21,21],"current_hp_per_floor":[53,53,53,43,32,4,23,20,20,39,28,27,27,26,44,22,51,51,39,13,13,0],"gold":123,"neow_bonus":"BOSS_RELIC","is_prod":false,"is_daily":false,"chose_seed":false,"campfire_upgraded":0,"win_rate":0,"timestamp":1533256560,"path_taken":["M","M","M","M","?","E","R","E","T","R","E","M","?","M","R","BOSS","M","M","M","$","M"],"build_version":"2018-08-01","purchased_purges":1,"victory":false,"max_hp_per_floor":[66,66,66,66,66,66,66,66,66,66,66,66,60,60,60,60,60,60,60,60,60,60],"card_choices":[{"not_picked":["Masterful Stab","Blade Dance"],"picked":"Skewer","floor":1},{"not_picked":["Deflect","Calculated Gamble"],"picked":"Footwork","floor":2},{"not_picked":["Blade Dance","Dodge and Roll"],"picked":"Slice","floor":3},{"not_picked":["Underhanded Strike","Blade Dance"],"picked":"Sucker Punch","floor":4},{"not_picked":["Crippling Poison","Envenom"],"picked":"Well Laid Plans","floor":6},{"not_picked":["Calculated Gamble","Underhanded Strike"],"picked":"Quick Slash","floor":8},{"not_picked":["Slice","Reflex"],"picked":"Predator","floor":11},{"not_picked":["Prepared","Tactician"],"picked":"Leg Sweep","floor":12},{"not_picked":["Distraction","Escape Plan"],"picked":"Caltrops+1","floor":14},{"not_picked":["Wraith Form v2+1","A Thousand Cuts+1"],"picked":"Envenom+1","floor":16},{"not_picked":["Slice","Outmaneuver"],"picked":"Deflect","floor":18},{"not_picked":["Dodge and Roll","Slice","Tactician"],"picked":"SKIP","floor":19},{"not_picked":["Flying Knee","Bane"],"picked":"Corpse Explosion","floor":20}],"player_experience":891675,"relics_obtained":[{"floor":6,"key":"Torii"},{"floor":8,"key":"Snake Skull"},{"floor":9,"key":"Whetstone"},{"floor":11,"key":"Frozen Egg 2"}],"event_choices":[{"event_name":"World of Goop","player_choice":"Gather Gold","floor":5,"damage_taken":0},{"event_name":"Golden Idol","player_choice":"Lose Max HP","floor":13,"damage_taken":0}],"is_beta":true,"boss_relics":[{"not_picked":["Coffee Dripper","HoveringKite"],"picked":"Eternal Feather"}],"items_purged_floors":[21],"is_endless":false,"potions_floor_spawned":[1,4,8,11,14,19],"killed_by":"Cultist and Chosen","ascension_level":15}