{"gold_per_floor":[11,11,311,486,486,521,536,536,584,584,600,600,619,462,462,567,567,587,604,604],"floor_reached":20,"playtime":2405,"items_purged":["Doubt"],"score":181,"play_id":"8f53190b-1bee-49fd-a384-b8db0f3fb8d8","local_time":"20181114152802","is_ascension_mode":true,"campfire_choices":[{"data":"Glacier","floor":10,"key":"SMITH"},{"floor":12,"key":"REST"},{"floor":15,"key":"REST"}],"neow_cost":"NO_GOLD","seed_source_timestamp":0,"circlet_count":0,"master_deck":["Strike_B","Strike_B","Defend_B","Defend_B","Defend_B","Zap","Dualcast","Tempest","Capacitor","Capacitor","Chaos","Glacier+1","Consume","Conserve Battery","Capacitor","Thunder Strike","Ball Lightning","Barrage"],"special_seed":0,"relics":["Cracked Core","Old Coin","Bottled Tornado","Ancient Tea Set","Eternal Feather"],"potions_floor_usage":[16,20],"damage_taken":[{"damage":6,"enemies":"Cultist","floor":1,"turns":4},{"damage":42,"enemies":"Gremlin Nob","floor":6,"turns":5},{"damage":4,"enemies":"2 Louse","floor":7,"turns":4},{"damage":2,"enemies":"Small Slimes","floor":11,"turns":4},{"damage":8,"enemies":"3 Louse","floor":13,"turns":5},{"damage":12,"enemies":"Slime Boss","floor":16,"turns":8},{"damage":5,"enemies":"Spheric Guardian","floor":18,"turns":6},{"damage":15,"enemies":"Shell Parasite","floor":19,"turns":8},{"damage":64,"enemies":"3 Cultists","floor":20,"turns":4}],"seed_played":"-8121056164369242442","potions_obtained":[{"floor":7,"key":"LiquidBronze"},{"floor":11,"key":"FearPotion"},{"floor":13,"key":"SkillPotion"},{"floor":18,"key":"LiquidBronze"}],"is_trial":false,"path_per_floor":["M","?","?","?","?","E","M","?","T","R","M","R","M","$","R","B",null,"M","M","M"],"character_chosen":"DEFECT","items_purchased":["Capacitor"],"campfire_rested":2,"item_purchase_floors":[14],"current_hp_per_floor":[69,62,62,62,62,20,16,13,13,13,11,33,25,25,47,35,75,70,55,0],"gold":604,"neow_bonus":"TRANSFORM_TWO_CARDS","is_prod":false,"is_daily":false,"chose_seed":false,"campfire_upgraded":1,"win_rate":0,"timestamp":1542227282,"path_taken":["M","?","?","?","?","E","M","?","T","R","?","R","M","?","R","BOSS","M","M","M"],"build_version":"2018-11-08","purchased_purges":1,"victory":false,"max_hp_per_floor":[75,75,75,75,75,75,75,75,75,75,75,75,75,75,75,75,75,75,75,75],"card_choices":[{"not_picked":["Rebound","Compile Driver"],"picked":"Capacitor","floor":1},{"not_picked":["Rip and Tear","Buffer"],"picked":"Chaos","floor":6},{"not_picked":["Cold Snap","Steam"],"picked":"Glacier","floor":7},{"not_picked":["Rip and Tear","Stack"],"picked":"Consume","floor":11},{"not_picked":["Heatsinks","Fusion"],"picked":"Conserve Battery","floor":13},{"not_picked":["Core Surge","Hyperbeam"],"picked":"Thunder Strike","floor":16},{"not_picked":["Coolheaded","Go for the Eyes"],"picked":"Ball Lightning","floor":18},{"not_picked":["Sweeping Beam+1","Rebound"],"picked":"Barrage","floor":19}],"player_experience":115909,"relics_obtained":[{"floor":6,"key":"Bottled Tornado"},{"floor":9,"key":"Ancient Tea Set"}],"event_choices":[{"cards_removed":["Defend_B"],"damage_healed":0,"gold_gain":0,"player_choice":"Card Removal","damage_taken":7,"max_hp_gain":0,"max_hp_loss":0,"event_name":"Golden Wing","floor":2,"gold_loss":0},{"damage_healed":0,"gold_gain":0,"player_choice":"Box","damage_taken":0,"relics_obtained":["Old Coin"],"max_hp_gain":0,"max_hp_loss":0,"event_name":"Big Fish","floor":3,"gold_loss":0,"cards_obtained":["Regret"]},{"damage_healed":0,"gold_gain":175,"player_choice":"AGREE","damage_taken":0,"max_hp_gain":0,"max_hp_loss":0,"event_name":"Liars Game","floor":4,"gold_loss":0,"cards_obtained":["Doubt"]},{"cards_removed":["Regret"],"damage_healed":0,"gold_gain":0,"player_choice":"Forget","damage_taken":0,"max_hp_gain":0,"max_hp_loss":0,"event_name":"Living Wall","floor":5,"gold_loss":0},{"damage_healed":0,"gold_gain":0,"player_choice":"Fled","damage_taken":3,"max_hp_gain":0,"max_hp_loss":0,"event_name":"Scrap Ooze","floor":8,"gold_loss":0}],"is_beta":false,"boss_relics":[{"not_picked":["Ectoplasm","Runic Dome"],"picked":"Eternal Feather"}],"items_purged_floors":[14],"is_endless":false,"potions_floor_spawned":[7,11,13,18,19],"killed_by":"3 Cultists","ascension_level":1}