{"gold_per_floor":[118,118,133,34,44,79,79,98,122,122,122,122,122,18,18,119,119,139,153,153,153,103,162,180,200,200,200,225,17,17,48,48,149,149,164,182,200,200,211,211,246,264,264,364,364,381,381,409,409,409],"floor_reached":50,"playtime":3362,"items_purged":[],"score":730,"play_id":"331a1966-77ef-49bf-a411-5e12b7335cae","local_time":"20190412173351","is_ascension_mode":true,"campfire_choices":[{"data":"Zap","floor":7.0,"key":"SMITH"},{"data":"Barrage","floor":10.0,"key":"SMITH"},{"floor":15.0,"key":"REST"},{"floor":27.0,"key":"REST"},{"floor":30.0,"key":"REST"},{"floor":32.0,"key":"REST"},{"data":"Coolheaded","floor":40,"key":"SMITH"},{"data":"Biased Cognition","floor":45,"key":"SMITH"},{"floor":47,"key":"REST"},{"data":"Capacitor","floor":49,"key":"SMITH"}],"neow_cost":"NONE","seed_source_timestamp":0,"circlet_count":0,"master_deck":["Defend_B+1","Defend_B","Defend_B","Zap+1","Dualcast","Beam Cell+1","Coolheaded+1","Barrage+1","Capacitor+1","Static Discharge","Leap","Sweeping Beam","Chill","Electrodynamics","Leap+1","Darkness","Ball Lightning","Coolheaded","Reprogram","Compile Driver","Streamline+1","Glacier","Biased Cognition+1","Melter+1","Storm+1","White Noise+1","Chaos+1","Leap+1"],"special_seed":0,"relics":["Cracked Core","Omamori","Happy Flower","DataDisk","Nuclear Battery","Necronomicon","Tiny Chest","Meat on the Bone","Pen Nib","Runic Capacitor","Vajra","Busted Crown","Anchor","Shuriken","Blood Vial"],"potions_floor_usage":[39,50,50,50],"damage_taken":[{"damage":2.0,"enemies":"Jaw Worm","floor":1.0,"turns":4.0},{"damage":2.0,"enemies":"Small Slimes","floor":3.0,"turns":3.0},{"damage":0.0,"enemies":"Cultist","floor":5.0,"turns":2.0},{"damage":19.0,"enemies":"3 Sentries","floor":6.0,"turns":6.0},{"damage":0.0,"enemies":"2 Fungi Beasts","floor":8.0,"turns":4.0},{"damage":0.0,"enemies":"Slime Boss","floor":16.0,"turns":7.0},{"damage":9.0,"enemies":"Spheric Guardian","floor":18.0,"turns":4.0},{"damage":4.0,"enemies":"3 Byrds","floor":19.0,"turns":3.0},{"damage":28.0,"enemies":"Gremlin Leader","floor":23.0,"turns":5.0},{"damage":19.0,"enemies":"Snake Plant","floor":24.0,"turns":3.0},{"damage":15.0,"enemies":"Sentry and Sphere","floor":25.0,"turns":4.0},{"damage":29.0,"enemies":"Slavers","floor":28.0,"turns":2.0},{"damage":20.0,"enemies":"Book of Stabbing","floor":31.0,"turns":6.0},{"damage":16.0,"enemies":"Collector","floor":33.0,"turns":7.0},{"damage":3,"enemies":"3 Darklings","floor":35,"turns":3},{"damage":0,"enemies":"Orb Walker","floor":36,"turns":3},{"damage":0,"enemies":"Transient","floor":37,"turns":5},{"damage":0,"enemies":"Jaw Worm Horde","floor":39,"turns":2},{"damage":26,"enemies":"Reptomancer","floor":41,"turns":5},{"damage":4,"enemies":"Writhing Mass","floor":42,"turns":5},{"damage":0,"enemies":"Sphere and 2 Shapes","floor":46,"turns":3},{"damage":9,"enemies":"Nemesis","floor":48,"turns":7},{"damage":65,"enemies":"Awakened One","floor":50,"turns":6}],"seed_played":"5822887442922499977","potions_obtained":[{"floor":3.0,"key":"Strength Potion"},{"floor":5.0,"key":"Dexterity Potion"},{"floor":8.0,"key":"PowerPotion"},{"floor":18.0,"key":"Regen Potion"},{"floor":19.0,"key":"PowerPotion"},{"floor":25.0,"key":"Regen Potion"},{"floor":31.0,"key":"Explosive Potion"},{"floor":36,"key":"Block Potion"},{"floor":39,"key":"Block Potion"},{"floor":41,"key":"Strength Potion"},{"floor":48,"key":"Energy Potion"}],"is_trial":false,"path_per_floor":["M","?","M","$","M","E","R","M","T","R","?","?","?","$","R","B",null,"M","M","?","?","?","E","M","M","T","R","E","$","R","E","R","B",null,"M","M","M","?","M","R","E","M","T","?","R","M","R","E","R","B"],"character_chosen":"DEFECT","items_purchased":["Barrage","Fire Potion","Sweeping Beam","Chill","Runic Capacitor"],"campfire_rested":5,"item_purchase_floors":[4,4,14,14,29],"current_hp_per_floor":[73,58,56,56,56,37,37,37,37,37,42,35,35,35,59,59,80,71,67,51,51,51,37,18,3,3,27,15,15,39,31,55,51,80,77,77,77,77,77,77,51,47,47,47,47,47,71,62,62,0],"gold":409,"neow_bonus":"RANDOM_COMMON_RELIC","is_prod":false,"is_daily":false,"chose_seed":false,"campfire_upgraded":5,"win_rate":0,"timestamp":1555083231,"path_taken":["M","?","M","$","M","E","R","M","T","R","?","?","?","$","R","BOSS","M","M","?","?","?","E","M","?","T","R","E","$","R","E","R","BOSS","M","M","?","?","M","R","E","?","T","?","R","?","R","E","R","BOSS"],"build_version":"2019-04-04","purchased_purges":0,"victory":false,"max_hp_per_floor":[75,75,75,75,75,75,75,75,75,75,80,80,80,80,80,80,80,80,80,80,80,80,80,80,80,80,80,80,80,80,80,80,80,80,80,80,80,80,80,80,80,80,80,80,80,80,80,80,80,80],"card_choices":[{"not_picked":["Steam Power","Fusion"],"picked":"Beam Cell","floor":1.0},{"not_picked":["Beam Cell","Redo"],"picked":"Coolheaded","floor":3.0},{"not_picked":["Gash","Steam"],"picked":"Capacitor","floor":5.0},{"not_picked":["Hello World","Chill"],"picked":"Static Discharge","floor":6.0},{"not_picked":["Rip and Tear","Barrage"],"picked":"Leap","floor":8.0},{"not_picked":["Meteor Strike","Thunder Strike"],"picked":"Electrodynamics","floor":16.0},{"not_picked":["Steam","Streamline"],"picked":"Leap+1","floor":18.0},{"not_picked":["Heatsinks","Streamline"],"picked":"Darkness","floor":19.0},{"not_picked":["White Noise","Turbo"],"picked":"Reprogram","floor":23.0},{"not_picked":["Auto Shields","Stack"],"picked":"Compile Driver","floor":24.0},{"not_picked":["Rip and Tear","Steam Power","Tempest"],"picked":"SKIP","floor":25.0},{"not_picked":["Reinforced Body","Darkness"],"picked":"Streamline+1","floor":28.0},{"not_picked":["Stack","Gash"],"picked":"Glacier","floor":31.0},{"not_picked":["Electrodynamics","Amplify"],"picked":"Biased Cognition","floor":33.0},{"not_picked":[],"picked":"Melter+1","floor":35},{"not_picked":["Force Field+1"],"picked":"SKIP","floor":36},{"not_picked":[],"picked":"Storm+1","floor":37},{"not_picked":["BootSequence"],"picked":"SKIP","floor":39},{"not_picked":[],"picked":"White Noise+1","floor":41},{"not_picked":[],"picked":"Chaos+1","floor":42},{"not_picked":["Gash+1"],"picked":"SKIP","floor":46},{"not_picked":[],"picked":"Leap+1","floor":48}],"player_experience":462298,"relics_obtained":[{"floor":6.0,"key":"Happy Flower"},{"floor":9.0,"key":"DataDisk"},{"floor":20.0,"key":"Necronomicon"},{"floor":23.0,"key":"Tiny Chest"},{"floor":26.0,"key":"Meat on the Bone"},{"floor":28.0,"key":"Pen Nib"},{"floor":31.0,"key":"Vajra"},{"floor":41,"key":"Anchor"},{"floor":43,"key":"Shuriken"},{"floor":48,"key":"Blood Vial"}],"event_choices":[{"damage_healed":0.0,"max_hp_gain":0.0,"max_hp_loss":0.0,"gold_gain":0.0,"event_name":"Shining Light","player_choice":"Entered Light","floor":2.0,"gold_loss":0.0,"damage_taken":15.0,"cards_upgraded":["Beam Cell","Defend_B"]},{"damage_healed":0.0,"max_hp_gain":5.0,"max_hp_loss":0.0,"gold_gain":0.0,"event_name":"Big Fish","player_choice":"Donut","floor":11.0,"gold_loss":0.0,"damage_taken":0.0},{"cards_removed":["Strike_B"],"damage_healed":0.0,"max_hp_gain":0.0,"max_hp_loss":0.0,"gold_gain":0.0,"event_name":"Golden Wing","player_choice":"Card Removal","floor":12.0,"gold_loss":0.0,"damage_taken":7.0},{"cards_removed":["Strike_B"],"damage_healed":0.0,"max_hp_gain":0.0,"max_hp_loss":0.0,"gold_gain":0.0,"event_name":"Bonfire Elementals","player_choice":"Offered Basic","floor":13.0,"gold_loss":0.0,"damage_taken":0.0},{"damage_healed":0.0,"max_hp_gain":0.0,"max_hp_loss":0.0,"gold_gain":0.0,"event_name":"Cursed Tome","player_choice":"Obtained Book","floor":20.0,"gold_loss":0.0,"damage_taken":16.0},{"damage_healed":0.0,"max_hp_gain":0.0,"max_hp_loss":0.0,"gold_gain":0.0,"cards_transformed":["Strike_B","Strike_B"],"event_name":"Drug Dealer","player_choice":"Became Test Subject","floor":21.0,"gold_loss":0.0,"damage_taken":0.0,"cards_obtained":["Ball Lightning","Coolheaded"]},{"damage_healed":0.0,"max_hp_gain":0.0,"max_hp_loss":0.0,"gold_gain":0.0,"event_name":"The Joust","player_choice":"Bet on Murderer","floor":22.0,"gold_loss":50.0,"damage_taken":0.0},{"cards_removed":["Defend_B"],"damage_healed":0,"gold_gain":0,"player_choice":"Purged","damage_taken":0,"max_hp_gain":0,"max_hp_loss":0,"event_name":"Purifier","floor":38,"gold_loss":0},{"damage_healed":0,"gold_gain":100,"player_choice":"Pray","damage_taken":0,"max_hp_gain":0,"max_hp_loss":0,"event_name":"Golden Shrine","floor":44,"gold_loss":0}],"is_beta":true,"boss_relics":[{"not_picked":["White Beast Statue","Black Star"],"picked":"Nuclear Battery"},{"not_picked":["Philosopher\u0027s Stone","Calling Bell"],"picked":"Busted Crown"}],"items_purged_floors":[],"is_endless":false,"potions_floor_spawned":[3,5,8,18,19,25,31,36,39,41,48],"killed_by":"Awakened One","ascension_level":4}