{"gold_per_floor":[113,77,91,16,16,16,45,57,121,133,173,197,209,249,261,352,364,395,426,438,466,89,89,421,434,460,460,478,493,493,510,510,587,587,605,705,705,9,28,28,28,63,89,89,122,140,155,175,175,175],"floor_reached":50,"playtime":2819,"items_purged":["Strike_R","Defend_R"],"score":1280,"play_id":"741e5d7e-17e1-40de-a8f7-015723e3cacc","local_time":"20190619093836","is_ascension_mode":true,"campfire_choices":[{"data":"Searing Blow","floor":6.0,"key":"SMITH"},{"data":"Searing Blow+1","floor":8.0,"key":"SMITH"},{"data":"Searing Blow+2","floor":10.0,"key":"SMITH"},{"data":"Searing Blow+3","floor":13.0,"key":"SMITH"},{"data":"Searing Blow+4","floor":15.0,"key":"SMITH"},{"data":"Searing Blow+5","floor":23.0,"key":"SMITH"},{"data":"Searing Blow+6","floor":27.0,"key":"SMITH"},{"data":"Searing Blow+7","floor":30.0,"key":"SMITH"},{"data":"Searing Blow+8","floor":32.0,"key":"SMITH"},{"data":"Searing Blow+9","floor":40.0,"key":"SMITH"},{"data":"Searing Blow+10","floor":44.0,"key":"SMITH"},{"data":"Searing Blow+11","floor":49.0,"key":"SMITH"}],"neow_cost":"PERCENT_DAMAGE","seed_source_timestamp":0,"circlet_count":0,"master_deck":["AscendersBane","Strike_R","Strike_R","Strike_R","Defend_R","Defend_R","Defend_R+1","Bash","Cleave","Searing Blow+12","Ghostly Armor","Metallicize","Berserk","Ghostly Armor","Battle Trance","Feed","Armaments+1","Reaper","Mayhem","Pommel Strike+1","Shrug It Off"],"special_seed":0,"relics":["Black Blood","Ginger","MawBank","Red Skull","Magic Flower","Potion Belt","Velvet Choker","Turnip","Old Coin","Vajra","Pocketwatch","Frozen Eye","Bronze Scales","Blue Candle","Dream Catcher","War Paint","Girya"],"potions_floor_usage":[50,50,50],"damage_taken":[{"damage":1.0,"enemies":"Cultist","floor":1.0,"turns":3.0},{"damage":7.0,"enemies":"Jaw Worm","floor":3.0,"turns":4.0},{"damage":29.0,"enemies":"Gremlin Nob","floor":7.0,"turns":4.0},{"damage":19.0,"enemies":"Lagavulin","floor":11.0,"turns":5.0},{"damage":0.0,"enemies":"Small Slimes","floor":12.0,"turns":3.0},{"damage":4.0,"enemies":"Gremlin Nob","floor":14.0,"turns":4.0},{"damage":0.0,"enemies":"Slime Boss","floor":16.0,"turns":3.0},{"damage":12.0,"enemies":"2 Thieves","floor":18.0,"turns":4.0},{"damage":0.0,"enemies":"Chosen","floor":19.0,"turns":2.0},{"damage":13.0,"enemies":"Centurion and Healer","floor":21.0,"turns":5.0},{"damage":69.0,"enemies":"Book of Stabbing","floor":24.0,"turns":6.0},{"damage":5.0,"enemies":"Sentry and Sphere","floor":25.0,"turns":4.0},{"damage":19.0,"enemies":"Shelled Parasite and Fungi","floor":28.0,"turns":3.0},{"damage":4.0,"enemies":"Centurion and Healer","floor":29.0,"turns":3.0},{"damage":9.0,"enemies":"Snake Plant","floor":31.0,"turns":3.0},{"damage":26.0,"enemies":"Champ","floor":33.0,"turns":7.0},{"damage":55.0,"enemies":"3 Darklings","floor":35.0,"turns":5.0},{"damage":18.0,"enemies":"Mind Bloom Boss Battle","floor":36.0,"turns":6.0},{"damage":18.0,"enemies":"3 Shapes","floor":39.0,"turns":3.0},{"damage":66.0,"enemies":"Giant Head","floor":42.0,"turns":5.0},{"damage":3.0,"enemies":"Nemesis","floor":45.0,"turns":3.0},{"damage":10.0,"enemies":"Transient","floor":46.0,"turns":6.0},{"damage":54.0,"enemies":"4 Shapes","floor":47.0,"turns":5.0},{"damage":11.0,"enemies":"Sphere and 2 Shapes","floor":48.0,"turns":4.0},{"damage":118,"enemies":"Awakened One","floor":50,"turns":8}],"seed_played":"-4103288192696083002","potions_obtained":[{"floor":1.0,"key":"GamblersBrew"},{"floor":12.0,"key":"Weak Potion"},{"floor":14.0,"key":"Swift Potion"},{"floor":19.0,"key":"SkillPotion"},{"floor":24.0,"key":"LiquidBronze"},{"floor":28.0,"key":"GamblersBrew"},{"floor":29.0,"key":"BloodPotion"},{"floor":31.0,"key":"LiquidBronze"},{"floor":45.0,"key":"Fire Potion"},{"floor":47.0,"key":"Poison Potion"},{"floor":48.0,"key":"SkillPotion"}],"is_trial":false,"path_per_floor":["M","$","M","?","?","R","E","R","T","R","E","M","R","E","R","B",null,"M","M","?","M","$","R","E","M","T","R","M","M","R","M","R","B",null,"M","?","?","$","M","R","T","E","T","R","E","M","M","M","R","B"],"character_chosen":"IRONCLAD","items_purchased":["Searing Blow","Turnip","Mayhem","Frozen Eye","Bronze Scales"],"campfire_rested":0,"item_purchase_floors":[2,22,38,38,38],"current_hp_per_floor":[55,55,54,54,59,59,36,36,36,36,23,32,32,37,37,46,72,69,78,78,74,74,74,19,23,23,23,18,28,28,28,28,11,70,54,51,51,51,48,48,48,34,34,34,46,69,66,91,91,0],"gold":175,"neow_bonus":"ONE_RARE_RELIC","is_prod":false,"is_daily":false,"chose_seed":false,"campfire_upgraded":12,"win_rate":0,"timestamp":1560962316,"path_taken":["M","?","?","?","?","R","E","R","T","R","E","M","R","E","R","BOSS","M","M","?","M","$","R","E","M","T","R","M","M","R","M","R","BOSS","M","?","?","$","M","R","?","E","T","R","E","M","M","M","R","BOSS"],"build_version":"2019-06-18","purchased_purges":2,"victory":false,"max_hp_per_floor":[75,75,75,75,80,80,80,80,80,80,80,80,80,80,80,80,80,80,80,80,80,80,80,83,83,83,83,86,89,89,89,89,89,89,92,92,87,87,87,87,87,90,90,90,90,90,90,94,94,98],"card_choices":[{"not_picked":["Dual Wield","Sentinel"],"picked":"Cleave","floor":1.0},{"not_picked":["Perfected Strike","Headbutt"],"picked":"Ghostly Armor","floor":3.0},{"not_picked":["Warcry","Clash"],"picked":"Metallicize","floor":7.0},{"not_picked":["Perfected Strike","Body Slam"],"picked":"Berserk","floor":11.0},{"not_picked":["Iron Wave","Shockwave"],"picked":"Ghostly Armor","floor":12.0},{"not_picked":["Iron Wave","Metallicize"],"picked":"Battle Trance","floor":14.0},{"not_picked":["Bludgeon","Impervious"],"picked":"Feed","floor":16.0},{"not_picked":["Iron Wave","Sever Soul+1","Anger"],"picked":"SKIP","floor":18.0},{"not_picked":["Warcry","Body Slam","Flex"],"picked":"SKIP","floor":19.0},{"not_picked":["Twin Strike","Heavy Blade","Iron Wave"],"picked":"SKIP","floor":21.0},{"not_picked":["Havoc","Iron Wave","Anger+1"],"picked":"SKIP","floor":24.0},{"not_picked":["Iron Wave","Rampage","Rage"],"picked":"SKIP","floor":25.0},{"not_picked":["Dropkick","Fire Breathing"],"picked":"Armaments","floor":28.0},{"not_picked":["Wild Strike","Seeing Red","Iron Wave"],"picked":"SKIP","floor":29.0},{"not_picked":["Pommel Strike","Twin Strike+1","Heavy Blade"],"picked":"SKIP","floor":31.0},{"not_picked":["Berserk","Brutality"],"picked":"Reaper","floor":33.0},{"not_picked":["Warcry","Armaments","Clothesline+1"],"picked":"SKIP","floor":35.0},{"not_picked":["Pommel Strike","Iron Wave+1","Warcry"],"picked":"SKIP","floor":39.0},{"not_picked":["Corruption+1","Immolate"],"picked":"Pommel Strike+1","floor":42.0},{"not_picked":["Body Slam+1","Heavy Blade"],"picked":"Shrug It Off","floor":45.0},{"not_picked":["Pommel Strike","Perfected Strike+1","Heavy Blade"],"picked":"SKIP","floor":46.0},{"not_picked":["Ghostly Armor","Sentinel","Feed"],"picked":"SKIP","floor":47.0},{"not_picked":["True Grit","Uppercut","Flex"],"picked":"SKIP","floor":48.0}],"player_experience":3457706,"relics_obtained":[{"floor":7.0,"key":"MawBank"},{"floor":9.0,"key":"Red Skull"},{"floor":11.0,"key":"Magic Flower"},{"floor":14.0,"key":"Potion Belt"},{"floor":24.0,"key":"Old Coin"},{"floor":26.0,"key":"Vajra"},{"floor":36.0,"key":"Pocketwatch"},{"floor":41.0,"key":"Blue Candle"},{"floor":42.0,"key":"Dream Catcher"},{"floor":43.0,"key":"War Paint"},{"floor":45.0,"key":"Girya"}],"event_choices":[{"cards_removed":["Strike_R"],"damage_healed":0.0,"max_hp_gain":0.0,"max_hp_loss":0.0,"gold_gain":0.0,"event_name":"The Cleric","player_choice":"Card Removal","floor":4.0,"gold_loss":75.0,"damage_taken":0.0},{"damage_healed":0.0,"max_hp_gain":5.0,"max_hp_loss":0.0,"gold_gain":0.0,"event_name":"Big Fish","player_choice":"Donut","floor":5.0,"gold_loss":0.0,"damage_taken":0.0},{"damage_healed":0.0,"max_hp_gain":0.0,"max_hp_loss":0.0,"gold_gain":0.0,"event_name":"Ghosts","player_choice":"Ignored","floor":20.0,"gold_loss":0.0,"damage_taken":0.0},{"damage_healed":0.0,"max_hp_gain":0.0,"max_hp_loss":0.0,"gold_gain":0.0,"event_name":"MindBloom","player_choice":"Fight","floor":36.0,"gold_loss":0.0,"damage_taken":0.0},{"damage_healed":0.0,"max_hp_gain":0.0,"max_hp_loss":5.0,"gold_gain":0.0,"event_name":"Winding Halls","player_choice":"Max HP","floor":37.0,"gold_loss":0.0,"damage_taken":0.0}],"is_beta":true,"boss_relics":[{"not_picked":["Snecko Eye","Tiny House"],"picked":"Velvet Choker"},{"not_picked":["Philosopher\u0027s Stone","Calling Bell"],"picked":"Black Blood"}],"items_purged_floors":[22,38],"is_endless":false,"potions_floor_spawned":[1,12,14,19,24,28,29,31,45,47,48],"killed_by":"Awakened One","ascension_level":20}