{"gold_per_floor":[114,264,282,357,376,376,16,42,68,68,87,87,101,133,133,210,210,227,227,238,53,53,53,82,25,25,25,25,25,25,25,25,25],"floor_reached":33,"playtime":1554,"items_purged":["Strike_R","Doubt"],"score":544,"play_id":"5b168468-7937-48e9-a061-1bd2f2fdaa24","local_time":"20190314012808","is_ascension_mode":true,"campfire_choices":[{"data":"Bash","floor":6.0,"key":"SMITH"},{"data":"Spot Weakness","floor":12.0,"key":"SMITH"},{"data":"Clothesline","floor":15.0,"key":"SMITH"},{"floor":23.0,"key":"REST"},{"floor":28.0,"key":"REST"},{"data":"Flame Barrier","floor":30.0,"key":"SMITH"},{"floor":32.0,"key":"REST"}],"neow_cost":"NONE","seed_source_timestamp":0,"circlet_count":0,"master_deck":["AscendersBane","Strike_R+1","Strike_R","Strike_R+1","Defend_R","Defend_R","Defend_R","Defend_R","Bash+1","Spot Weakness+1","Clothesline+1","Flame Barrier+1","Battle Trance","Havoc","Fiend Fire","Power Through","Reaper","Spot Weakness","Inflame","Impervious"],"special_seed":0,"relics":["Burning Blood","NeowsBlessing","Matryoshka","Whetstone","Bronze Scales","Red Skull","Strawberry","Runic Pyramid","Ice Cream","Blood Vial","Self Forming Clay","MutagenicStrength"],"potions_floor_usage":[33,33],"damage_taken":[{"damage":0.0,"enemies":"Jaw Worm","floor":1.0,"turns":1.0},{"damage":0.0,"enemies":"Small Slimes","floor":3.0,"turns":1.0},{"damage":0.0,"enemies":"2 Louse","floor":5.0,"turns":1.0},{"damage":15.0,"enemies":"3 Sentries","floor":8.0,"turns":5.0},{"damage":13.0,"enemies":"Exordium Wildlife","floor":11.0,"turns":5.0},{"damage":17.0,"enemies":"Looter","floor":13.0,"turns":3.0},{"damage":0.0,"enemies":"Gremlin Nob","floor":14.0,"turns":2.0},{"damage":34.0,"enemies":"The Guardian","floor":16.0,"turns":10.0},{"damage":33.0,"enemies":"2 Thieves","floor":18.0,"turns":4.0},{"damage":0.0,"enemies":"Chosen","floor":20.0,"turns":2.0},{"damage":54.0,"enemies":"Colosseum Slavers","floor":22.0,"turns":5.0},{"damage":68.0,"enemies":"Slavers","floor":24.0,"turns":5.0},{"damage":111,"enemies":"Collector","floor":33,"turns":8}],"seed_played":"2102348062370568675","potions_obtained":[{"floor":1.0,"key":"AttackPotion"},{"floor":3.0,"key":"LiquidBronze"},{"floor":11.0,"key":"Regen Potion"},{"floor":16.0,"key":"GamblersBrew"},{"floor":24.0,"key":"Dexterity Potion"}],"is_trial":false,"path_per_floor":["M","?","M","?","M","R","$","E","T","?","M","R","M","E","R","B",null,"M","?","M","$","?","R","E","$","T","?","R","$","R","?","R","B"],"character_chosen":"IRONCLAD","items_purchased":["Matryoshka","Inflame","FearPotion"],"campfire_rested":3,"item_purchase_floors":[7,21,25],"current_hp_per_floor":[74,74,75,64,70,70,70,61,61,54,47,47,36,49,49,35,70,54,54,60,60,42,66,24,24,24,24,48,48,48,48,72,0],"gold":25,"neow_bonus":"THREE_ENEMY_KILL","is_prod":false,"is_daily":false,"chose_seed":false,"campfire_upgraded":4,"win_rate":0,"timestamp":1552523288,"path_taken":["M","?","M","?","M","R","$","E","T","?","M","R","M","E","R","BOSS","M","?","M","$","?","R","E","?","T","?","R","$","R","?","R","BOSS"],"build_version":"2019-02-06","purchased_purges":2,"victory":false,"max_hp_per_floor":[75,75,75,75,75,75,75,75,75,75,75,75,75,82,82,82,82,82,82,82,82,82,82,82,82,82,82,82,82,82,82,82,82],"card_choices":[{"not_picked":["Whirlwind","Ghostly Armor"],"picked":"Spot Weakness","floor":1.0},{"not_picked":["Headbutt","Shrug It Off"],"picked":"Clothesline","floor":3.0},{"not_picked":["Blood for Blood","Pummel"],"picked":"Flame Barrier","floor":5.0},{"not_picked":["Armaments","True Grit"],"picked":"Battle Trance","floor":8.0},{"not_picked":["Wild Strike","Clothesline"],"picked":"Havoc","floor":11.0},{"not_picked":["Clash","Burning Pact"],"picked":"Fiend Fire","floor":13.0},{"not_picked":["Pommel Strike","Flex"],"picked":"Power Through","floor":14.0},{"not_picked":["Bludgeon","Feed"],"picked":"Reaper","floor":16.0},{"not_picked":["Pommel Strike","Havoc","Dropkick"],"picked":"SKIP","floor":18.0},{"not_picked":["Entrench","Rampage","Iron Wave"],"picked":"SKIP","floor":20.0},{"not_picked":["Anger","Twin Strike"],"picked":"Impervious","floor":24.0}],"player_experience":265127,"relics_obtained":[{"floor":8.0,"key":"Whetstone"},{"floor":9.0,"key":"Bronze Scales"},{"floor":9.0,"key":"Red Skull"},{"floor":14.0,"key":"Strawberry"},{"floor":24.0,"key":"Ice Cream"},{"floor":26.0,"key":"Blood Vial"},{"floor":26.0,"key":"Self Forming Clay"}],"event_choices":[{"damage_healed":0.0,"max_hp_gain":0.0,"max_hp_loss":0.0,"gold_gain":150.0,"event_name":"Liars Game","player_choice":"AGREE","floor":2.0,"gold_loss":0.0,"damage_taken":0.0,"cards_obtained":["Doubt"]},{"damage_healed":0.0,"max_hp_gain":0.0,"max_hp_loss":0.0,"gold_gain":75.0,"event_name":"World of Goop","player_choice":"Gather Gold","floor":4.0,"gold_loss":0.0,"damage_taken":11.0},{"cards_removed":["Strike_R"],"damage_healed":0.0,"max_hp_gain":0.0,"max_hp_loss":0.0,"gold_gain":0.0,"event_name":"Golden Wing","player_choice":"Card Removal","floor":10.0,"gold_loss":0.0,"damage_taken":7.0},{"damage_healed":0.0,"max_hp_gain":0.0,"max_hp_loss":0.0,"gold_gain":0.0,"event_name":"The Library","player_choice":"Read","floor":19.0,"gold_loss":0.0,"damage_taken":0.0,"cards_obtained":["Spot Weakness"]},{"damage_healed":0.0,"max_hp_gain":0.0,"max_hp_loss":0.0,"gold_gain":0.0,"event_name":"Colosseum","player_choice":"Fight","floor":22.0,"gold_loss":0.0,"damage_taken":0.0},{"damage_healed":0.0,"max_hp_gain":0.0,"max_hp_loss":0.0,"gold_gain":0.0,"event_name":"Colosseum","player_choice":"Fled From Nobs","floor":22.0,"gold_loss":0.0,"damage_taken":0.0},{"damage_healed":0.0,"max_hp_gain":0.0,"max_hp_loss":0.0,"gold_gain":0.0,"event_name":"Drug Dealer","player_choice":"Inject Mutagens","floor":27.0,"gold_loss":0.0,"damage_taken":0.0,"relics_obtained":["MutagenicStrength"]}],"is_beta":true,"boss_relics":[{"not_picked":["Astrolabe","Pandora\u0027s Box"],"picked":"Runic Pyramid"}],"items_purged_floors":[7,21],"is_endless":false,"potions_floor_spawned":[1,3,11,16,22,24],"killed_by":"Collector","ascension_level":17}