{"gold_per_floor":[116,18,35,50,70,70,98,98,98,173,173,198,198,212,212,288,288,288,288,92,92,92,92,92,92,92,92,92,92,92,92,92,92,92,92,92,17,17,17,17],"floor_reached":40,"playtime":2681,"items_purged":[],"score":725,"play_id":"9955f340-7f40-47bf-b6ee-18927dba55ef","local_time":"20190405044627","is_ascension_mode":true,"campfire_choices":[{"data":"Noxious Fumes","floor":6,"key":"SMITH"},{"data":"A Thousand Cuts","floor":8,"key":"SMITH"},{"floor":11,"key":"REST"},{"floor":15,"key":"REST"},{"data":"Leg Sweep","floor":25,"key":"SMITH"},{"floor":30,"key":"REST"},{"data":"Apotheosis","floor":32,"key":"SMITH"}],"neow_cost":"NONE","seed_source_timestamp":189149084583217,"circlet_count":0,"master_deck":["AscendersBane","Defend_G","Defend_G","Defend_G","Defend_G","Defend_G","Survivor","Neutralize+1","Backflip+1","Noxious Fumes+1","Dodge and Roll","Cloak And Dagger","Poisoned Stab","A Thousand Cuts+1","Riddle With Holes","Escape Plan","Leg Sweep+1","J.A.X.","Noxious Fumes+1","Bite","Bite","Bite","Bite","Well Laid Plans","A Thousand Cuts","Apotheosis+1","Glass Knife","Corpse Explosion","Well Laid Plans","Caltrops"],"relics":["Ring of the Snake","StoneCalendar","Pear","Darkstone Periapt","Ectoplasm","DollysMirror","Oddly Smooth Stone","Dream Catcher","Eternal Feather"],"potions_floor_usage":[7,12,14,23,33,33],"damage_taken":[{"damage":0,"enemies":"Small Slimes","floor":1,"turns":6},{"damage":0,"enemies":"2 Louse","floor":3,"turns":4},{"damage":1,"enemies":"Jaw Worm","floor":4,"turns":5},{"damage":2,"enemies":"Large Slime","floor":5,"turns":8},{"damage":29,"enemies":"Gremlin Nob","floor":7,"turns":5},{"damage":17,"enemies":"3 Sentries","floor":12,"turns":7},{"damage":8,"enemies":"Looter","floor":14,"turns":3},{"damage":20,"enemies":"The Guardian","floor":16,"turns":10},{"damage":2,"enemies":"Chosen","floor":18,"turns":5},{"damage":12,"enemies":"3 Byrds","floor":22,"turns":5},{"damage":20,"enemies":"Gremlin Leader","floor":23,"turns":6},{"damage":15,"enemies":"Snecko","floor":24,"turns":6},{"damage":10,"enemies":"Centurion and Healer","floor":28,"turns":6},{"damage":30,"enemies":"Colosseum Slavers","floor":29,"turns":3},{"damage":14,"enemies":"3 Cultists","floor":31,"turns":5},{"damage":38,"enemies":"Automaton","floor":33,"turns":8},{"damage":14,"enemies":"3 Darklings","floor":35,"turns":4},{"damage":46,"enemies":"Reptomancer","floor":40,"turns":3}],"seed_played":"3468997413253367557","potions_obtained":[{"floor":1,"key":"Fire Potion"},{"floor":7,"key":"AttackPotion"},{"floor":16,"key":"Ancient Potion"},{"floor":22,"key":"EssenceOfSteel"},{"floor":24,"key":"Strength Potion"},{"floor":31,"key":"SkillPotion"}],"is_trial":false,"path_per_floor":["M","$","M","M","M","R","E","R","T","?","R","E","?","M","R","B",null,"M","?","$","?","M","E","M","R","T","?","M","?","R","M","R","B",null,"M","?","$","?","?","E"],"character_chosen":"THE_SILENT","items_purchased":["Dodge and Roll","Dexterity Potion","DollysMirror","Caltrops"],"campfire_rested":3,"item_purchase_floors":[2,2,20,37],"current_hp_per_floor":[59,59,59,58,56,56,27,27,37,26,48,31,31,23,45,25,63,61,61,61,53,47,39,34,34,34,34,43,21,36,40,40,23,46,41,41,41,36,36,0],"gold":17,"neow_bonus":"TRANSFORM_CARD","is_prod":false,"is_daily":false,"chose_seed":false,"campfire_upgraded":4,"win_rate":0,"timestamp":1554432387,"path_taken":["M","$","M","M","M","R","E","R","T","?","R","E","?","M","R","BOSS","M","?","?","?","M","E","M","R","T","?","?","?","R","M","R","BOSS","M","?","?","?","?","E"],"build_version":"2019-03-15","purchased_purges":0,"victory":false,"max_hp_per_floor":[66,66,66,66,66,66,66,66,76,76,76,76,76,76,76,76,76,76,76,76,53,53,53,53,53,53,53,53,53,53,53,53,53,53,53,53,53,53,53,53],"card_choices":[{"not_picked":["Deflect","PiercingWail"],"picked":"Noxious Fumes","floor":1},{"not_picked":["Prepared","Outmaneuver"],"picked":"Cloak And Dagger","floor":3},{"not_picked":["Eviscerate","Acrobatics"],"picked":"Poisoned Stab","floor":4},{"not_picked":["Backflip","Endless Agony"],"picked":"A Thousand Cuts","floor":5},{"not_picked":["Choke","Prepared","Tools of the Trade"],"picked":"SKIP","floor":7},{"not_picked":["Outmaneuver","Prepared"],"picked":"Riddle With Holes","floor":12},{"not_picked":["Dagger Throw","Deflect"],"picked":"Escape Plan","floor":14},{"not_picked":["Dodge and Roll","Blade Dance"],"picked":"Leg Sweep","floor":18},{"not_picked":["Cloak And Dagger","Blade Dance"],"picked":"Well Laid Plans","floor":22},{"not_picked":["Deadly Poison","Dodge and Roll"],"picked":"A Thousand Cuts","floor":23},{"not_picked":["Cloak And Dagger","Eviscerate","Heel Hook"],"picked":"SKIP","floor":24},{"not_picked":["Flying Knee","Dodge and Roll","Backstab"],"picked":"SKIP","floor":28},{"not_picked":["Dagger Throw","Well Laid Plans+1"],"picked":"Glass Knife","floor":31},{"not_picked":["Unload","Night Terror"],"picked":"Corpse Explosion","floor":33},{"not_picked":["Sucker Punch+1","Poisoned Stab+1"],"picked":"Well Laid Plans","floor":35}],"player_experience":447975,"relics_obtained":[{"floor":7,"key":"StoneCalendar"},{"floor":9,"key":"Pear"},{"floor":12,"key":"Darkstone Periapt"},{"floor":23,"key":"Oddly Smooth Stone"},{"floor":26,"key":"Dream Catcher"}],"event_choices":[{"damage_healed":0,"gold_gain":75,"player_choice":"Gather Gold","damage_taken":11,"max_hp_gain":0,"max_hp_loss":0,"event_name":"World of Goop","floor":10,"gold_loss":0},{"damage_healed":0,"gold_gain":0,"player_choice":"Grow","damage_taken":0,"max_hp_gain":0,"max_hp_loss":0,"event_name":"Living Wall","floor":13,"gold_loss":0,"cards_upgraded":["Neutralize"]},{"damage_healed":0,"gold_gain":0,"player_choice":"Obtain J.A.X.","damage_taken":0,"max_hp_gain":0,"max_hp_loss":0,"event_name":"Drug Dealer","floor":19,"gold_loss":0,"cards_obtained":["J.A.X."]},{"damage_healed":0,"gold_gain":0,"player_choice":"Became a vampire","damage_taken":0,"max_hp_gain":0,"max_hp_loss":23,"event_name":"Vampires","floor":21,"gold_loss":0,"cards_obtained":["Bite","Bite","Bite","Bite","Bite"]},{"damage_healed":0,"gold_gain":0,"cards_transformed":["Bite"],"player_choice":"Transformed","damage_taken":0,"max_hp_gain":0,"max_hp_loss":0,"event_name":"Transmorgrifier","floor":27,"gold_loss":0,"cards_obtained":["Apotheosis"]},{"damage_healed":0,"gold_gain":0,"player_choice":"Fight","damage_taken":0,"max_hp_gain":0,"max_hp_loss":0,"event_name":"Colosseum","floor":29,"gold_loss":0},{"damage_healed":0,"gold_gain":0,"player_choice":"Fled From Nobs","damage_taken":0,"max_hp_gain":0,"max_hp_loss":0,"event_name":"Colosseum","floor":29,"gold_loss":0},{"damage_healed":0,"gold_gain":0,"player_choice":"Forge","damage_taken":0,"max_hp_gain":0,"max_hp_loss":0,"event_name":"Accursed Blacksmith","floor":36,"gold_loss":0,"cards_upgraded":["Backflip"]},{"damage_healed":0,"gold_gain":0,"player_choice":"Memory 2","damage_taken":5,"max_hp_gain":0,"max_hp_loss":0,"event_name":"SensoryStone","floor":38,"gold_loss":0},{"damage_healed":0,"gold_gain":0,"player_choice":"Ignored","damage_taken":0,"max_hp_gain":0,"max_hp_loss":0,"event_name":"SecretPortal","floor":39,"gold_loss":0}],"is_beta":true,"boss_relics":[{"not_picked":["Philosopher\u0027s Stone","HoveringKite"],"picked":"Ectoplasm"},{"not_picked":["WristBlade","Astrolabe"],"picked":"Eternal Feather"}],"items_purged_floors":[],"is_endless":false,"potions_floor_spawned":[1,4,7,16,22,24,31],"killed_by":"Reptomancer","ascension_level":14}