{"gold_per_floor":[125,150,177,209,237,249,279,291,303,315,327,354,397,559,571,661,673,703,715,32,51,51,51,85,85,85,119,119,119,136,136,136,136],"floor_reached":33,"playtime":2159,"items_purged":["Strike_R"],"score":560,"play_id":"74eb49d2-c60d-4ca2-adfe-f3afe2916b0a","local_time":"20190319170007","is_ascension_mode":true,"campfire_choices":[{"floor":6,"key":"REST"},{"data":"Bash","floor":8,"key":"SMITH"},{"data":"Disarm","floor":10,"key":"SMITH"},{"floor":15,"key":"REST"},{"floor":23,"key":"REST"},{"floor":25,"key":"REST"},{"data":"Uppercut","floor":29,"key":"SMITH"},{"floor":32,"key":"REST"}],"neow_cost":"NONE","seed_source_timestamp":185876885184458,"circlet_count":0,"master_deck":["AscendersBane","Strike_R","Strike_R","Strike_R","Strike_R","Defend_R","Defend_R","Defend_R","Defend_R","Bash+1","Cleave","Disarm+1","Rampage","Shrug It Off","Power Through","Uppercut+1","Juggernaut","Clothesline","Burning Pact","Bludgeon","Parasite","Flame Barrier"],"relics":["Burning Blood","MawBank","Omamori","WarpedTongs","Smiling Mask","Cursed Key","Enchiridion","Torii","Ice Cream","Strawberry","Shuriken","Bottled Lightning"],"potions_floor_usage":[5,7,22,24,27,27,27,33],"damage_taken":[{"damage":1,"enemies":"Cultist","floor":1,"turns":3},{"damage":0,"enemies":"2 Louse","floor":2,"turns":3},{"damage":17,"enemies":"Jaw Worm","floor":3,"turns":5},{"damage":10,"enemies":"2 Fungi Beasts","floor":4,"turns":3},{"damage":18,"enemies":"Exordium Thugs","floor":5,"turns":5},{"damage":12,"enemies":"3 Louse","floor":7,"turns":5},{"damage":14,"enemies":"Exordium Wildlife","floor":12,"turns":5},{"damage":37,"enemies":"Gremlin Nob","floor":13,"turns":5},{"damage":27,"enemies":"The Guardian","floor":16,"turns":14},{"damage":15,"enemies":"Shell Parasite","floor":18,"turns":8},{"damage":1,"enemies":"Chosen","floor":21,"turns":5},{"damage":0,"enemies":"Centurion and Healer","floor":22,"turns":2},{"damage":36,"enemies":"Slavers","floor":24,"turns":6},{"damage":46,"enemies":"Gremlin Leader","floor":27,"turns":8},{"damage":38,"enemies":"Shelled Parasite and Fungi","floor":30,"turns":5},{"damage":96,"enemies":"Automaton","floor":33,"turns":14}],"seed_played":"8306178045735209262","potions_obtained":[{"floor":1,"key":"Dexterity Potion"},{"floor":4,"key":"Poison Potion"},{"floor":12,"key":"SmokeBomb"},{"floor":16,"key":"GamblersBrew"},{"floor":18,"key":"Fire Potion"},{"floor":24,"key":"EntropicBrew"},{"floor":27,"key":"Dexterity Potion"}],"is_trial":false,"path_per_floor":["M","M","M","M","M","R","M","R","T","R","?","M","E","?","R","B",null,"M","?","$","M","M","R","E","R","T","E","?","R","M","?","R","B"],"character_chosen":"IRONCLAD","items_purchased":["Torii","Ice Cream"],"campfire_rested":5,"item_purchase_floors":[20,20],"current_hp_per_floor":[73,75,64,60,48,70,64,64,64,64,64,56,25,25,47,26,63,54,33,33,38,44,66,43,67,67,27,82,82,50,50,74,0],"gold":136,"neow_bonus":"RANDOM_COMMON_RELIC","is_prod":false,"is_daily":false,"chose_seed":false,"campfire_upgraded":3,"win_rate":0,"timestamp":1553011207,"path_taken":["M","M","M","M","M","R","M","R","T","R","?","?","E","?","R","BOSS","M","?","$","M","M","R","E","R","T","E","?","R","?","?","R","BOSS"],"build_version":"2019-03-15","purchased_purges":1,"victory":false,"max_hp_per_floor":[75,75,75,75,75,75,75,75,75,75,75,75,75,75,75,75,75,75,75,75,75,75,75,82,82,82,82,82,82,82,82,82,82],"card_choices":[{"not_picked":["Intimidate","Perfected Strike"],"picked":"Cleave","floor":1},{"not_picked":["Clothesline","Clash"],"picked":"Disarm","floor":2},{"not_picked":["Cleave","Corruption"],"picked":"Rampage","floor":3},{"not_picked":["Clash","Wild Strike","Entrench"],"picked":"SKIP","floor":4},{"not_picked":["Flex","Blood for Blood"],"picked":"Shrug It Off","floor":5},{"not_picked":["Dark Embrace","Flex"],"picked":"Power Through","floor":7},{"not_picked":["Ghostly Armor","Searing Blow"],"picked":"Uppercut","floor":12},{"not_picked":["Warcry","Rampage","Reckless Charge"],"picked":"SKIP","floor":13},{"not_picked":["Barricade","Berserk"],"picked":"Juggernaut","floor":16},{"not_picked":["Uppercut","Iron Wave"],"picked":"Clothesline","floor":18},{"not_picked":["Feel No Pain","Headbutt"],"picked":"Burning Pact","floor":21},{"not_picked":["Blood for Blood","Flex"],"picked":"Bludgeon","floor":24},{"not_picked":["Intimidate","Feel No Pain","Entrench"],"picked":"SKIP","floor":27},{"not_picked":["Disarm","Warcry+1"],"picked":"Flame Barrier","floor":30}],"player_experience":322840,"relics_obtained":[{"floor":9,"key":"Omamori"},{"floor":13,"key":"Smiling Mask"},{"floor":19,"key":"Enchiridion"},{"floor":24,"key":"Strawberry"},{"floor":26,"key":"Shuriken"},{"floor":27,"key":"Bottled Lightning"}],"event_choices":[{"damage_healed":0,"gold_gain":0,"player_choice":"Rummage","damage_taken":0,"relics_obtained":["WarpedTongs"],"max_hp_gain":0,"max_hp_loss":0,"event_name":"Accursed Blacksmith","floor":11,"gold_loss":0,"cards_obtained":["Pain"]},{"damage_healed":0,"gold_gain":150,"player_choice":"AGREE","damage_taken":0,"max_hp_gain":0,"max_hp_loss":0,"event_name":"Liars Game","floor":14,"gold_loss":0,"cards_obtained":["Doubt"]},{"damage_healed":0,"gold_gain":0,"player_choice":"Obtained Book","damage_taken":21,"max_hp_gain":0,"max_hp_loss":0,"event_name":"Cursed Tome","floor":19,"gold_loss":0},{"damage_healed":55,"gold_gain":0,"player_choice":"Full Heal","damage_taken":0,"max_hp_gain":0,"max_hp_loss":0,"event_name":"Wheel of Change","floor":28,"gold_loss":0},{"damage_healed":0,"gold_gain":0,"player_choice":"Ignored","damage_taken":0,"max_hp_gain":0,"max_hp_loss":0,"event_name":"The Mausoleum","floor":31,"gold_loss":0}],"is_beta":true,"boss_relics":[{"not_picked":["Empty Cage","Runic Pyramid"],"picked":"Cursed Key"}],"items_purged_floors":[20],"is_endless":false,"potions_floor_spawned":[1,4,12,16,18,24,27],"killed_by":"Automaton","ascension_level":19}