{"gold_per_floor":[17,32,32,56,1,1,41,41,67,67,98,11,11,30,30,128,128,142,163,163,213,226,226,77,77,122,135,158,158,172,97,97,191,191,211,211,231,231,245,245,245],"floor_reached":41,"playtime":11808,"items_purged":["Defend_B"],"score":877,"play_id":"a81ebfa3-bf87-4c60-aefe-cf5e3e2904da","local_time":"20190324204818","is_ascension_mode":true,"campfire_choices":[{"data":"Hyperbeam","floor":6.0,"key":"SMITH"},{"data":"Darkness","floor":8.0,"key":"SMITH"},{"data":"Dualcast","floor":10.0,"key":"SMITH"},{"data":"Static Discharge","floor":13.0,"key":"SMITH"},{"data":"Doom and Gloom","floor":15.0,"key":"SMITH"},{"data":"Rainbow","floor":23.0,"key":"SMITH"},{"data":"Capacitor","floor":25.0,"key":"SMITH"},{"data":"Hologram","floor":29,"key":"SMITH"},{"data":"Melter","floor":32,"key":"SMITH"},{"floor":40,"key":"REST"}],"neow_cost":"NO_GOLD","seed_source_timestamp":1345818951111500,"circlet_count":0,"master_deck":["AscendersBane","Defend_B","Zap","Dualcast+1","Hyperbeam+1","BootSequence","Doom and Gloom+1","Compile Driver","Darkness+1","Conserve Battery","Melter+1","Cold Snap","Rainbow+1","Redo","Conserve Battery","Bite","Bite","Bite","Bite","Bite","Capacitor+1","Coolheaded+1","Hologram+1","Electrodynamics","Reinforced Body","Reinforced Body"],"special_seed":0,"relics":["Cracked Core","Golden Idol","Vajra","Singing Bowl","Regal Pillow","Nunchaku","Snecko Eye","Blood Vial","Philosopher\u0027s Stone"],"potions_floor_usage":[33,33,39,41],"damage_taken":[{"damage":0.0,"enemies":"Small Slimes","floor":1.0,"turns":1.0},{"damage":0.0,"enemies":"2 Louse","floor":2.0,"turns":1.0},{"damage":6.0,"enemies":"Cultist","floor":4.0,"turns":3.0},{"damage":0.0,"enemies":"Gremlin Nob","floor":7.0,"turns":2.0},{"damage":10.0,"enemies":"Lagavulin","floor":11.0,"turns":5.0},{"damage":3.0,"enemies":"Blue Slaver","floor":14.0,"turns":2.0},{"damage":31.0,"enemies":"Hexaghost","floor":16.0,"turns":7.0},{"damage":24.0,"enemies":"Shell Parasite","floor":18.0,"turns":3.0},{"damage":2.0,"enemies":"Spheric Guardian","floor":19.0,"turns":3.0},{"damage":1.0,"enemies":"Centurion and Healer","floor":22.0,"turns":8.0},{"damage":11.0,"enemies":"Cultist and Chosen","floor":27.0,"turns":3.0},{"damage":0.0,"enemies":"3 Cultists","floor":28.0,"turns":2.0},{"damage":10,"enemies":"Sentry and Sphere","floor":30,"turns":4},{"damage":44,"enemies":"Automaton","floor":33,"turns":8},{"damage":10,"enemies":"3 Shapes","floor":35,"turns":3},{"damage":17,"enemies":"Orb Walker","floor":37,"turns":2},{"damage":26,"enemies":"Transient","floor":39,"turns":6},{"damage":67,"enemies":"Giant Head","floor":41,"turns":6}],"seed_played":"4080274868684263042","potions_obtained":[{"floor":1.0,"key":"AttackPotion"},{"floor":2.0,"key":"Strength Potion"},{"floor":14.0,"key":"AttackPotion"},{"floor":19.0,"key":"FocusPotion"},{"floor":22.0,"key":"SpeedPotion"},{"floor":27.0,"key":"Fire Potion"},{"floor":28,"key":"FocusPotion"},{"floor":33,"key":"FearPotion"},{"floor":39,"key":"SneckoOil"}],"is_trial":false,"path_per_floor":["M","M","?","M","?","R","E","R","T","R","E","$","R","M","R","B",null,"M","M","?","?","M","R","$","R","T","M","M","R","M","?","R","B",null,"M","?","M","?","M","R","E"],"character_chosen":"DEFECT","items_purchased":["Melter","Capacitor"],"campfire_rested":1,"item_purchase_floors":[12,24],"current_hp_per_floor":[64,64,64,58,58,58,58,58,58,58,48,48,48,45,45,14,52,28,26,26,26,43,43,43,43,43,38,42,42,42,42,42,12,39,35,35,26,26,14,43,0],"gold":245,"neow_bonus":"TRANSFORM_TWO_CARDS","is_prod":false,"is_daily":false,"chose_seed":false,"campfire_upgraded":9,"win_rate":0,"timestamp":1553485698,"path_taken":["M","M","?","M","?","R","E","R","T","R","E","$","R","M","R","BOSS","M","M","?","?","M","R","$","R","T","M","M","R","M","?","R","BOSS","M","?","M","?","M","R","E"],"build_version":"2019-03-15","purchased_purges":1,"victory":false,"max_hp_per_floor":[71,71,64,64,64,64,64,64,64,64,64,64,64,64,64,64,64,64,64,44,44,46,46,46,46,46,46,46,46,48,48,48,48,48,48,48,50,47,47,47,47],"card_choices":[{"not_picked":["Turbo","Blizzard"],"picked":"BootSequence","floor":1.0},{"not_picked":["Coolheaded","Compile Driver"],"picked":"Doom and Gloom","floor":2.0},{"not_picked":["Barrage","Aggregate"],"picked":"Compile Driver","floor":4.0},{"not_picked":["Streamline","Force Field"],"picked":"Darkness","floor":7.0},{"not_picked":["Steam","Capacitor"],"picked":"Conserve Battery","floor":11.0},{"not_picked":["Static Discharge","Sweeping Beam"],"picked":"Cold Snap","floor":14.0},{"not_picked":["Meteor Strike","Seek"],"picked":"Rainbow","floor":16.0},{"not_picked":["Leap","Turbo"],"picked":"Redo","floor":18.0},{"not_picked":["Rebound","Ball Lightning"],"picked":"Conserve Battery","floor":19.0},{"not_picked":["Steam","Gash","Barrage"],"picked":"Singing Bowl","floor":22.0},{"not_picked":["Sweeping Beam","Leap"],"picked":"Coolheaded+1","floor":27.0},{"not_picked":["Steam Power","Self Repair"],"picked":"Hologram","floor":28},{"not_picked":["Lockon","Recycle","Fusion"],"picked":"Singing Bowl","floor":30},{"not_picked":["Echo Form","Creative AI"],"picked":"Electrodynamics","floor":33},{"not_picked":["Barrage","Hologram"],"picked":"Reinforced Body","floor":35},{"not_picked":["Turbo","Heatsinks","Redo"],"picked":"Singing Bowl","floor":37},{"not_picked":["Redo","Tempest+1"],"picked":"Reinforced Body","floor":39}],"player_experience":3383065,"relics_obtained":[{"floor":7.0,"key":"Singing Bowl"},{"floor":9.0,"key":"Regal Pillow"},{"floor":11.0,"key":"Nunchaku"},{"floor":26.0,"key":"Blood Vial"}],"event_choices":[{"damage_healed":0.0,"max_hp_gain":0.0,"max_hp_loss":7.0,"gold_gain":0.0,"event_name":"Golden Idol","player_choice":"Lose Max HP","floor":3.0,"gold_loss":0.0,"damage_taken":0.0,"relics_obtained":["Golden Idol"]},{"damage_healed":0.0,"max_hp_gain":0.0,"max_hp_loss":0.0,"gold_gain":0.0,"event_name":"WeMeetAgain","player_choice":"Paid Gold","floor":5.0,"gold_loss":55.0,"damage_taken":0.0,"relics_obtained":["Vajra"]},{"damage_healed":0.0,"max_hp_gain":0.0,"max_hp_loss":20.0,"gold_gain":0.0,"event_name":"Vampires","player_choice":"Became a vampire","floor":20.0,"gold_loss":0.0,"damage_taken":0.0,"cards_obtained":["Bite","Bite","Bite","Bite","Bite"]},{"damage_healed":0.0,"max_hp_gain":0.0,"max_hp_loss":0.0,"gold_gain":50.0,"event_name":"Nest","player_choice":"Stole From Cult","floor":21.0,"gold_loss":0.0,"damage_taken":0.0},{"cards_removed":["Defend_B"],"damage_healed":0,"gold_gain":0,"player_choice":"Gave Gold","damage_taken":0,"max_hp_gain":0,"max_hp_loss":0,"event_name":"Beggar","floor":31,"gold_loss":75},{"cards_removed":["Static Discharge"],"damage_healed":0,"gold_gain":0,"player_choice":"Removed Power","damage_taken":0,"max_hp_gain":0,"max_hp_loss":0,"event_name":"Falling","floor":36,"gold_loss":0},{"damage_healed":0,"gold_gain":0,"player_choice":"Max HP","damage_taken":0,"max_hp_gain":0,"max_hp_loss":3,"event_name":"Winding Halls","floor":38,"gold_loss":0}],"is_beta":true,"boss_relics":[{"not_picked":["Lizard Tail","Pandora\u0027s Box"],"picked":"Snecko Eye"},{"not_picked":["Runic Dome","Astrolabe"],"picked":"Philosopher\u0027s Stone"}],"items_purged_floors":[24],"is_endless":false,"potions_floor_spawned":[1,2,14,19,22,27,28,33,39],"killed_by":"Giant Head","ascension_level":20}