{"gold_per_floor":[218,143,10,22,40,74,94,94,124,60,77,77,94,171,171,171],"floor_reached":16,"playtime":541,"items_purged":["Strike_B"],"score":199,"play_id":"e9d6a6f5-92ff-43bd-9178-e9c1b1053926","local_time":"20181107202642","is_ascension_mode":true,"campfire_choices":[{"data":"Zap","floor":8,"key":"SMITH"},{"floor":15,"key":"REST"}],"neow_cost":"NONE","seed_source_timestamp":4126846900212570,"circlet_count":0,"master_deck":["AscendersBane","Strike_B","Strike_B","Defend_B","Defend_B","Defend_B","Defend_B","Zap+1","Dualcast","Defragment","Streamline","Go for the Eyes","Compile Driver","Thunder Strike","Reinforced Body","Genetic Algorithm"],"relics":["Cracked Core","Vajra","Tiny Chest","The Courier","Pear"],"potions_floor_usage":[6,13],"damage_taken":[{"damage":0,"enemies":"Small Slimes","floor":1,"turns":4},{"damage":1,"enemies":"Cultist","floor":4,"turns":3},{"damage":0,"enemies":"Jaw Worm","floor":5,"turns":3},{"damage":28,"enemies":"3 Sentries","floor":6,"turns":7},{"damage":13,"enemies":"3 Louse","floor":7,"turns":3},{"damage":11,"enemies":"Exordium Wildlife","floor":11,"turns":3},{"damage":2,"enemies":"Large Slime","floor":13,"turns":7},{"damage":45,"enemies":"Hexaghost","floor":16,"turns":9}],"seed_played":"5818472967425363730","potions_obtained":[{"floor":4,"key":"EssenceOfSteel"},{"floor":11,"key":"SpeedPotion"}],"is_trial":false,"path_per_floor":["M","?","$","M","M","E","M","R","T","?","M","?","M","T","R","B"],"character_chosen":"DEFECT","items_purchased":["Streamline"],"campfire_rested":1,"item_purchase_floors":[3],"current_hp_per_floor":[64,64,64,63,63,35,22,22,22,22,11,11,9,19,43,0],"gold":171,"neow_bonus":"HUNDRED_GOLD","is_prod":false,"is_daily":false,"chose_seed":false,"campfire_upgraded":1,"win_rate":0,"timestamp":1541651202,"path_taken":["M","?","$","M","M","E","M","R","T","?","?","?","M","?","R","BOSS"],"build_version":"2018-11-06","purchased_purges":1,"victory":false,"max_hp_per_floor":[71,71,71,71,71,71,71,71,71,71,71,71,71,81,81,81],"card_choices":[{"not_picked":["Compile Driver","Heatsinks"],"picked":"Defragment","floor":1},{"not_picked":["Redo","Reinforced Body"],"picked":"Go for the Eyes","floor":4},{"not_picked":["Reprogram","Undo"],"picked":"Compile Driver","floor":5},{"not_picked":["Lockon","Turbo","Storm"],"picked":"SKIP","floor":6},{"not_picked":["Go for the Eyes","Sunder"],"picked":"Thunder Strike","floor":7},{"not_picked":["Force Field","Hologram"],"picked":"Reinforced Body","floor":11},{"not_picked":["Scrape","Chill"],"picked":"Genetic Algorithm","floor":13}],"player_experience":1025740,"relics_obtained":[{"floor":6,"key":"Vajra"},{"floor":9,"key":"Tiny Chest"},{"floor":14,"key":"Pear"}],"event_choices":[{"cards_removed":["Strike_B"],"damage_healed":0,"gold_gain":0,"player_choice":"Card Removal","damage_taken":0,"max_hp_gain":0,"max_hp_loss":0,"event_name":"The Cleric","floor":2,"gold_loss":75},{"damage_healed":0,"gold_gain":0,"player_choice":"Paid Gold","damage_taken":0,"relics_obtained":["The Courier"],"max_hp_gain":0,"max_hp_loss":0,"event_name":"WeMeetAgain","floor":10,"gold_loss":64},{"damage_healed":0,"gold_gain":0,"player_choice":"Ignored","damage_taken":0,"max_hp_gain":0,"max_hp_loss":0,"event_name":"Shining Light","floor":12,"gold_loss":0}],"is_beta":true,"boss_relics":[],"items_purged_floors":[3],"is_endless":false,"potions_floor_spawned":[4,11],"killed_by":"Hexaghost","ascension_level":19}