{"gold_per_floor":[119,134,144,155,66,401,401,415,415,380,441,441,441,457,457,531,531,550,550,568,568,35,35,69,69,69,69,79,93,120,170,170,170],"floor_reached":33,"playtime":1787,"items_purged":[],"score":590,"play_id":"350198f5-c081-4c53-9574-02b9b2d1b3a4","local_time":"20190702120855","is_ascension_mode":true,"campfire_choices":[{"data":"Neutralize","floor":7,"key":"SMITH"},{"data":"Well Laid Plans","floor":13,"key":"SMITH"},{"floor":15,"key":"REST"},{"data":"After Image","floor":23,"key":"SMITH"},{"data":"Footwork","floor":25,"key":"SMITH"},{"data":"1","floor":27,"key":"LIFT"},{"floor":32,"key":"REST"}],"neow_cost":"TEN_PERCENT_HP_LOSS","seed_source_timestamp":5834073794205881,"circlet_count":0,"master_deck":["AscendersBane","Strike_G+1","Strike_G+1","Strike_G+1","Strike_G+1","Strike_G+1","Defend_G+1","Defend_G+1","Defend_G+1","Defend_G+1","Defend_G+1","Survivor","Neutralize+1","Quick Slash","Poisoned Stab","Quick Slash","Well Laid Plans+1","Bane","All Out Attack","Poisoned Stab","After Image+1","Backstab","Footwork+1","Bouncing Flask","Doubt","Leg Sweep","Noxious Fumes"],"special_seed":0,"relics":["Ring of the Snake","Pocketwatch","Old Coin","Matryoshka","Tiny Chest","Art of War","Shuriken","Cursed Key","CultistMask","OrangePellets","Singing Bowl","Pear","Ornamental Fan","Girya","Bottled Tornado"],"potions_floor_usage":[11,24,24,33],"damage_taken":[{"damage":0.0,"enemies":"Cultist","floor":1.0,"turns":5.0},{"damage":4.0,"enemies":"Jaw Worm","floor":2.0,"turns":6.0},{"damage":1,"enemies":"Small Slimes","floor":3,"turns":4},{"damage":5,"enemies":"Gremlin Gang","floor":4,"turns":6},{"damage":27,"enemies":"Lagavulin","floor":6,"turns":7},{"damage":4,"enemies":"2 Fungi Beasts","floor":8,"turns":3},{"damage":7,"enemies":"Gremlin Nob","floor":11,"turns":4},{"damage":6,"enemies":"Red Slaver","floor":14,"turns":5},{"damage":9,"enemies":"The Guardian","floor":16,"turns":12},{"damage":0,"enemies":"Chosen","floor":18,"turns":4},{"damage":11,"enemies":"Shell Parasite","floor":20,"turns":5},{"damage":9,"enemies":"Slavers","floor":24,"turns":4},{"damage":0,"enemies":"Centurion and Healer","floor":28,"turns":6},{"damage":9,"enemies":"3 Cultists","floor":29,"turns":6},{"damage":2,"enemies":"Book of Stabbing","floor":30,"turns":7},{"damage":59,"enemies":"Collector","floor":33,"turns":8}],"seed_played":"-2818642239726565581","potions_obtained":[{"floor":1.0,"key":"FairyPotion"},{"floor":4,"key":"GhostInAJar"},{"floor":11,"key":"FearPotion"},{"floor":16,"key":"AttackPotion"},{"floor":30,"key":"Fruit Juice"}],"is_trial":false,"path_per_floor":["M","M","M","M","$","E","R","M","T","?","E","T","R","M","R","B",null,"M","?","M","?","$","R","E","R","T","R","M","M","E","?","R","B"],"character_chosen":"THE_SILENT","items_purchased":["Well Laid Plans","Footwork","OrangePellets","Singing Bowl"],"campfire_rested":2,"item_purchase_floors":[5,22,22,22],"current_hp_per_floor":[59,55,54,49,49,22,22,18,18,33,26,26,26,20,38,29,52,52,52,41,41,41,41,42,42,42,42,42,33,33,33,54,0],"gold":170,"neow_bonus":"ONE_RARE_RELIC","is_prod":false,"is_daily":false,"chose_seed":false,"campfire_upgraded":4,"win_rate":0,"timestamp":1562094535,"path_taken":["M","?","M","M","$","E","R","M","T","?","E","?","R","M","R","BOSS","M","?","M","?","$","R","E","R","T","R","?","M","E","?","R","BOSS"],"build_version":"2019-06-30","purchased_purges":0,"victory":false,"max_hp_per_floor":[60,60,60,60,60,60,60,60,60,60,60,60,60,60,60,60,60,60,60,60,60,60,60,70,70,70,70,70,70,72,72,72,77],"card_choices":[{"not_picked":["Masterful Stab","Prepared"],"picked":"Quick Slash","floor":1.0},{"not_picked":["Reflex","Slice"],"picked":"Poisoned Stab","floor":2.0},{"not_picked":["Escape Plan","Riddle With Holes"],"picked":"Quick Slash","floor":3},{"not_picked":["Accuracy","Tactician","Underhanded Strike"],"picked":"SKIP","floor":4},{"not_picked":["Concentrate","Dodge and Roll"],"picked":"Bane","floor":6},{"not_picked":["Concentrate","Backflip","Flying Knee"],"picked":"SKIP","floor":8},{"not_picked":["Well Laid Plans","Accuracy"],"picked":"All Out Attack","floor":11},{"not_picked":["Acrobatics","Dodge and Roll"],"picked":"Poisoned Stab","floor":14},{"not_picked":["Storm of Steel","Tools of the Trade"],"picked":"After Image","floor":16},{"not_picked":["Underhanded Strike","Heel Hook"],"picked":"Backstab","floor":18},{"not_picked":["Skewer","Deadly Poison","Deflect"],"picked":"SKIP","floor":20},{"not_picked":["Deflect+1","Cloak And Dagger"],"picked":"Bouncing Flask","floor":24},{"not_picked":["Dodge and Roll","Endless Agony+1"],"picked":"Leg Sweep","floor":28},{"not_picked":["Underhanded Strike","Flying Knee"],"picked":"Noxious Fumes","floor":29},{"not_picked":["Flying Knee","Dagger Throw+1","Blur"],"picked":"Singing Bowl","floor":30}],"player_experience":1393642,"relics_obtained":[{"floor":6,"key":"Old Coin"},{"floor":9,"key":"Matryoshka"},{"floor":11,"key":"Tiny Chest"},{"floor":12,"key":"Art of War"},{"floor":12,"key":"Shuriken"},{"floor":24,"key":"Pear"},{"floor":26,"key":"Ornamental Fan"},{"floor":26,"key":"Girya"},{"floor":30,"key":"Bottled Tornado"}],"event_choices":[{"damage_healed":15,"gold_gain":0,"player_choice":"Healed","damage_taken":0,"max_hp_gain":0,"max_hp_loss":0,"event_name":"The Cleric","floor":10,"gold_loss":35},{"damage_healed":0,"gold_gain":0,"player_choice":"Simplicity","damage_taken":0,"max_hp_gain":0,"max_hp_loss":0,"event_name":"Back to Basics","floor":19,"gold_loss":0,"cards_upgraded":["Strike_G","Strike_G","Strike_G","Strike_G","Strike_G","Defend_G","Defend_G","Defend_G","Defend_G","Defend_G"]},{"damage_healed":0,"gold_gain":0,"player_choice":"Trade","damage_taken":0,"relics_obtained":["CultistMask"],"max_hp_gain":0,"max_hp_loss":0,"event_name":"FaceTrader","floor":21,"gold_loss":0},{"damage_healed":0,"gold_gain":50,"player_choice":"Pray","damage_taken":0,"max_hp_gain":0,"max_hp_loss":0,"event_name":"Golden Shrine","floor":31,"gold_loss":0}],"is_beta":true,"boss_relics":[{"not_picked":["Runic Dome","Busted Crown"],"picked":"Cursed Key"}],"items_purged_floors":[],"is_endless":false,"potions_floor_spawned":[1,4,8,11,16,18,30],"killed_by":"Collector","ascension_level":20}