{"gold_per_floor":[119,135,155,70,84,84,109,109,133,148,180,20,20,39,39,118,118,136,61,41,36,36],"floor_reached":22,"playtime":1096,"items_purged":[],"score":392,"play_id":"b5a846e5-1291-4c59-b565-7b45eedf21be","local_time":"20181127230905","is_ascension_mode":true,"campfire_choices":[{"data":"Skewer","floor":6,"key":"SMITH"},{"data":"Neutralize","floor":8,"key":"SMITH"},{"floor":13,"key":"REST"},{"data":"Caltrops","floor":15,"key":"SMITH"}],"neow_cost":"NONE","seed_source_timestamp":5864034704770832,"circlet_count":0,"master_deck":["AscendersBane","Defend_G","Defend_G","Defend_G","Defend_G","Defend_G","Strike_G","Strike_G","Strike_G","Strike_G","Survivor","Neutralize+1","Deep Breath","Sucker Punch","Infinite Blades","Crippling Poison","Skewer+1","Dagger Spray","Predator","Accuracy","Storm of Steel","Caltrops+1","Burst","Dodge and Roll","Cloak And Dagger"],"relics":["Ring of the Snake","PreservedInsect","Strawberry","Potion Belt","Snake Skull","Sozu"],"potions_floor_usage":[7,16,18],"damage_taken":[{"damage":2,"enemies":"2 Louse","floor":1,"turns":4},{"damage":7,"enemies":"Small Slimes","floor":2,"turns":3},{"damage":0,"enemies":"Cultist","floor":3,"turns":4},{"damage":3,"enemies":"Looter","floor":5,"turns":4},{"damage":20,"enemies":"Lagavulin","floor":7,"turns":7},{"damage":5,"enemies":"Blue Slaver","floor":10,"turns":4},{"damage":15,"enemies":"3 Sentries","floor":11,"turns":5},{"damage":3,"enemies":"Red Slaver","floor":14,"turns":3},{"damage":29,"enemies":"The Guardian","floor":16,"turns":12},{"damage":27,"enemies":"Shell Parasite","floor":18,"turns":4},{"damage":15,"enemies":"2 Thieves","floor":21,"turns":4},{"damage":14,"enemies":"Cultist and Chosen","floor":22,"turns":3}],"seed_played":"-6451397128411005920","potions_obtained":[{"floor":2,"key":"SteroidPotion"},{"floor":3,"key":"SkillPotion"},{"floor":5,"key":"GhostInAJar"},{"floor":16,"key":"Explosive Potion"}],"is_trial":false,"path_per_floor":["M","M","M","$","M","R","E","R","T","M","E","$","R","M","R","B",null,"M","?","?","M","M"],"character_chosen":"THE_SILENT","items_purchased":["Skewer","Snake Skull"],"campfire_rested":1,"item_purchase_floors":[4,12],"current_hp_per_floor":[57,50,50,50,47,47,27,27,34,29,14,14,35,32,32,3,56,29,29,29,14,0],"gold":36,"neow_bonus":"RANDOM_COLORLESS","is_prod":false,"is_daily":false,"chose_seed":false,"campfire_upgraded":3,"win_rate":0,"timestamp":1543388945,"path_taken":["M","M","M","$","M","R","E","R","T","M","E","$","R","M","R","BOSS","M","?","?","?","M"],"build_version":"2018-11-15","purchased_purges":0,"victory":false,"max_hp_per_floor":[66,66,66,66,66,66,66,66,73,73,73,73,73,73,73,73,73,73,73,73,73,73],"card_choices":[{"not_picked":["Predator","Dagger Throw"],"picked":"Sucker Punch","floor":1},{"not_picked":["Heel Hook","Eviscerate"],"picked":"Infinite Blades","floor":2},{"not_picked":["Masterful Stab","Cloak And Dagger"],"picked":"Crippling Poison","floor":3},{"not_picked":["Slice","Bane"],"picked":"Dagger Spray","floor":5},{"not_picked":["Endless Agony","Setup"],"picked":"Predator","floor":7},{"not_picked":["Bane","Cloak And Dagger"],"picked":"Accuracy","floor":10},{"not_picked":["PiercingWail","Flying Knee"],"picked":"Storm of Steel","floor":11},{"not_picked":["Poisoned Stab","Acrobatics"],"picked":"Caltrops","floor":14},{"not_picked":["Die Die Die","Doppelganger"],"picked":"Burst","floor":16},{"not_picked":["Underhanded Strike","Concentrate"],"picked":"Dodge and Roll","floor":18},{"not_picked":["Flying Knee","Distraction"],"picked":"Cloak And Dagger","floor":21}],"player_experience":1100887,"relics_obtained":[{"floor":7,"key":"PreservedInsect"},{"floor":9,"key":"Strawberry"},{"floor":11,"key":"Potion Belt"}],"event_choices":[{"cards_removed":["Strike_G"],"damage_healed":0,"gold_gain":0,"player_choice":"Gave Gold","damage_taken":0,"max_hp_gain":0,"max_hp_loss":0,"event_name":"Beggar","floor":19,"gold_loss":75},{"damage_healed":0,"gold_gain":0,"player_choice":"Bought 1 Potion","damage_taken":0,"max_hp_gain":0,"max_hp_loss":0,"event_name":"The Woman in Blue","floor":20,"gold_loss":0}],"is_beta":true,"boss_relics":[{"not_picked":["White Beast Statue","Philosopher\u0027s Stone"],"picked":"Sozu"}],"items_purged_floors":[],"is_endless":false,"potions_floor_spawned":[2,3,5,16,21],"killed_by":"Cultist and Chosen","ascension_level":20}