{"gold_per_floor":[117,129,129,129,129,163,163,204,227,246,246],"floor_reached":11,"playtime":686,"items_purged":[],"score":93,"play_id":"5e1d919e-144e-49a3-acb2-233cb1020d44","local_time":"20190313202817","is_ascension_mode":true,"campfire_choices":[{"floor":7,"key":"REST"}],"neow_cost":"NONE","seed_source_timestamp":321631097576790,"circlet_count":0,"master_deck":["Defend_G","Defend_G","Defend_G","Defend_G","Strike_G","Strike_G","Strike_G+1","Strike_G","Strike_G","Survivor","Neutralize","Noxious Fumes","Deflect","Regret","Slice+1","Envenom","Dagger Spray"],"relics":["Fusion Hammer","Golden Idol","Orichalcum","The Courier","Whetstone","Strawberry"],"potions_floor_usage":[10],"damage_taken":[{"damage":0,"enemies":"Cultist","floor":1,"turns":5},{"damage":1,"enemies":"Small Slimes","floor":2,"turns":4},{"damage":31,"enemies":"Gremlin Nob","floor":6,"turns":6},{"damage":26,"enemies":"3 Sentries","floor":8,"turns":10},{"damage":1,"enemies":"2 Louse","floor":10,"turns":3},{"damage":34,"enemies":"Lagavulin","floor":11,"turns":6}],"seed_played":"8528644564294386825","potions_obtained":[{"floor":8,"key":"FearPotion"}],"is_trial":false,"path_per_floor":["M","M","?","?","?","E","R","E","T","M","E"],"character_chosen":"THE_SILENT","items_purchased":[],"campfire_rested":1,"item_purchase_floors":[],"current_hp_per_floor":[70,69,62,62,62,31,50,24,31,30,0],"gold":246,"neow_bonus":"BOSS_RELIC","is_prod":false,"is_daily":false,"chose_seed":false,"campfire_upgraded":0,"win_rate":0,"timestamp":1552505297,"path_taken":["M","M","?","?","?","E","R","E","T","M","E"],"build_version":"2019-02-06","purchased_purges":0,"victory":false,"max_hp_per_floor":[70,70,70,65,65,65,65,65,72,72,72],"card_choices":[{"not_picked":["Deflect","Outmaneuver"],"picked":"Noxious Fumes","floor":1},{"not_picked":["Prepared","Adrenaline"],"picked":"Deflect","floor":2},{"not_picked":["Outmaneuver","Deflect"],"picked":"Slice","floor":6},{"not_picked":["Dagger Throw","PiercingWail"],"picked":"Envenom","floor":8},{"not_picked":["Calculated Gamble","Prepared"],"picked":"Dagger Spray","floor":10}],"player_experience":250808,"relics_obtained":[{"floor":6,"key":"The Courier"},{"floor":8,"key":"Whetstone"},{"floor":9,"key":"Strawberry"}],"event_choices":[{"cards_removed":["Defend_G"],"damage_healed":0,"gold_gain":0,"player_choice":"Card Removal","damage_taken":7,"max_hp_gain":0,"max_hp_loss":0,"event_name":"Golden Wing","floor":3,"gold_loss":0},{"damage_healed":0,"gold_gain":0,"player_choice":"Lose Max HP","damage_taken":0,"relics_obtained":["Golden Idol"],"max_hp_gain":0,"max_hp_loss":5,"event_name":"Golden Idol","floor":4,"gold_loss":0},{"damage_healed":0,"gold_gain":0,"player_choice":"Box","damage_taken":0,"relics_obtained":["Orichalcum"],"max_hp_gain":0,"max_hp_loss":0,"event_name":"Big Fish","floor":5,"gold_loss":0,"cards_obtained":["Regret"]}],"is_beta":true,"boss_relics":[],"items_purged_floors":[],"is_endless":false,"potions_floor_spawned":[8],"killed_by":"Lagavulin","ascension_level":3}