{"gold_per_floor":[117,117,117,136,151,184,184,199,225,244,244,244,272,284,284,381,381,399,399,412,412,428,428,121,146,146,181,193,208,208,234,234,329,329,339,420,431,448,448,477,477],"floor_reached":41,"playtime":2947,"items_purged":[],"score":595,"play_id":"a296112f-70a2-4e53-a083-7dad744e1a9f","local_time":"20190530225237","is_ascension_mode":true,"campfire_choices":[{"data":"Storm","floor":7,"key":"SMITH"},{"data":"Clawfect:ClawSnap","floor":11,"key":"SMITH"},{"data":"Machine Learning","floor":15,"key":"SMITH"},{"data":"Loop","floor":23,"key":"SMITH"},{"data":"Hologram","floor":30,"key":"SMITH"},{"data":"Genetic Algorithm+1","floor":32,"key":"SMITH"}],"neow_cost":"NONE","seed_source_timestamp":163909098293600,"circlet_count":0,"master_deck":["Genetic Algorithm+2","Gash","Gash","Gash","Gash","Gash","Defend_B","Defend_B","Defend_B","Defend_B","Clawfect:ClawSnap+1","Storm+1","Chill","Auto Shields","Machine Learning+1","Self Repair","Clawfect:ClawForOne","Hologram+1","Loop+1","Heatsinks","Heatsinks","Clawfect:Clawline","Machine Learning","FTL+1","Rebound","Clawfect:ClawCell+1"],"relics":["ReplayTheSpireMod:Onyx Gauntlets","NlothsMask","Pen Nib","hubris:CrystalStatue","hubris:Backtick","hubris:TinFlute","hubris:CuriousFeather","Centennial Puzzle","conspire:InfiniteJournal","Dodecahedron","hubris:DeckOfHolding","ChewingGum","Bronze Scales"],"potions_floor_usage":[16,28],"damage_taken":[{"damage":6,"enemies":"Jaw Worm","floor":1,"turns":5},{"damage":3,"enemies":"Small Slimes","floor":4,"turns":4},{"damage":0,"enemies":"Cultist","floor":5,"turns":4},{"damage":7,"enemies":"3 Sentries","floor":6,"turns":9},{"damage":5,"enemies":"Lots of Slimes","floor":8,"turns":5},{"damage":1,"enemies":"3 Louse","floor":10,"turns":5},{"damage":20,"enemies":"Gremlin Nob","floor":13,"turns":5},{"damage":0,"enemies":"Looter","floor":14,"turns":4},{"damage":0,"enemies":"Slime Boss","floor":16,"turns":6},{"damage":4,"enemies":"Chosen","floor":18,"turns":5},{"damage":2,"enemies":"Spheric Guardian","floor":20,"turns":4},{"damage":19,"enemies":"Snake Plant","floor":22,"turns":4},{"damage":1,"enemies":"conspire:Head Lice","floor":25,"turns":4},{"damage":13,"enemies":"Replay:Snechameleon","floor":27,"turns":6},{"damage":15,"enemies":"Centurion and Healer","floor":28,"turns":3},{"damage":2,"enemies":"Cultist and Chosen","floor":29,"turns":5},{"damage":12,"enemies":"conspire:Head Lice","floor":31,"turns":4},{"damage":27,"enemies":"Collector","floor":33,"turns":5},{"damage":20,"enemies":"3 Darklings","floor":35,"turns":5},{"damage":10,"enemies":"Orb Walker","floor":37,"turns":3},{"damage":5,"enemies":"Transient","floor":38,"turns":5},{"damage":23,"enemies":"Reptomancer","floor":40,"turns":3},{"damage":29,"enemies":"Jaw Worm Horde","floor":41,"turns":2}],"seed_played":"8583044074211442515","potions_obtained":[{"floor":6,"key":"Energy Potion"},{"floor":10,"key":"Adrenaline Potion"},{"floor":13,"key":"Strength Potion"},{"floor":16,"key":"SteroidPotion"},{"floor":25,"key":"Adrenaline Potion"},{"floor":28,"key":"LiquidBronze"}],"is_trial":false,"path_per_floor":["M","?","?","M","M","E","R","M","T","M","R","$","E","M","R","B",null,"M","$","M","?","M","R","$","E","T","E","M","M","R","E","R","B",null,"M","?","M","M","?","E","M"],"character_chosen":"DEFECT","items_purchased":["hubris:CuriousFeather"],"campfire_rested":0,"item_purchase_floors":[24],"current_hp_per_floor":[69,69,69,66,66,59,59,54,54,53,53,53,33,33,33,40,75,75,75,75,75,63,63,63,69,69,63,55,60,60,55,55,35,75,62,44,41,43,43,27,0],"gold":477,"neow_bonus":"BOSS_RELIC","is_prod":false,"is_daily":false,"chose_seed":false,"campfire_upgraded":6,"win_rate":0,"timestamp":1559281957,"path_taken":["M","?","?","M","M","E","R","M","T","?","R","$","E","M","R","BOSS","M","?","M","?","M","R","$","E","T","E","M","M","R","E","R","BOSS","M","?","?","M","?","E","M"],"build_version":"2019-01-23","purchased_purges":0,"victory":false,"max_hp_per_floor":[75,75,75,75,75,75,75,75,75,75,75,75,75,75,75,75,75,75,75,75,75,75,75,75,75,75,75,75,75,75,75,75,75,75,75,75,75,75,75,75,75],"card_choices":[{"not_picked":["Clawfect:ClawingBeam","Chaos"],"picked":"Clawfect:ClawSnap","floor":1},{"not_picked":["conspire:SharedLibrary","Clawfect:ScrapingClaw"],"picked":"Chill","floor":4},{"not_picked":["Skim","Recycle","Tempest"],"picked":"SKIP","floor":5},{"not_picked":["Clawfect:ClawAndTear","Clawfect:Clawrage","Clawfect:ScrapingClaw"],"picked":"SKIP","floor":6},{"not_picked":["Clawfect:ClawForTheEyes","Gash"],"picked":"Auto Shields","floor":8},{"not_picked":["ReplayTheSpireMod:Repulse","hubris:Ukulele","Clawfect:ClawSnap"],"picked":"SKIP","floor":10},{"not_picked":["Rebound","Defragment"],"picked":"Machine Learning","floor":13},{"not_picked":["Clawfect:ClawingBeam","Panic Button"],"picked":"Self Repair","floor":14},{"not_picked":["Electrodynamics","Core Surge"],"picked":"Clawfect:ClawForOne","floor":16},{"not_picked":["Clawfect:ClawSnap","BasicCrystalCard","Clawfect:Clawrage"],"picked":"SKIP","floor":18},{"not_picked":["Genetic Algorithm","Gash","conspire:SharedLibrary+1"],"picked":"SKIP","floor":20},{"not_picked":["Hologram","BasicCrystalCard"],"picked":"Loop","floor":22},{"not_picked":["Clawfect:ClawForTheEyes","Tempest"],"picked":"Heatsinks","floor":25},{"not_picked":["Gash","BootSequence+1","ReplayTheSpireMod:Dual Polarity+1"],"picked":"SKIP","floor":27},{"not_picked":["Clawfect:ClawpileDriver","Panic Button"],"picked":"Heatsinks","floor":28},{"not_picked":["Leap","Clawfect:ClawForTheEyes"],"picked":"Clawfect:Clawline","floor":29},{"not_picked":["hubris:PowerSurge","Clawfect:ClawForTheEyes","Steam Power"],"picked":"SKIP","floor":31},{"not_picked":["Buffer","Amplify"],"picked":"Machine Learning","floor":33},{"not_picked":["Clawfect:ClawForTheEyes","Steam Power+1","Gash"],"picked":"SKIP","floor":35},{"not_picked":["Lockon+1","Time Bomb"],"picked":"FTL+1","floor":37},{"not_picked":["Clawfect:ClawingBeam+1","Clawfect:ClawForTheEyes"],"picked":"Rebound","floor":38},{"not_picked":["Clawfect:Clawrage+1","Sunder+1"],"picked":"Clawfect:ClawCell+1","floor":40}],"player_experience":1249776,"relics_obtained":[{"floor":6,"key":"Pen Nib"},{"floor":13,"key":"hubris:CrystalStatue"},{"floor":25,"key":"Centennial Puzzle"},{"floor":26,"key":"conspire:InfiniteJournal"},{"floor":27,"key":"Dodecahedron"},{"floor":31,"key":"hubris:DeckOfHolding"},{"floor":40,"key":"Bronze Scales"}],"event_choices":[{"damage_healed":0,"gold_gain":0,"cards_transformed":["Defend_B"],"player_choice":"Change","damage_taken":0,"max_hp_gain":0,"max_hp_loss":0,"event_name":"Living Wall","floor":2,"gold_loss":0,"cards_obtained":["Storm"]},{"damage_healed":0,"gold_gain":0,"player_choice":"Trade","damage_taken":0,"relics_obtained":["NlothsMask"],"max_hp_gain":0,"max_hp_loss":0,"event_name":"FaceTrader","floor":3,"gold_loss":0},{"damage_healed":0,"gold_gain":0,"player_choice":"Read","damage_taken":0,"max_hp_gain":0,"max_hp_loss":0,"event_name":"The Library","floor":21,"gold_loss":0,"cards_obtained":["Hologram"]}],"is_beta":false,"boss_relics":[{"not_picked":["halation:PlatinumPhoenix","Ring of Chaos"],"picked":"hubris:Backtick"},{"not_picked":["Replay:Wanted Poster","hubris:VirtuousBlindfold"],"picked":"ChewingGum"}],"items_purged_floors":[],"is_endless":false,"potions_floor_spawned":[6,10,13,16,25,27,28,38],"killed_by":"Jaw Worm Horde","ascension_level":1}