{"gold_per_floor":[110,129,129,141,157,182,182,207,207,207,207,207,235,252,252,330,330,348,380,380,63,74,74,100,100,175,175,192,192,205,68,68,140,140,151,373,4,4,15,15,15],"floor_reached":41,"playtime":2507,"items_purged":["Strike_G","Strike_G","Strike_G"],"score":726,"play_id":"76b297a4-ca3e-4830-a426-12eec228d4c2","local_time":"20190406163635","is_ascension_mode":true,"campfire_choices":[{"floor":7,"key":"REST"},{"data":"Malaise","floor":10,"key":"SMITH"},{"data":"Crippling Poison","floor":12,"key":"SMITH"},{"floor":15,"key":"REST"},{"floor":23,"key":"REST"},{"data":"Noxious Fumes","floor":29,"key":"SMITH"},{"floor":32,"key":"REST"},{"data":"Noxious Fumes","floor":40,"key":"SMITH"}],"neow_cost":"NONE","seed_source_timestamp":87586641413332,"circlet_count":0,"master_deck":["AscendersBane","Defend_G","Defend_G","Defend_G+1","Defend_G","Defend_G","Strike_G","Strike_G","Survivor+1","Neutralize+1","Crippling Poison+1","PiercingWail","Dagger Throw","Skewer","Leg Sweep","Malaise+1","Poisoned Stab","Terror","Adrenaline","Acrobatics","Noxious Fumes+1","Predator","Leg Sweep","Footwork","Escape Plan","Noxious Fumes+1","Burst","Blade Dance+1","Backflip","Calculated Gamble+1"],"relics":["Ring of the Snake","Ornamental Fan","Kunai","Shovel","Turnip","Sozu","Red Mask","Juzu Bracelet","TwistedFunnel","Ginger","Dodecahedron","Black Star","Medical Kit"],"potions_floor_usage":[6,8,19],"damage_taken":[{"damage":4,"enemies":"Small Slimes","floor":1,"turns":4},{"damage":0,"enemies":"2 Louse","floor":2,"turns":3},{"damage":0,"enemies":"Cultist","floor":4,"turns":5},{"damage":1,"enemies":"Looter","floor":5,"turns":4},{"damage":21,"enemies":"Gremlin Nob","floor":6,"turns":5},{"damage":13,"enemies":"3 Sentries","floor":8,"turns":10},{"damage":12,"enemies":"Gremlin Nob","floor":13,"turns":7},{"damage":0,"enemies":"Exordium Wildlife","floor":14,"turns":4},{"damage":23,"enemies":"The Guardian","floor":16,"turns":11},{"damage":12,"enemies":"2 Thieves","floor":18,"turns":4},{"damage":26,"enemies":"Masked Bandits","floor":19,"turns":6},{"damage":4,"enemies":"Chosen","floor":22,"turns":5},{"damage":14,"enemies":"Book of Stabbing","floor":24,"turns":7},{"damage":8,"enemies":"3 Cultists","floor":28,"turns":5},{"damage":5,"enemies":"Chosen and Byrds","floor":30,"turns":5},{"damage":26,"enemies":"Collector","floor":33,"turns":11},{"damage":1,"enemies":"Orb Walker","floor":35,"turns":5},{"damage":11,"enemies":"3 Darklings","floor":39,"turns":5},{"damage":53,"enemies":"Reptomancer","floor":41,"turns":2}],"seed_played":"7401937583750485089","potions_obtained":[{"floor":1,"key":"SteroidPotion"},{"floor":5,"key":"Ancient Potion"},{"floor":6,"key":"Fire Potion"},{"floor":14,"key":"Explosive Potion"}],"is_trial":false,"path_per_floor":["M","M","?","M","M","E","R","E","T","R","?","R","E","M","R","B",null,"M","?","?","$","M","R","E","?","T","?","M","R","M","$","R","B",null,"M","?","$","?","M","R","E"],"character_chosen":"THE_SILENT","items_purchased":["Noxious Fumes","TwistedFunnel","Noxious Fumes","Backflip","Medical Kit"],"campfire_rested":4,"item_purchase_floors":[21,21,31,37,37],"current_hp_per_floor":[55,55,42,42,41,20,39,26,26,26,26,26,14,14,33,10,52,40,14,14,14,10,29,15,15,15,37,29,29,24,24,43,17,54,53,53,53,53,42,42,0],"gold":15,"neow_bonus":"UPGRADE_CARD","is_prod":false,"is_daily":false,"chose_seed":false,"campfire_upgraded":4,"win_rate":0,"timestamp":1554561395,"path_taken":["M","M","?","M","M","E","R","E","T","R","?","R","E","M","R","BOSS","M","?","?","$","M","R","E","?","T","?","M","R","M","?","R","BOSS","M","?","$","?","M","R","E"],"build_version":"2019-04-04","purchased_purges":3,"victory":false,"max_hp_per_floor":[66,66,66,66,66,66,66,66,66,66,66,66,66,66,66,66,66,66,66,66,66,66,66,66,66,66,66,66,66,66,66,66,66,66,66,66,66,66,66,66,66],"card_choices":[{"not_picked":["Flying Knee","Caltrops"],"picked":"Crippling Poison","floor":1},{"not_picked":["Slice","Blade Dance"],"picked":"PiercingWail","floor":2},{"not_picked":["Sucker Punch","Calculated Gamble"],"picked":"Dagger Throw","floor":4},{"not_picked":["Outmaneuver","Sucker Punch"],"picked":"Skewer","floor":5},{"not_picked":["Underhanded Strike","Accuracy"],"picked":"Leg Sweep","floor":6},{"not_picked":["Poisoned Stab","Flying Knee"],"picked":"Malaise","floor":8},{"not_picked":["All Out Attack","Accuracy"],"picked":"Poisoned Stab","floor":13},{"not_picked":["Bane","Prepared"],"picked":"Terror","floor":14},{"not_picked":["Storm of Steel","Phantasmal Killer"],"picked":"Adrenaline","floor":16},{"not_picked":["Deflect","Dodge and Roll"],"picked":"Acrobatics","floor":18},{"not_picked":["Dagger Throw","Bane"],"picked":"Predator","floor":22},{"not_picked":["Skewer","Blur"],"picked":"Leg Sweep","floor":24},{"not_picked":["Backflip","Deadly Poison"],"picked":"Footwork","floor":28},{"not_picked":["Deflect","Dodge and Roll"],"picked":"Escape Plan","floor":30},{"not_picked":["Storm of Steel","Phantasmal Killer"],"picked":"Burst","floor":33},{"not_picked":["Acrobatics","Flying Knee"],"picked":"Blade Dance+1","floor":35},{"not_picked":["Backflip","Underhanded Strike"],"picked":"Calculated Gamble+1","floor":39}],"player_experience":457694,"relics_obtained":[{"floor":6,"key":"Ornamental Fan"},{"floor":8,"key":"Kunai"},{"floor":9,"key":"Shovel"},{"floor":13,"key":"Turnip"},{"floor":19,"key":"Red Mask"},{"floor":24,"key":"Ginger"},{"floor":26,"key":"Dodecahedron"}],"event_choices":[{"damage_healed":0,"gold_gain":0,"player_choice":"Entered Light","damage_taken":13,"max_hp_gain":0,"max_hp_loss":0,"event_name":"Shining Light","floor":3,"gold_loss":0,"cards_upgraded":["Survivor","Defend_G"]},{"damage_healed":0,"gold_gain":0,"player_choice":"Fled","damage_taken":0,"max_hp_gain":0,"max_hp_loss":0,"event_name":"Scrap Ooze","floor":11,"gold_loss":0},{"damage_healed":0,"gold_gain":0,"player_choice":"Fought Bandits","damage_taken":0,"max_hp_gain":0,"max_hp_loss":0,"event_name":"Masked Bandits","floor":19,"gold_loss":0},{"damage_healed":0,"gold_gain":0,"player_choice":"Gave Potion","damage_taken":0,"relics_obtained":["Juzu Bracelet"],"max_hp_gain":0,"max_hp_loss":0,"event_name":"WeMeetAgain","floor":20,"gold_loss":0},{"damage_healed":0,"gold_gain":0,"player_choice":"Ignored","damage_taken":0,"max_hp_gain":0,"max_hp_loss":0,"event_name":"Cursed Tome","floor":25,"gold_loss":0},{"damage_healed":22,"gold_gain":0,"player_choice":"Heal","damage_taken":0,"max_hp_gain":0,"max_hp_loss":0,"event_name":"The Library","floor":27,"gold_loss":0},{"damage_healed":0,"gold_gain":222,"player_choice":"Wore Mask","damage_taken":0,"max_hp_gain":0,"max_hp_loss":0,"event_name":"Tomb of Lord Red Mask","floor":36,"gold_loss":0},{"damage_healed":0,"gold_gain":0,"player_choice":"Ignored","damage_taken":0,"max_hp_gain":0,"max_hp_loss":0,"event_name":"Mysterious Sphere","floor":38,"gold_loss":0}],"is_beta":true,"boss_relics":[{"not_picked":["Busted Crown","Ring of the Serpent"],"picked":"Sozu"},{"not_picked":["Orrery","Coffee Dripper"],"picked":"Black Star"}],"items_purged_floors":[21,31,37],"is_endless":false,"potions_floor_spawned":[1,5,6,14,16,18,19,33,39],"killed_by":"Reptomancer","ascension_level":14}