{"gold_per_floor":[112,130,130,141,17,17,44,44,44,56,75,94,125,141,141,241,241,257,34,34,134,149,149,182,199,222,236,236,236],"floor_reached":29,"playtime":2022,"items_purged":["Strike_G","Strike_G"],"score":334,"play_id":"4e5d3082-80a7-4379-99de-6fe47acb2206","local_time":"20190318225244","is_ascension_mode":true,"campfire_choices":[{"data":"Noxious Fumes","floor":6,"key":"SMITH"},{"floor":8,"key":"REST"},{"floor":15,"key":"REST"},{"floor":23,"key":"REST"},{"floor":28,"key":"REST"}],"neow_cost":"NONE","seed_source_timestamp":120773707521633,"circlet_count":0,"master_deck":["Defend_G","Defend_G","Defend_G","Defend_G","Defend_G","Strike_G","Strike_G","Survivor","Neutralize","Dagger Spray","Noxious Fumes+1","Blade Dance","Well Laid Plans","Dodge and Roll","Blur","Sucker Punch","Acrobatics","Bouncing Flask","Calculated Gamble","Catalyst","After Image","Dash+1","Footwork","J.A.X.","Wraith Form v2","Flying Knee+1","Terror+1"],"relics":["Ring of the Snake","Oddly Smooth Stone","Kunai","Blue Candle","Nunchaku","Black Star","Pear","The Specimen","Anchor"],"potions_floor_usage":[7,12,16,16,22,25,27,29],"damage_taken":[{"damage":0,"enemies":"Small Slimes","floor":1,"turns":5},{"damage":1,"enemies":"Cultist","floor":2,"turns":4},{"damage":0,"enemies":"Jaw Worm","floor":4,"turns":5},{"damage":18,"enemies":"Gremlin Nob","floor":7,"turns":6},{"damage":12,"enemies":"Lots of Slimes","floor":10,"turns":3},{"damage":1,"enemies":"Exordium Wildlife","floor":11,"turns":4},{"damage":7,"enemies":"Gremlin Gang","floor":12,"turns":4},{"damage":16,"enemies":"Lagavulin","floor":13,"turns":6},{"damage":0,"enemies":"2 Fungi Beasts","floor":14,"turns":5},{"damage":15,"enemies":"Slime Boss","floor":16,"turns":6},{"damage":9,"enemies":"3 Byrds","floor":18,"turns":5},{"damage":10,"enemies":"2 Thieves","floor":22,"turns":4},{"damage":61,"enemies":"Gremlin Leader","floor":24,"turns":10},{"damage":14,"enemies":"Snake Plant","floor":25,"turns":8},{"damage":1,"enemies":"Shelled Parasite and Fungi","floor":27,"turns":6},{"damage":36,"enemies":"3 Cultists","floor":29,"turns":4}],"seed_played":"-2545098083005823645","potions_obtained":[{"floor":1,"key":"GhostInAJar"},{"floor":7,"key":"SteroidPotion"},{"floor":10,"key":"LiquidBronze"},{"floor":11,"key":"FairyPotion"},{"floor":14,"key":"SteroidPotion"},{"floor":22,"key":"Strength Potion"},{"floor":25,"key":"Dexterity Potion"},{"floor":27,"key":"Energy Potion"}],"is_trial":false,"path_per_floor":["M","M","?","M","$","R","E","R","T","M","M","M","E","M","R","B",null,"M","$","?","?","M","R","E","M","T","M","R","M"],"character_chosen":"THE_SILENT","items_purchased":["Dodge and Roll","Footwork","Explosive Potion"],"campfire_rested":4,"item_purchase_floors":[5,19,19],"current_hp_per_floor":[63,62,62,62,62,62,44,65,65,53,52,45,29,29,50,35,61,52,52,52,52,42,63,12,6,6,5,29,0],"gold":236,"neow_bonus":"RANDOM_COMMON_RELIC","is_prod":false,"is_daily":false,"chose_seed":false,"campfire_upgraded":1,"win_rate":0,"timestamp":1552945964,"path_taken":["M","M","?","M","$","R","E","R","T","M","M","?","E","M","R","BOSS","M","$","?","?","M","R","E","?","T","M","R","M"],"build_version":"2019-03-15","purchased_purges":2,"victory":false,"max_hp_per_floor":[70,70,70,70,70,70,70,70,70,70,70,70,70,70,70,70,70,70,70,70,70,70,70,80,80,80,80,80,80],"card_choices":[{"not_picked":["Setup","Dagger Throw"],"picked":"Dagger Spray","floor":1},{"not_picked":["Bane","Backflip"],"picked":"Noxious Fumes","floor":2},{"not_picked":["Prepared","Deflect"],"picked":"Well Laid Plans","floor":4},{"not_picked":["Setup","Acrobatics"],"picked":"Blur","floor":7},{"not_picked":["Outmaneuver","Noxious Fumes"],"picked":"Sucker Punch","floor":10},{"not_picked":["Prepared","Venomology"],"picked":"Acrobatics","floor":11},{"not_picked":["Dagger Spray","All Out Attack"],"picked":"Bouncing Flask","floor":12},{"not_picked":["Sucker Punch","Prepared"],"picked":"Calculated Gamble","floor":13},{"not_picked":["Setup","Deadly Poison"],"picked":"Catalyst","floor":14},{"not_picked":["Venomology","Burst"],"picked":"After Image","floor":16},{"not_picked":["Sucker Punch","Slice"],"picked":"Dash+1","floor":18},{"not_picked":["Flying Knee","Slice","Quick Slash"],"picked":"SKIP","floor":22},{"not_picked":["Bane+1","Dagger Throw"],"picked":"Wraith Form v2","floor":24},{"not_picked":["Bane","Sucker Punch"],"picked":"Flying Knee+1","floor":25},{"not_picked":["Blade Dance","Accuracy"],"picked":"Terror+1","floor":27}],"player_experience":320818,"relics_obtained":[{"floor":7,"key":"Kunai"},{"floor":9,"key":"Blue Candle"},{"floor":13,"key":"Nunchaku"},{"floor":24,"key":"Pear"},{"floor":24,"key":"The Specimen"},{"floor":26,"key":"Anchor"}],"event_choices":[{"damage_healed":0,"gold_gain":0,"cards_transformed":["Strike_G"],"player_choice":"Transformed","damage_taken":0,"max_hp_gain":0,"max_hp_loss":0,"event_name":"Transmorgrifier","floor":3,"gold_loss":0,"cards_obtained":["Blade Dance"]},{"damage_healed":0,"gold_gain":0,"player_choice":"Obtain J.A.X.","damage_taken":0,"max_hp_gain":0,"max_hp_loss":0,"event_name":"Drug Dealer","floor":20,"gold_loss":0,"cards_obtained":["J.A.X."]},{"damage_healed":0,"gold_gain":100,"player_choice":"Pray","damage_taken":0,"max_hp_gain":0,"max_hp_loss":0,"event_name":"Golden Shrine","floor":21,"gold_loss":0}],"is_beta":true,"boss_relics":[{"not_picked":["White Beast Statue","Ring of the Serpent"],"picked":"Black Star"}],"items_purged_floors":[5,19],"is_endless":false,"potions_floor_spawned":[1,7,10,11,14,22,25,27],"killed_by":"3 Cultists","ascension_level":6}