{"gold_per_floor":[109,120,33,51,69,102,102,133,133,133,145,145,420,58,58,136,136,151,164,112,126,39,39,56,90,116,116,127,127,157,82,82,158,158,178,194,94,94,94],"floor_reached":39,"playtime":2241,"items_purged":["Strike_R","Regret"],"score":908,"play_id":"d1177617-dc6c-4174-b6cc-2e84ab560bb4","local_time":"20181114215018","is_ascension_mode":true,"campfire_choices":[{"data":"Uppercut","floor":7,"key":"SMITH"},{"data":"Bash","floor":10,"key":"SMITH"},{"data":"Clothesline","floor":12,"key":"SMITH"},{"floor":15,"key":"REST"},{"floor":23,"key":"REST"},{"floor":27,"key":"REST"},{"floor":29,"key":"REST"},{"data":"True Grit","floor":32,"key":"SMITH"}],"neow_cost":"NONE","seed_source_timestamp":4734962518419871,"circlet_count":0,"master_deck":["AscendersBane","Strike_R","Strike_R","Strike_R","Strike_R","Defend_R","Defend_R","Defend_R","Defend_R","Bash+1","Uppercut+1","Clothesline+1","Combust","Carnage","Shrug It Off","Shrug It Off","Rupture","Metallicize","Barricade","Body Slam","Heavy Blade","True Grit+1","Corruption","Battle Trance","Dark Embrace","Bludgeon"],"relics":["Burning Blood","Ginger","Bronze Scales","Lantern","Calipers","Snecko Eye","Pantograph","PreservedInsect","Pen Nib","Eternal Feather"],"potions_floor_usage":[6,8,16,25,25,30],"damage_taken":[{"damage":0,"enemies":"Small Slimes","floor":1,"turns":4},{"damage":1,"enemies":"Cultist","floor":2,"turns":3},{"damage":4,"enemies":"Jaw Worm","floor":4,"turns":4},{"damage":9,"enemies":"3 Louse","floor":5,"turns":3},{"damage":26,"enemies":"Gremlin Nob","floor":6,"turns":4},{"damage":27,"enemies":"3 Sentries","floor":8,"turns":7},{"damage":6,"enemies":"Red Slaver","floor":11,"turns":3},{"damage":34,"enemies":"Slime Boss","floor":16,"turns":8},{"damage":28,"enemies":"Shell Parasite","floor":18,"turns":4},{"damage":5,"enemies":"Chosen","floor":19,"turns":4},{"damage":28,"enemies":"3 Cultists","floor":21,"turns":5},{"damage":16,"enemies":"Centurion and Healer","floor":24,"turns":6},{"damage":45,"enemies":"Slavers","floor":25,"turns":6},{"damage":9,"enemies":"Snake Plant","floor":28,"turns":3},{"damage":17,"enemies":"Book of Stabbing","floor":30,"turns":4},{"damage":35,"enemies":"Champ","floor":33,"turns":14},{"damage":16,"enemies":"3 Shapes","floor":35,"turns":4},{"damage":29,"enemies":"3 Darklings","floor":36,"turns":6},{"damage":50,"enemies":"Spire Growth","floor":39,"turns":3}],"seed_played":"420894752264808462","potions_obtained":[{"floor":2,"key":"Ancient Potion"},{"floor":4,"key":"AttackPotion"},{"floor":6,"key":"SkillPotion"},{"floor":16,"key":"Fruit Juice"},{"floor":21,"key":"GamblersBrew"},{"floor":28,"key":"EssenceOfSteel"},{"floor":30,"key":"LiquidBronze"},{"floor":36,"key":"FearPotion"}],"is_trial":false,"path_per_floor":["M","M","$","M","M","E","R","E","T","R","M","R","?","$","R","B",null,"M","M","$","M","$","R","M","E","T","R","M","R","E","$","R","B",null,"M","M","$","?","M"],"character_chosen":"IRONCLAD","items_purchased":["Combust","Calipers","Metallicize","Heavy Blade","Corruption"],"campfire_rested":4,"item_purchase_floors":[3,14,14,20,22],"current_hp_per_floor":[81,82,82,82,79,59,59,38,38,38,38,38,38,38,62,39,75,53,54,54,32,32,58,48,9,9,35,32,58,47,47,47,43,76,66,43,43,43,0],"gold":94,"neow_bonus":"TEN_PERCENT_HP_BONUS","is_prod":false,"is_daily":false,"chose_seed":false,"campfire_upgraded":4,"win_rate":0,"timestamp":1542261018,"path_taken":["M","M","$","M","M","E","R","E","T","R","M","R","?","$","R","BOSS","M","M","?","M","$","R","?","E","T","R","M","R","E","$","R","BOSS","M","M","$","?","M"],"build_version":"2018-11-13","purchased_purges":2,"victory":false,"max_hp_per_floor":[82,82,82,82,82,82,82,82,82,82,82,82,82,82,82,87,87,87,87,87,87,87,87,87,87,87,87,87,87,87,87,87,87,87,87,87,87,87,87],"card_choices":[{"not_picked":["Armaments","Thunderclap"],"picked":"Uppercut","floor":1},{"not_picked":["Bloodletting","True Grit"],"picked":"Clothesline","floor":2},{"not_picked":["Cleave","Headbutt"],"picked":"Carnage","floor":4},{"not_picked":["Burning Pact","Cleave","Shockwave"],"picked":"SKIP","floor":5},{"not_picked":["Entrench","Thunderclap"],"picked":"Shrug It Off","floor":6},{"not_picked":["Anger","Searing Blow"],"picked":"Shrug It Off","floor":8},{"not_picked":["Armaments","Fiend Fire"],"picked":"Rupture","floor":11},{"not_picked":["Immolate","Exhume"],"picked":"Barricade","floor":16},{"not_picked":["Armaments","Burning Pact","Perfected Strike"],"picked":"SKIP","floor":18},{"not_picked":["Cleave","Flame Barrier"],"picked":"Body Slam","floor":19},{"not_picked":["Rage","Headbutt"],"picked":"True Grit","floor":21},{"not_picked":["Thunderclap","Wild Strike","Twin Strike"],"picked":"SKIP","floor":24},{"not_picked":["Headbutt","Perfected Strike"],"picked":"Battle Trance","floor":25},{"not_picked":["Sword Boomerang","Rampage","Havoc"],"picked":"SKIP","floor":28},{"not_picked":["True Grit","Warcry"],"picked":"Dark Embrace","floor":30},{"not_picked":["Brutality","Berserk"],"picked":"Bludgeon","floor":33},{"not_picked":["Twin Strike","Havoc","Wild Strike"],"picked":"SKIP","floor":35},{"not_picked":["Battle Trance+1","Warcry","Body Slam"],"picked":"SKIP","floor":36}],"player_experience":1087564,"relics_obtained":[{"floor":6,"key":"Ginger"},{"floor":8,"key":"Bronze Scales"},{"floor":9,"key":"Lantern"},{"floor":25,"key":"Pantograph"},{"floor":26,"key":"PreservedInsect"},{"floor":30,"key":"Pen Nib"}],"event_choices":[{"damage_healed":0,"gold_gain":275,"player_choice":"Desecrate","damage_taken":0,"max_hp_gain":0,"max_hp_loss":0,"event_name":"Golden Shrine","floor":13,"gold_loss":0,"cards_obtained":["Regret"]},{"damage_healed":0,"gold_gain":0,"player_choice":"Ignored","damage_taken":0,"max_hp_gain":0,"max_hp_loss":0,"event_name":"Mysterious Sphere","floor":38,"gold_loss":0}],"is_beta":true,"boss_relics":[{"not_picked":["Black Blood","Mark of Pain"],"picked":"Snecko Eye"},{"not_picked":["Tiny House","Black Star"],"picked":"Eternal Feather"}],"items_purged_floors":[31,37],"is_endless":false,"potions_floor_spawned":[2,4,6,16,21,28,30,36],"killed_by":"Spire Growth","ascension_level":20}