{"gold_per_floor":[16,26,26,42,42,42,75,94,94,107,182,182,208,228,228,300,300,320,330,330,330,62,62,90,90,116,132,151,151,170,186,186,186],"floor_reached":33,"playtime":2015,"items_purged":[],"score":541,"play_id":"6d6f1190-900e-41ba-ae95-f05ad0f8b8d2","local_time":"20190219150457","is_ascension_mode":true,"campfire_choices":[{"data":"After Image","floor":6.0,"key":"SMITH"},{"floor":12.0,"key":"REST"},{"floor":15.0,"key":"REST"},{"floor":23,"key":"REST"},{"floor":29,"key":"REST"},{"floor":32,"key":"REST"}],"neow_cost":"NO_GOLD","seed_source_timestamp":4907807722513,"circlet_count":0,"master_deck":["AscendersBane","Defend_G","Defend_G","Defend_G","Defend_G","Defend_G","Survivor","Neutralize","After Image+1","Dagger Spray","Tactician","After Image","Caltrops","Backstab","Blade Dance","Tools of the Trade","Shame","Doubt","Decay","Terror","Cloak And Dagger+1","Bite","Bite","Bite","Bite","Bite","Adrenaline","Deflect","Calculated Gamble"],"special_seed":0,"relics":["Ring of the Snake","Incense Burner","Du-Vu Doll","StoneCalendar","Calling Bell","PreservedInsect","Mercury Hourglass","Shovel","MutagenicStrength","Ninja Scroll","Sundial","Bottled Lightning","Smiling Mask"],"potions_floor_usage":[33],"damage_taken":[{"damage":0.0,"enemies":"2 Louse","floor":1.0,"turns":3.0},{"damage":6.0,"enemies":"Jaw Worm","floor":2.0,"turns":7.0},{"damage":0.0,"enemies":"Cultist","floor":4.0,"turns":4.0},{"damage":57.0,"enemies":"Lagavulin","floor":7.0,"turns":11.0},{"damage":0.0,"enemies":"2 Fungi Beasts","floor":8.0,"turns":4.0},{"damage":0.0,"enemies":"3 Louse","floor":10.0,"turns":2.0},{"damage":4.0,"enemies":"3 Sentries","floor":13.0,"turns":8.0},{"damage":11.0,"enemies":"Gremlin Gang","floor":14.0,"turns":5.0},{"damage":23.0,"enemies":"Slime Boss","floor":16.0,"turns":8.0},{"damage":20.0,"enemies":"2 Thieves","floor":18.0,"turns":4.0},{"damage":25,"enemies":"Chosen","floor":19,"turns":5},{"damage":18,"enemies":"Book of Stabbing","floor":24,"turns":4},{"damage":0,"enemies":"Shelled Parasite and Fungi","floor":27,"turns":1},{"damage":0,"enemies":"Snecko","floor":28,"turns":2},{"damage":14,"enemies":"Cultist and Chosen","floor":30,"turns":5},{"damage":0,"enemies":"Snake Plant","floor":31,"turns":2},{"damage":60,"enemies":"Champ","floor":33,"turns":9}],"seed_played":"-594216987861587001","potions_obtained":[{"floor":2.0,"key":"FairyPotion"},{"floor":7.0,"key":"Regen Potion"},{"floor":8.0,"key":"Poison Potion"},{"floor":10.0,"key":"Fire Potion"},{"floor":14.0,"key":"Regen Potion"},{"floor":24,"key":"Ancient Potion"},{"floor":30,"key":"SmokeBomb"},{"floor":31,"key":"LiquidBronze"}],"is_trial":false,"path_per_floor":["M","M","?","M","$","R","E","M","T","M","?","R","E","M","R","B",null,"M","M","?","?","$","R","E","T","T","M","M","R","M","M","R","B"],"character_chosen":"THE_SILENT","items_purchased":["Ninja Scroll"],"campfire_rested":5,"item_purchase_floors":[22],"current_hp_per_floor":[59,53,53,53,53,53,6,18,18,18,7,26,22,11,30,22,55,35,10,10,10,10,23,13,13,13,13,17,30,24,26,39,0],"gold":186,"neow_bonus":"THREE_RARE_CARDS","is_prod":false,"is_daily":false,"chose_seed":false,"campfire_upgraded":1,"win_rate":0,"timestamp":1550606697,"path_taken":["M","M","?","M","$","R","E","M","T","M","?","R","E","M","R","BOSS","M","M","?","?","$","R","E","?","T","M","M","R","M","M","R","BOSS"],"build_version":"2019-01-23","purchased_purges":0,"victory":false,"max_hp_per_floor":[66,66,66,66,66,66,66,66,66,66,66,66,66,66,66,66,66,66,66,66,46,46,46,46,46,46,46,46,46,46,46,46,46],"card_choices":[{"not_picked":["Phantasmal Killer","Die Die Die"],"picked":"After Image","floor":0.0},{"not_picked":["Bane","Outmaneuver"],"picked":"Dagger Spray","floor":1.0},{"not_picked":["Prepared","Acrobatics","Deflect"],"picked":"SKIP","floor":2.0},{"not_picked":["All Out Attack","Masterful Stab"],"picked":"Tactician","floor":4.0},{"not_picked":["Riddle With Holes","Backflip"],"picked":"After Image","floor":7.0},{"not_picked":["Flying Knee","Slice"],"picked":"Caltrops","floor":8.0},{"not_picked":["Concentrate","Bane"],"picked":"Backstab","floor":10.0},{"not_picked":["Expertise","Quick Slash"],"picked":"Blade Dance","floor":13.0},{"not_picked":["Underhanded Strike","Quick Slash","Dagger Spray"],"picked":"SKIP","floor":14.0},{"not_picked":["Phantasmal Killer","Venomology"],"picked":"Tools of the Trade","floor":16.0},{"not_picked":["Underhanded Strike","Flying Knee"],"picked":"Terror","floor":18.0},{"not_picked":["Endless Agony","Dagger Spray"],"picked":"Cloak And Dagger+1","floor":19},{"not_picked":["PiercingWail","Slice"],"picked":"Adrenaline","floor":24},{"not_picked":["Poisoned Stab","Dodge and Roll","Quick Slash"],"picked":"SKIP","floor":27},{"not_picked":["Caltrops","Dagger Throw","Skewer"],"picked":"SKIP","floor":28},{"not_picked":["Dagger Throw","Flechettes"],"picked":"Deflect","floor":30},{"not_picked":["Dodge and Roll","Sucker Punch"],"picked":"Calculated Gamble","floor":31}],"player_experience":328898,"relics_obtained":[{"floor":7.0,"key":"Incense Burner"},{"floor":9.0,"key":"Du-Vu Doll"},{"floor":13.0,"key":"StoneCalendar"},{"floor":17.0,"key":"PreservedInsect"},{"floor":17.0,"key":"Mercury Hourglass"},{"floor":17.0,"key":"Shovel"},{"floor":24,"key":"Sundial"},{"floor":25,"key":"Bottled Lightning"},{"floor":26,"key":"Smiling Mask"}],"event_choices":[{"damage_healed":0.0,"max_hp_gain":0.0,"max_hp_loss":0.0,"gold_gain":0.0,"event_name":"The Cleric","player_choice":"Leave","floor":3.0,"gold_loss":0.0,"damage_taken":0.0},{"damage_healed":0.0,"max_hp_gain":0.0,"max_hp_loss":0.0,"gold_gain":75.0,"event_name":"World of Goop","player_choice":"Gather Gold","floor":11.0,"gold_loss":0.0,"damage_taken":11.0},{"damage_healed":0,"gold_gain":0,"player_choice":"Inject Mutagens","damage_taken":0,"relics_obtained":["MutagenicStrength"],"max_hp_gain":0,"max_hp_loss":0,"event_name":"Drug Dealer","floor":20,"gold_loss":0},{"damage_healed":0,"gold_gain":0,"player_choice":"Became a vampire","damage_taken":0,"max_hp_gain":0,"max_hp_loss":20,"event_name":"Vampires","floor":21,"gold_loss":0,"cards_obtained":["Bite","Bite","Bite","Bite","Bite"]}],"is_beta":false,"boss_relics":[{"not_picked":["Runic Pyramid","Orrery"],"picked":"Calling Bell"}],"items_purged_floors":[],"is_endless":false,"potions_floor_spawned":[2,7,8,10,14,24,30,31],"killed_by":"Champ","ascension_level":17}