{"gold_per_floor":[109,122,122,135,61,61,88,101,101,122,11,11,24,36,36,107,107,122,142,67,87,13,13,13,13,13,31,31,31,31,48,48,125,125,136,151,76,90,90,90,106,106],"floor_reached":42,"playtime":2113,"items_purged":["Strike_G"],"score":660,"play_id":"b6bdbaf7-2b6c-49b1-aa20-4d1ebdda0642","local_time":"20180710213921","is_ascension_mode":true,"campfire_choices":[{"data":"Neutralize","floor":6,"key":"SMITH"},{"data":"Noxious Fumes","floor":12,"key":"SMITH"},{"data":"Malaise","floor":15,"key":"SMITH"},{"data":"Malaise","floor":23,"key":"SMITH"},{"data":"After Image","floor":30,"key":"SMITH"},{"data":"Noxious Fumes","floor":32,"key":"SMITH"},{"data":"Malaise","floor":40,"key":"SMITH"}],"neow_cost":"TEN_PERCENT_HP_LOSS","seed_source_timestamp":172266213847337,"circlet_count":0,"master_deck":["Defend_G","Defend_G","Defend_G","Defend_G","Defend_G","Strike_G","Strike_G","Survivor","Neutralize+1","AscendersBane","Backflip","Deadly Poison","Flying Knee","Noxious Fumes+1","Infinite Blades","Choke","Sucker Punch","Leg Sweep","Noxious Fumes+1","After Image+1","Malaise+1","Corpse Explosion","PiercingWail+1","Malaise+1","Noxious Fumes","Tools of the Trade","Malaise+1","Acrobatics"],"relics":["Ring of the Snake","Bird Faced Urn","Omamori","Mercury Hourglass","Odd Mushroom","Cursed Key","Dodecahedron","Sozu"],"potions_floor_usage":[7,16,33,41],"damage_taken":[{"damage":0,"enemies":"Small Slimes","floor":1,"turns":3},{"damage":2,"enemies":"Cultist","floor":2,"turns":5},{"damage":1,"enemies":"Jaw Worm","floor":4,"turns":5},{"damage":19,"enemies":"3 Sentries","floor":7,"turns":7},{"damage":5,"enemies":"Large Slime","floor":8,"turns":7},{"damage":7,"floor":10,"turns":4},{"damage":1,"enemies":"Blue Slaver","floor":13,"turns":4},{"damage":4,"enemies":"3 Louse","floor":14,"turns":3},{"damage":14,"enemies":"Hexaghost","floor":16,"turns":10},{"damage":10,"enemies":"Spheric Guardian","floor":18,"turns":4},{"damage":12,"enemies":"2 Thieves","floor":19,"turns":3},{"damage":17,"enemies":"Slaver and Parasite","floor":21,"turns":5},{"damage":2,"enemies":"Snecko","floor":27,"turns":6},{"damage":7,"enemies":"Chosen and Byrds","floor":31,"turns":7},{"damage":34,"enemies":"Collector","floor":33,"turns":9},{"damage":0,"enemies":"Flame Bruiser 1 Orb","floor":35,"turns":6},{"damage":0,"enemies":"Orb Walker","floor":36,"turns":4},{"damage":6,"enemies":"Spire Growth","floor":38,"turns":6},{"damage":34,"enemies":"Sphere and 2 Shapes","floor":41,"turns":4},{"damage":47,"enemies":"Flame Bruiser 2 Orb","floor":42,"turns":2}],"seed_played":"6542311111554228461","potions_obtained":[{"floor":4,"key":"Strength Potion"},{"floor":8,"key":"Strength Potion"},{"floor":14,"key":"Weak Potion"},{"floor":16,"key":"Poison Potion"},{"floor":33,"key":"Poison Potion"}],"is_trial":false,"path_per_floor":["M","M","?","M","$","R","E","M","T","?","$","R","M","M","R","B",null,"M","M","?","M","$","R","?","?","T","M","?","$","R","M","R","B",null,"M","M","$","M","$","R","M"],"character_chosen":"THE_SILENT","items_purchased":["Noxious Fumes","Leg Sweep","Noxious Fumes","Noxious Fumes"],"campfire_rested":0,"item_purchase_floors":[5,11,11,22],"current_hp_per_floor":[63,61,61,60,60,60,43,42,42,39,39,39,42,42,42,36,56,54,44,44,33,33,33,33,54,54,60,60,60,60,61,61,33,56,63,63,63,61,61,61,31,0],"gold":106,"neow_bonus":"ONE_RARE_RELIC","is_prod":false,"is_daily":false,"chose_seed":false,"campfire_upgraded":7,"win_rate":0,"timestamp":1531283961,"path_taken":["M","M","?","M","$","R","E","M","T","?","$","R","M","M","R","BOSS","M","M","?","M","$","R","?","?","T","?","?","$","R","M","R","BOSS","M","M","$","M","$","R","M","M"],"build_version":"2018-07-09","purchased_purges":1,"victory":false,"max_hp_per_floor":[63,63,63,63,63,63,63,63,63,63,63,63,63,63,63,63,63,63,63,63,63,63,63,63,63,63,63,63,63,63,63,63,63,63,63,63,63,63,63,63,63,63],"card_choices":[{"not_picked":["Deadly Poison","Blur"],"picked":"Backflip","floor":1},{"not_picked":["PiercingWail","Masterful Stab"],"picked":"Deadly Poison","floor":2},{"not_picked":["Backflip","Outmaneuver"],"picked":"Flying Knee","floor":4},{"not_picked":["Slice","Flechettes"],"picked":"Infinite Blades","floor":7},{"not_picked":["Escape Plan","Outmaneuver"],"picked":"Choke","floor":8},{"not_picked":["Flying Knee","Quick Slash"],"picked":"Sucker Punch","floor":10},{"not_picked":["Sucker Punch","Slice"],"picked":"After Image","floor":13},{"not_picked":["Finisher","Skewer"],"picked":"Malaise","floor":14},{"not_picked":["Wraith Form v2","Adrenaline"],"picked":"Corpse Explosion","floor":16},{"not_picked":["Deflect","Quick Slash"],"picked":"PiercingWail+1","floor":18},{"not_picked":["Dagger Spray","Slice","Phantasmal Killer"],"picked":"SKIP","floor":19},{"not_picked":["Crippling Poison","Flying Knee+1"],"picked":"Malaise","floor":21},{"not_picked":["Quick Slash","Dagger Spray","Dodge and Roll+1"],"picked":"SKIP","floor":27},{"not_picked":["Flying Knee","Slice","Dodge and Roll"],"picked":"SKIP","floor":31},{"not_picked":["Doppelganger","Venomology"],"picked":"Tools of the Trade","floor":33},{"not_picked":["Outmaneuver","Dagger Spray"],"picked":"Malaise","floor":35},{"not_picked":["Slice+1","Dagger Spray","Deadly Poison"],"picked":"SKIP","floor":36},{"not_picked":["Prepared","Escape Plan","Quick Slash+1"],"picked":"SKIP","floor":38},{"not_picked":["Dodge and Roll+1","Dagger Spray"],"picked":"Acrobatics","floor":41}],"player_experience":781300,"relics_obtained":[{"floor":7,"key":"Omamori"},{"floor":9,"key":"Mercury Hourglass"},{"floor":10,"key":"Odd Mushroom"},{"floor":26,"key":"Dodecahedron"}],"event_choices":[{"event_name":"Purifier","player_choice":"One Purge","floor":3,"damage_taken":0},{"event_name":"Mushrooms","player_choice":"Fought Mushrooms","floor":10,"damage_taken":0},{"event_name":"Beggar","player_choice":"Gave Gold","floor":20,"damage_taken":0},{"event_name":"Vampires","player_choice":"Ignored","floor":24,"damage_taken":0},{"event_name":"The Library","player_choice":"Heal","floor":25,"damage_taken":0},{"event_name":"Ghosts","player_choice":"Ignored","floor":28,"damage_taken":0}],"boss_relics":[{"not_picked":["Runic Dome","Black Star"],"picked":"Cursed Key"},{"not_picked":["Tiny House","Fusion Hammer"],"picked":"Sozu"}],"items_purged_floors":[37],"is_endless":false,"potions_floor_spawned":[4,8,14,16,21,31,33,38,41],"killed_by":"Flame Bruiser 2 Orb","ascension_level":13}