{"gold_per_floor":[109,123,48,48,48,83,95,135,173,185,208,254,279,310,322,435,447,472,137,154,174,186,218,218,249,249,280,292,292,312,331,331,432,432,444,444,35,35,46,80,80,114,164,10,43,43,43,55,55,55,55,55,8,42,42],"floor_reached":56,"playtime":3475,"items_purged":["Normality","Strike_R","Normality"],"score":1747,"play_id":"b58d00db-0f77-4eb3-893c-e34c40596172","local_time":"20190918010936","is_ascension_mode":true,"campfire_choices":[{"floor":10.0,"key":"REST"},{"floor":15.0,"key":"REST"},{"floor":24.0,"key":"RECALL"},{"data":"Corruption","floor":29.0,"key":"SMITH"},{"data":"Fiend Fire","floor":32.0,"key":"SMITH"},{"data":"Panacea","floor":41,"key":"SMITH"},{"data":"Feel No Pain","floor":46,"key":"SMITH"},{"data":"Double Tap","floor":49,"key":"SMITH"},{"data":"Berserk","floor":52,"key":"SMITH"}],"neow_cost":"CURSE","seed_source_timestamp":0,"circlet_count":0,"master_deck":["Strike_R","Strike_R","Strike_R","Defend_R","Defend_R","Defend_R","Defend_R","Bash","Evolve","Armaments+1","Immolate","Cleave","Corruption+1","Berserk+1","Pommel Strike","Seeing Red","Fiend Fire+1","Shockwave+1","Feel No Pain+1","Seeing Red+1","Havoc","Feed+1","Panacea+1","Master of Strategy","Enlightenment","Sadistic Nature+1","Dark Shackles","Doubt","Double Tap+1","Flex","Shrug It Off+1"],"special_seed":0,"relics":["Burning Blood","Dead Branch","MawBank","TungstenRod","Dodecahedron","PreservedInsect","Letter Opener","Cursed Key","Eternal Feather","Frozen Egg 2","Bottled Tornado","Molten Egg 2","Mark of Pain","Pantograph","Singing Bowl","Ancient Tea Set","OrangePellets","Blue Candle","Gremlin Horn"],"potions_floor_usage":[54],"damage_taken":[{"damage":2.0,"enemies":"2 Louse","floor":1.0,"turns":4.0},{"damage":0.0,"enemies":"Small Slimes","floor":2.0,"turns":3.0},{"damage":20.0,"enemies":"3 Sentries","floor":6.0,"turns":6.0},{"damage":35.0,"enemies":"Gremlin Nob","floor":8.0,"turns":5.0},{"damage":0.0,"enemies":"Jaw Worm","floor":11.0,"turns":2.0},{"damage":17.0,"enemies":"3 Sentries","floor":12.0,"turns":5.0},{"damage":0.0,"enemies":"Gremlin Gang","floor":13.0,"turns":2.0},{"damage":10.0,"enemies":"Looter","floor":14.0,"turns":3.0},{"damage":8.0,"enemies":"Slime Boss","floor":16.0,"turns":5.0},{"damage":6.0,"enemies":"3 Byrds","floor":18.0,"turns":3.0},{"damage":2.0,"enemies":"2 Thieves","floor":20.0,"turns":2.0},{"damage":11.0,"enemies":"Centurion and Healer","floor":21.0,"turns":4.0},{"damage":20.0,"enemies":"Snake Plant","floor":22.0,"turns":4.0},{"damage":5.0,"enemies":"Slavers","floor":23.0,"turns":1.0},{"damage":49.0,"enemies":"Book of Stabbing","floor":25.0,"turns":5.0},{"damage":0.0,"enemies":"Slavers","floor":27.0,"turns":2.0},{"damage":2.0,"enemies":"3 Cultists","floor":28.0,"turns":1.0},{"damage":9.0,"enemies":"Centurion and Healer","floor":30.0,"turns":2.0},{"damage":0.0,"enemies":"Sentry and Sphere","floor":31.0,"turns":3.0},{"damage":9.0,"enemies":"Champ","floor":33.0,"turns":5.0},{"damage":0.0,"enemies":"3 Darklings","floor":35.0,"turns":2.0},{"damage":4.0,"enemies":"Orb Walker","floor":39.0,"turns":1.0},{"damage":10.0,"enemies":"Nemesis","floor":40.0,"turns":3.0},{"damage":10,"enemies":"Reptomancer","floor":42,"turns":3},{"damage":40,"enemies":"Nemesis","floor":45,"turns":3},{"damage":0,"enemies":"Sphere and 2 Shapes","floor":48,"turns":2},{"damage":2,"enemies":"Donu and Deca","floor":50,"turns":1},{"damage":2,"enemies":"Shield and Spear","floor":54,"turns":3},{"damage":9,"enemies":"The Heart","floor":55,"turns":3}],"seed_played":"9004743046247534558","potions_obtained":[{"floor":2.0,"key":"Strength Potion"},{"floor":11.0,"key":"Poison Potion"},{"floor":12.0,"key":"PowerPotion"},{"floor":20.0,"key":"BloodPotion"},{"floor":22.0,"key":"Explosive Potion"},{"floor":23.0,"key":"LiquidBronze"},{"floor":28.0,"key":"EssenceOfSteel"},{"floor":30.0,"key":"Fruit Juice"},{"floor":35.0,"key":"LiquidBronze"},{"floor":42,"key":"Fire Potion"},{"floor":48,"key":"BloodPotion"},{"floor":54,"key":"GamblersBrew"}],"is_trial":false,"path_per_floor":["M","M","$","?","?","E","?","E","T","R","M","E","M","M","R","B",null,"M","$","M","M","M","E","R","E","T","E","M","R","M","M","R","B",null,"M","?","$","?","M","E","R","E","T","$","E","R","?","M","R","B",null,"R","$","E","B",null],"character_chosen":"IRONCLAD","items_purchased":["Eternal Feather","Panacea","Master of Strategy","OrangePellets","Flex"],"campfire_rested":2,"item_purchase_floors":[19,37,37,44,53],"current_hp_per_floor":[80,80,80,64,69,55,37,8,8,33,39,28,34,30,55,53,85,85,85,85,80,66,67,79,54,54,60,64,76,73,84,90,87,90,90,90,90,81,83,83,94,96,96,96,64,79,79,85,100,102,102,102,102,106,107],"gold":42,"neow_bonus":"ONE_RARE_RELIC","is_prod":false,"is_daily":false,"chose_seed":false,"campfire_upgraded":6,"win_rate":0,"timestamp":1568740176,"path_taken":["M","M","$","?","?","E","?","E","T","R","M","E","?","M","R","BOSS","M","$","M","M","M","E","R","E","T","E","?","R","M","M","R","BOSS","M","?","$","?","M","E","R","E","T","$","E","R","?","M","R","BOSS","R","$","E","BOSS"],"build_version":"2019-09-16v2","purchased_purges":3,"victory":true,"max_hp_per_floor":[80,80,80,80,85,85,85,85,85,85,85,85,85,85,85,85,85,85,85,85,85,85,85,85,85,85,85,85,85,85,90,90,90,90,90,90,90,90,90,94,94,100,100,100,102,102,102,102,102,102,102,102,102,106,110],"card_choices":[{"not_picked":["Warcry","Rage"],"picked":"Evolve","floor":1.0},{"not_picked":["Twin Strike","Clothesline"],"picked":"Armaments","floor":2.0},{"not_picked":["Warcry","Rage"],"picked":"Immolate","floor":6.0},{"not_picked":["Flame Barrier","Headbutt"],"picked":"Cleave","floor":8.0},{"not_picked":["Rage","Pummel"],"picked":"Corruption","floor":11.0},{"not_picked":["Anger","Battle Trance"],"picked":"Berserk","floor":12.0},{"not_picked":["Metallicize","Sword Boomerang"],"picked":"Pommel Strike","floor":13.0},{"not_picked":["Iron Wave","Shrug It Off"],"picked":"Seeing Red","floor":14.0},{"not_picked":["Impervious","Berserk"],"picked":"Fiend Fire","floor":16.0},{"not_picked":["Havoc+1","Clash+1"],"picked":"Shockwave+1","floor":18.0},{"not_picked":["Clash","Dropkick"],"picked":"Feel No Pain","floor":20.0},{"not_picked":["Battle Trance","Heavy Blade","True Grit"],"picked":"SKIP","floor":21.0},{"not_picked":["Anger","Headbutt","Sword Boomerang+1"],"picked":"SKIP","floor":22.0},{"not_picked":["Corruption","Thunderclap","Wild Strike+1"],"picked":"SKIP","floor":23.0},{"not_picked":["Dropkick","Rampage+1","Anger"],"picked":"SKIP","floor":25.0},{"not_picked":["Iron Wave","Body Slam"],"picked":"Seeing Red+1","floor":27.0},{"not_picked":["Anger+1","Demon Form+1","Twin Strike+1"],"picked":"SKIP","floor":28.0},{"not_picked":["Headbutt+1","Body Slam+1"],"picked":"Havoc","floor":30.0},{"not_picked":["Thunderclap+1","Anger+1","Sword Boomerang+1"],"picked":"SKIP","floor":31.0},{"not_picked":["Immolate+1","Limit Break"],"picked":"Feed+1","floor":33.0},{"not_picked":["Clash+1","Flame Barrier+1","Armaments"],"picked":"SKIP","floor":35.0},{"not_picked":["Finesse","Master of Strategy"],"picked":"Enlightenment","floor":38.0},{"not_picked":["HandOfGreed+1","Mayhem+1"],"picked":"Sadistic Nature+1","floor":38.0},{"not_picked":["Trip","Swift Strike+1"],"picked":"Dark Shackles","floor":38.0},{"not_picked":["Clash+1","Metallicize+1","Whirlwind+1"],"picked":"SKIP","floor":39.0},{"not_picked":["Perfected Strike+1","Clash+1","Wild Strike+1"],"picked":"SKIP","floor":40.0},{"not_picked":["Power Through","Clash+1","True Grit+1"],"picked":"Singing Bowl","floor":42},{"not_picked":["Sever Soul+1","Fire Breathing+1","Entrench+1"],"picked":"Singing Bowl","floor":45},{"not_picked":["Perfected Strike+1","Pummel+1"],"picked":"Double Tap","floor":48},{"not_picked":["Uppercut+1","Perfected Strike+1"],"picked":"Shrug It Off+1","floor":54}],"player_experience":162293,"relics_obtained":[{"floor":6.0,"key":"MawBank"},{"floor":8.0,"key":"Dodecahedron"},{"floor":9.0,"key":"PreservedInsect"},{"floor":12.0,"key":"Letter Opener"},{"floor":23.0,"key":"Frozen Egg 2"},{"floor":25.0,"key":"Bottled Tornado"},{"floor":27.0,"key":"Molten Egg 2"},{"floor":40.0,"key":"Pantograph"},{"floor":42,"key":"Singing Bowl"},{"floor":43,"key":"Ancient Tea Set"},{"floor":45,"key":"Blue Candle"},{"floor":54,"key":"Gremlin Horn"}],"event_choices":[{"damage_healed":0.0,"max_hp_gain":0.0,"max_hp_loss":0.0,"gold_gain":0.0,"event_name":"Shining Light","player_choice":"Entered Light","floor":4.0,"gold_loss":0.0,"damage_taken":16.0,"cards_upgraded":["Strike_R","Armaments"]},{"damage_healed":0.0,"max_hp_gain":5.0,"max_hp_loss":0.0,"gold_gain":0.0,"event_name":"Big Fish","player_choice":"Donut","floor":5.0,"gold_loss":0.0,"damage_taken":0.0},{"damage_healed":0.0,"max_hp_gain":0.0,"max_hp_loss":0.0,"gold_gain":0.0,"event_name":"Scrap Ooze","player_choice":"Success","floor":7.0,"gold_loss":0.0,"damage_taken":18.0,"relics_obtained":["TungstenRod"]},{"damage_healed":0.0,"max_hp_gain":0.0,"max_hp_loss":0.0,"gold_gain":0.0,"event_name":"Tomb of Lord Red Mask","player_choice":"Ignored","floor":36.0,"gold_loss":0.0,"damage_taken":0.0},{"damage_healed":0.0,"max_hp_gain":0.0,"max_hp_loss":0.0,"gold_gain":0.0,"event_name":"SensoryStone","player_choice":"Memory 3","floor":38.0,"gold_loss":0.0,"damage_taken":10.0},{"cards_removed":["Strike_R"],"damage_healed":0,"gold_gain":0,"player_choice":"Removed Attack","damage_taken":0,"max_hp_gain":0,"max_hp_loss":0,"event_name":"Falling","floor":47,"gold_loss":0}],"is_beta":true,"boss_relics":[{"not_picked":["Pandora\u0027s Box","Runic Dome"],"picked":"Cursed Key"},{"not_picked":["Velvet Choker","Astrolabe"],"picked":"Mark of Pain"}],"items_purged_floors":[3,19,37],"is_endless":false,"potions_floor_spawned":[2,11,12,20,22,23,28,30,35,42,48,54],"ascension_level":3}