{"gold_per_floor":[118,35,55,55,105,139,139,172,172,172,184,198,224,237,237,314,314,329,329,340,353,105,105,138,157,157,173,173,173,191,40,40,113,113,133,144,44,44,61,61,81,81,81,0,19,19,19,47,47,47,47],"floor_reached":51,"playtime":3257,"items_purged":["Strike_B","Regret"],"score":1524,"play_id":"16f59a19-256b-49da-8532-a47dc3414b71","local_time":"20181222221959","is_ascension_mode":true,"campfire_choices":[{"data":"Sunder","floor":7,"key":"SMITH"},{"data":"Zap","floor":10,"key":"SMITH"},{"floor":15,"key":"REST"},{"floor":23,"key":"REST"},{"floor":28,"key":"REST"},{"floor":32,"key":"REST"},{"data":"Consume","floor":40,"key":"SMITH"},{"floor":42,"key":"REST"},{"floor":46,"key":"REST"},{"floor":49,"key":"REST"}],"neow_cost":"NONE","seed_source_timestamp":8018926505209087,"circlet_count":0,"master_deck":["AscendersBane","Strike_B","Strike_B","Defend_B","Defend_B","Defend_B","Defend_B","Zap+1","Dualcast","Ball Lightning","Sunder+1","Cold Snap","BootSequence","Genetic Algorithm","Go for the Eyes","Hologram","Compile Driver","Cold Snap","Fission+1","Loop","Self Repair","Sweeping Beam","Consume+1","Capacitor+1","Biased Cognition+1","Defragment+1","Reinforced Body","Capacitor+1"],"relics":["Cracked Core","Strawberry","Darkstone Periapt","Bottled Flame","Happy Flower","Symbiotic Virus","Cursed Key","DataDisk","Pen Nib","Frozen Egg 2","Snecko Eye","Bag of Preparation"],"potions_floor_usage":[8,16,24,29,33,39,39,39,41],"damage_taken":[{"damage":3,"enemies":"2 Louse","floor":1,"turns":3},{"damage":0,"enemies":"Cultist","floor":3,"turns":2},{"damage":29,"enemies":"3 Sentries","floor":6,"turns":8},{"damage":8,"enemies":"Gremlin Nob","floor":8,"turns":3},{"damage":2,"enemies":"Jaw Worm","floor":11,"turns":2},{"damage":0,"enemies":"Red Slaver","floor":12,"turns":3},{"damage":16,"enemies":"3 Sentries","floor":13,"turns":6},{"damage":0,"enemies":"Gremlin Gang","floor":14,"turns":4},{"damage":0,"enemies":"Slime Boss","floor":16,"turns":6},{"damage":18,"enemies":"Spheric Guardian","floor":18,"turns":4},{"damage":2,"enemies":"Chosen","floor":20,"turns":4},{"damage":12,"enemies":"Centurion and Healer","floor":21,"turns":6},{"damage":37,"enemies":"Slavers","floor":24,"turns":8},{"damage":9,"enemies":"Chosen and Byrds","floor":25,"turns":5},{"damage":21,"enemies":"Cultist and Chosen","floor":27,"turns":6},{"damage":0,"enemies":"Gremlin Leader","floor":29,"turns":2},{"damage":0,"enemies":"Snake Plant","floor":30,"turns":2},{"damage":51,"enemies":"Collector","floor":33,"turns":10},{"damage":13,"enemies":"3 Shapes","floor":35,"turns":3},{"damage":6,"enemies":"Orb Walker","floor":36,"turns":3},{"damage":32,"enemies":"Jaw Worm Horde","floor":39,"turns":4},{"damage":24,"enemies":"Maw","floor":41,"turns":8},{"damage":7,"enemies":"Writhing Mass","floor":45,"turns":6},{"damage":21,"enemies":"Giant Head","floor":48,"turns":7},{"damage":63,"enemies":"Time Eater","floor":50,"turns":18},{"damage":46,"enemies":"Donu and Deca","floor":51,"turns":5}],"seed_played":"427352057485468934","potions_obtained":[{"floor":1,"key":"Poison Potion"},{"floor":6,"key":"FearPotion"},{"floor":11,"key":"SmokeBomb"},{"floor":14,"key":"PowerPotion"},{"floor":20,"key":"Block Potion"},{"floor":25,"key":"Explosive Potion"},{"floor":33,"key":"GamblersBrew"},{"floor":35,"key":"Explosive Potion"},{"floor":36,"key":"EntropicBrew"},{"floor":39,"key":"AttackPotion"}],"is_trial":false,"path_per_floor":["M","$","M","?","?","E","R","E","T","R","M","M","E","M","R","B",null,"M","?","M","M","$","R","E","M","T","M","R","E","M","$","R","B",null,"M","M","$","?","M","R","M","R","T","$","M","R","?","E","R","B","B"],"character_chosen":"DEFECT","items_purchased":["Sunder","DataDisk","Self Repair","Capacitor+1","Reinforced Body"],"campfire_rested":7,"item_purchase_floors":[2,22,22,31,44],"current_hp_per_floor":[68,68,68,68,68,39,39,31,31,31,29,29,13,13,36,36,68,50,50,48,36,36,59,29,27,33,19,44,44,44,44,69,25,69,63,57,57,57,32,32,15,40,40,40,40,65,65,51,76,20,0],"gold":47,"neow_bonus":"RANDOM_COMMON_RELIC","is_prod":false,"is_daily":false,"chose_seed":false,"campfire_upgraded":3,"win_rate":0,"timestamp":1545545999,"path_taken":["M","$","M","?","?","E","R","E","T","R","M","?","E","M","R","BOSS","M","?","?","M","$","R","E","M","T","M","R","E","M","$","R","BOSS","M","M","$","?","?","R","M","R","T","?","M","R","?","E","R","BOSS","BOSS"],"build_version":"2018-12-20","purchased_purges":2,"victory":false,"max_hp_per_floor":[78,78,78,78,78,78,78,78,78,78,78,78,78,78,78,78,78,78,78,78,78,78,78,78,78,84,84,84,84,84,84,84,84,84,84,84,84,84,84,84,84,84,84,84,84,84,84,84,84,84,84],"card_choices":[{"not_picked":["Steam Power","Defragment"],"picked":"Ball Lightning","floor":1},{"not_picked":["Hello World","Rebound"],"picked":"Cold Snap","floor":3},{"not_picked":["Turbo","Streamline"],"picked":"BootSequence","floor":6},{"not_picked":["Chaos","Blizzard"],"picked":"Genetic Algorithm","floor":8},{"not_picked":["Rebound","Leap"],"picked":"Go for the Eyes","floor":11},{"not_picked":["Leap","Stack"],"picked":"Hologram","floor":12},{"not_picked":["Loop","Capacitor"],"picked":"Compile Driver","floor":13},{"not_picked":["Undo","Turbo"],"picked":"Cold Snap","floor":14},{"not_picked":["Amplify","Machine Learning"],"picked":"Fission","floor":16},{"not_picked":["Cold Snap","Fusion","Chill"],"picked":"SKIP","floor":18},{"not_picked":["Ball Lightning","Reprogram"],"picked":"Loop","floor":20},{"not_picked":["Lockon","Turbo","Rebound"],"picked":"SKIP","floor":21},{"not_picked":["Double Energy","Beam Cell"],"picked":"Sweeping Beam","floor":24},{"not_picked":["Reprogram","Steam"],"picked":"Consume","floor":25},{"not_picked":["Scrape","Auto Shields","Undo"],"picked":"SKIP","floor":27},{"not_picked":["Storm+1","Hologram","Steam Power"],"picked":"SKIP","floor":30},{"not_picked":["Buffer+1","Meteor Strike"],"picked":"Biased Cognition+1","floor":33},{"not_picked":["Turbo","Beam Cell+1","Barrage+1"],"picked":"SKIP","floor":35},{"not_picked":["Gash","Double Energy"],"picked":"Defragment+1","floor":36},{"not_picked":["Steam+1","Turbo","Hologram"],"picked":"SKIP","floor":39},{"not_picked":["Heatsinks+1","Turbo","Doom and Gloom+1"],"picked":"SKIP","floor":41},{"not_picked":["Skim","Barrage","Steam"],"picked":"SKIP","floor":45},{"not_picked":["Beam Cell","Force Field"],"picked":"Capacitor+1","floor":48}],"player_experience":1119763,"relics_obtained":[{"floor":6,"key":"Darkstone Periapt"},{"floor":8,"key":"Bottled Flame"},{"floor":9,"key":"Happy Flower"},{"floor":13,"key":"Symbiotic Virus"},{"floor":24,"key":"Pen Nib"},{"floor":26,"key":"Frozen Egg 2"},{"floor":48,"key":"Bag of Preparation"}],"event_choices":[{"damage_healed":0,"gold_gain":0,"player_choice":"Leave","damage_taken":0,"max_hp_gain":0,"max_hp_loss":0,"event_name":"The Cleric","floor":4,"gold_loss":0},{"damage_healed":0,"gold_gain":50,"player_choice":"Pray","damage_taken":0,"max_hp_gain":0,"max_hp_loss":0,"event_name":"Golden Shrine","floor":5,"gold_loss":0},{"damage_healed":0,"gold_gain":0,"player_choice":"Upgraded","damage_taken":0,"max_hp_gain":0,"max_hp_loss":0,"event_name":"Upgrade Shrine","floor":19,"gold_loss":0,"cards_upgraded":["Fission"]},{"damage_healed":0,"gold_gain":0,"player_choice":"Ignored","damage_taken":0,"max_hp_gain":0,"max_hp_loss":0,"event_name":"SecretPortal","floor":38,"gold_loss":0},{"cards_removed":["Strike_B"],"damage_healed":0,"gold_gain":0,"player_choice":"Removed Attack","damage_taken":0,"max_hp_gain":0,"max_hp_loss":0,"event_name":"Falling","floor":47,"gold_loss":0}],"is_beta":true,"boss_relics":[{"not_picked":["Velvet Choker","Tiny House"],"picked":"Cursed Key"},{"not_picked":["Nuclear Battery","Coffee Dripper"],"picked":"Snecko Eye"}],"items_purged_floors":[31,37],"is_endless":false,"potions_floor_spawned":[1,6,11,14,20,21,25,29,33,35,36,39],"killed_by":"Donu and Deca","ascension_level":20}