{"gold_per_floor":[109,34,47,57,57,88,102,102,102,123,88,104,104,116,116,116],"floor_reached":16,"playtime":937,"items_purged":["Strike_R"],"score":102,"play_id":"f9208dc0-6bd4-4347-a4cc-47095487888c","local_time":"20190917131825","is_ascension_mode":false,"campfire_choices":[{"data":"Body Slam","floor":8.0,"key":"SMITH"},{"data":"Barricade","floor":13,"key":"SMITH"},{"floor":15,"key":"REST"}],"neow_cost":"TEN_PERCENT_HP_LOSS","seed_source_timestamp":257079481575500,"circlet_count":0,"master_deck":["Strike_R","Strike_R","Strike_R","Strike_R","Defend_R","Defend_R","Defend_R","Defend_R","Bash","Barricade+1","Iron Wave","Flex","Pommel Strike","Sword Boomerang","Body Slam+1","Body Slam","Cleave"],"special_seed":0,"relics":["Burning Blood","Eternal Feather","Mango","Peace Pipe","Odd Mushroom"],"potions_floor_usage":[14,16],"damage_taken":[{"damage":0.0,"enemies":"2 Louse","floor":1.0,"turns":3.0},{"damage":4.0,"enemies":"Small Slimes","floor":3.0,"turns":5.0},{"damage":11.0,"enemies":"Jaw Worm","floor":4.0,"turns":3.0},{"damage":38.0,"enemies":"3 Sentries","floor":6.0,"turns":15.0},{"damage":3.0,"enemies":"Large Slime","floor":7.0,"turns":4.0},{"damage":38.0,"enemies":"The Mushroom Lair","floor":10.0,"turns":6.0},{"damage":16,"enemies":"Blue Slaver","floor":12,"turns":4},{"damage":21,"enemies":"Lots of Slimes","floor":14,"turns":7},{"damage":65,"enemies":"Hexaghost","floor":16,"turns":12}],"seed_played":"-5183203349994597150","potions_obtained":[{"floor":3.0,"key":"DuplicationPotion"},{"floor":6.0,"key":"Ancient Potion"},{"floor":10.0,"key":"Swift Potion"},{"floor":14,"key":"EssenceOfSteel"}],"is_trial":false,"path_per_floor":["M","$","M","M","?","E","M","R","T","?","?","M","R","M","R","B"],"character_chosen":"IRONCLAD","items_purchased":[],"campfire_rested":1,"item_purchase_floors":[],"current_hp_per_floor":[72,72,72,67,60,42,45,54,54,22,43,33,42,27,61,0],"gold":116,"neow_bonus":"THREE_RARE_CARDS","is_prod":false,"is_daily":false,"chose_seed":false,"campfire_upgraded":2,"win_rate":0,"timestamp":1568697505,"path_taken":["M","$","M","M","?","E","M","R","T","?","?","M","R","M","R","BOSS"],"build_version":"2019-09-16","purchased_purges":1,"victory":false,"max_hp_per_floor":[72,72,72,72,72,86,86,86,86,86,86,86,86,86,86,86],"card_choices":[{"not_picked":["Impervious","Bludgeon"],"picked":"Barricade","floor":0.0},{"not_picked":["Perfected Strike","Anger"],"picked":"Iron Wave","floor":1.0},{"not_picked":["Carnage","Anger"],"picked":"Flex","floor":3.0},{"not_picked":["Iron Wave","Disarm"],"picked":"Pommel Strike","floor":4.0},{"not_picked":["Combust","Battle Trance"],"picked":"Sword Boomerang","floor":6.0},{"not_picked":["Iron Wave","Dark Embrace"],"picked":"Body Slam","floor":7.0},{"not_picked":["Sentinel","Infernal Blade"],"picked":"Body Slam","floor":12},{"not_picked":["Seeing Red","Shockwave"],"picked":"Cleave","floor":14}],"player_experience":161356,"relics_obtained":[{"floor":6.0,"key":"Mango"},{"floor":9.0,"key":"Peace Pipe"},{"floor":10.0,"key":"Odd Mushroom"}],"event_choices":[{"damage_healed":0.0,"max_hp_gain":0.0,"max_hp_loss":0.0,"gold_gain":0.0,"event_name":"Scrap Ooze","player_choice":"Success","floor":5.0,"gold_loss":0.0,"damage_taken":7.0,"relics_obtained":["Eternal Feather"]},{"damage_healed":0.0,"max_hp_gain":0.0,"max_hp_loss":0.0,"gold_gain":0.0,"event_name":"Mushrooms","player_choice":"Fought Mushrooms","floor":10.0,"gold_loss":0.0,"damage_taken":0.0},{"damage_healed":21,"gold_gain":0,"player_choice":"Healed","damage_taken":0,"max_hp_gain":0,"max_hp_loss":0,"event_name":"The Cleric","floor":11,"gold_loss":35}],"is_beta":true,"boss_relics":[],"items_purged_floors":[2],"is_endless":false,"potions_floor_spawned":[3,6,10,14],"killed_by":"Hexaghost","ascension_level":0}