{"gold_per_floor":[16,16,16,116,129,158,158,169,169,200,200,15,15,33,33,138,138,151,164,219,219,58,58,58,72,95,95,114,114,114,132,132,235,235,253,353,366,366],"floor_reached":38,"playtime":2050,"items_purged":["Defend_R"],"score":482,"play_id":"64ca0849-c31b-409e-92dd-ce12c0865b1e","local_time":"20190424121515","is_ascension_mode":false,"campfire_choices":[{"data":"Bash","floor":7.0,"key":"SMITH"},{"data":"Havoc","floor":11.0,"key":"SMITH"},{"data":"Disarm","floor":13.0,"key":"SMITH"},{"data":"Rage","floor":15.0,"key":"SMITH"},{"data":"Metallicize","floor":23.0,"key":"SMITH"},{"data":"Battle Trance","floor":27.0,"key":"SMITH"},{"data":"Anger","floor":29.0,"key":"SMITH"},{"data":"Flash of Steel","floor":32.0,"key":"SMITH"}],"neow_cost":"NO_GOLD","seed_source_timestamp":4003006257324200,"circlet_count":0,"master_deck":["Defend_R","Defend_R","Defend_R","Bash+1","Demon Form+1","Thunderclap","Disarm+1","Havoc+1","Rage+1","Shrug It Off","Flash of Steel+1","Anger+1","Shrug It Off","Battle Trance+1","Impervious","Ghostly Armor","True Grit+1","Bite","Bite","Bite","Bite","Bite","Shrug It Off","Metallicize+1","Shrug It Off","Shrug It Off","Sword Boomerang+1","Berserk","Warcry+1","Sword Boomerang"],"special_seed":0,"relics":["Burning Blood"],"potions_floor_usage":[],"damage_taken":[{"damage":0.0,"enemies":"Small Slimes","floor":1.0,"turns":3.0},{"damage":6.0,"enemies":"2 Louse","floor":5.0,"turns":3.0},{"damage":46.0,"enemies":"3 Sentries","floor":6.0,"turns":9.0},{"damage":1.0,"enemies":"Cultist","floor":8.0,"turns":3.0},{"damage":14.0,"enemies":"Gremlin Nob","floor":10.0,"turns":3.0},{"damage":9.0,"enemies":"Blue Slaver","floor":14.0,"turns":4.0},{"damage":0.0,"enemies":"Hexaghost","floor":16.0,"turns":6.0},{"damage":15.0,"enemies":"3 Byrds","floor":18.0,"turns":6.0},{"damage":8.0,"enemies":"Chosen","floor":19.0,"turns":5.0},{"damage":8.0,"enemies":"Snake Plant","floor":25.0,"turns":6.0},{"damage":6.0,"enemies":"Centurion and Healer","floor":28.0,"turns":7.0},{"damage":13.0,"enemies":"Sentry and Sphere","floor":31.0,"turns":7.0},{"damage":9.0,"enemies":"Champ","floor":33.0,"turns":10.0},{"damage":17.0,"enemies":"3 Shapes","floor":35.0,"turns":8.0},{"damage":11.0,"enemies":"Mind Bloom Boss Battle","floor":36.0,"turns":7.0},{"damage":46.0,"enemies":"3 Darklings","floor":37.0,"turns":7.0},{"damage":48,"enemies":"Spire Growth","floor":38,"turns":6}],"seed_played":"-8051932848510648534","potions_obtained":[{"floor":5.0,"key":"Dexterity Potion"},{"floor":6.0,"key":"AttackPotion"},{"floor":8.0,"key":"LiquidBronze"},{"floor":10.0,"key":"EssenceOfSteel"},{"floor":19.0,"key":"Poison Potion"},{"floor":28.0,"key":"FearPotion"}],"is_trial":false,"path_per_floor":["M","?","?","?","M","E","R","M","T","E","R","$","R","M","R","B",null,"M","M","T","?","$","R","$","M","T","R","M","R","?","M","R","B",null,"M","?","M","M"],"character_chosen":"IRONCLAD","items_purchased":["Flash of Steel","Anger","Shrug It Off","Shrug It Off","Metallicize"],"campfire_rested":0,"item_purchase_floors":[12,12,12,22,22],"current_hp_per_floor":[80,80,85,85,85,45,45,50,50,42,42,42,42,39,39,45,85,76,74,74,59,59,59,59,59,59,59,59,59,59,59,59,59,59,54,59,27,0],"gold":366,"neow_bonus":"THREE_RARE_CARDS","is_prod":false,"is_daily":false,"chose_seed":false,"campfire_upgraded":8,"win_rate":0,"timestamp":1556133315,"path_taken":["M","?","?","?","M","E","R","M","T","E","R","$","R","M","R","BOSS","M","M","?","?","$","R","?","M","T","R","M","R","?","M","R","BOSS","M","?","M","M"],"build_version":"2019-04-23","purchased_purges":1,"victory":false,"max_hp_per_floor":[80,80,85,85,85,85,85,85,85,85,85,85,85,85,85,85,85,85,85,85,59,59,59,59,59,59,59,59,59,59,59,59,59,59,59,59,59,59],"card_choices":[{"not_picked":["Immolate","Dark Embrace"],"picked":"Demon Form","floor":0.0},{"not_picked":["Feel No Pain","Combust"],"picked":"Thunderclap","floor":1.0},{"not_picked":["Rage","Dual Wield"],"picked":"Disarm","floor":5.0},{"not_picked":["Flex","Perfected Strike"],"picked":"Havoc","floor":6.0},{"not_picked":["Wild Strike","Iron Wave"],"picked":"Rage","floor":8.0},{"not_picked":["Immolate","Hemokinesis"],"picked":"Shrug It Off","floor":10.0},{"not_picked":["Pommel Strike","Havoc"],"picked":"Battle Trance","floor":14.0},{"not_picked":["Feed","Exhume"],"picked":"Impervious","floor":16.0},{"not_picked":["Flex+1","Bloodletting"],"picked":"Ghostly Armor","floor":18.0},{"not_picked":["Corruption","Headbutt"],"picked":"True Grit+1","floor":19.0},{"not_picked":["Corruption","Pommel Strike"],"picked":"Shrug It Off","floor":25.0},{"not_picked":["Anger","Rupture"],"picked":"Shrug It Off","floor":28.0},{"not_picked":["Cleave","Iron Wave"],"picked":"Sword Boomerang+1","floor":31.0},{"not_picked":["Offering","Brutality"],"picked":"Berserk","floor":33.0},{"not_picked":["Rampage+1","Armaments+1"],"picked":"Warcry+1","floor":35.0},{"not_picked":["Anger","Rupture+1"],"picked":"Sword Boomerang","floor":36.0},{"not_picked":["Entrench+1","True Grit+1","Cleave"],"picked":"SKIP","floor":37.0}],"player_experience":3421553,"relics_obtained":[],"event_choices":[{"damage_healed":0.0,"max_hp_gain":0.0,"max_hp_loss":0.0,"gold_gain":0.0,"event_name":"Living Wall","player_choice":"Grow","floor":2.0,"gold_loss":0.0,"damage_taken":0.0,"cards_upgraded":["Demon Form"]},{"damage_healed":0.0,"max_hp_gain":5.0,"max_hp_loss":0.0,"gold_gain":0.0,"event_name":"Big Fish","player_choice":"Donut","floor":3.0,"gold_loss":0.0,"damage_taken":0.0},{"damage_healed":0.0,"max_hp_gain":0.0,"max_hp_loss":0.0,"gold_gain":100.0,"event_name":"Golden Shrine","player_choice":"Pray","floor":4.0,"gold_loss":0.0,"damage_taken":0.0},{"damage_healed":0.0,"max_hp_gain":0.0,"max_hp_loss":26.0,"gold_gain":0.0,"event_name":"Vampires","player_choice":"Became a vampire","floor":21.0,"gold_loss":0.0,"damage_taken":0.0,"cards_obtained":["Bite","Bite","Bite","Bite","Bite"]},{"damage_healed":0.0,"max_hp_gain":0.0,"max_hp_loss":0.0,"gold_gain":0.0,"event_name":"MindBloom","player_choice":"Fight","floor":36.0,"gold_loss":0.0,"damage_taken":0.0}],"is_beta":true,"boss_relics":[{"not_picked":["Lizard Tail","Runic Pyramid","Eternal Feather"]},{"not_picked":["Snecko Eye","Calling Bell","Fusion Hammer"]}],"items_purged_floors":[22],"is_endless":false,"potions_floor_spawned":[5,6,8,10,19,28,31],"killed_by":"Spire Growth","ascension_level":0}