{"gold_per_floor":[115,115,132,57,72,72,89,89,89,105,105,122,157,170,170,244,244,255,205,31,31,49,49,77,77,77,77,0,0,11,44,44,44],"floor_reached":33,"playtime":1491,"items_purged":["Strike_B","Strike_B"],"score":499,"play_id":"050cd7d0-a0ce-4862-95d7-f49eb24f3384","local_time":"20180710233600","is_ascension_mode":true,"campfire_choices":[{"data":"Beam Cell","floor":6,"key":"SMITH"},{"data":"Coolheaded","floor":11,"key":"SMITH"},{"floor":15,"key":"REST"},{"data":"Hologram","floor":23,"key":"SMITH"},{"floor":25,"key":"REST"},{"data":"Darkness","floor":29,"key":"SMITH"},{"data":"Dualcast","floor":32,"key":"SMITH"}],"neow_cost":"","seed_source_timestamp":179887601777513,"circlet_count":0,"master_deck":["Strike_B","Strike_B","Defend_B","Defend_B","Defend_B","Defend_B","Zap","Dualcast+1","AscendersBane","Beam Cell+1","Gash","Gash","Coolheaded+1","Darkness+1","Hologram+1","Melter","All For One","Gash","Seek+1","Glacier","BootSequence","Self Repair"],"relics":["Cracked Core","Gambling Chip","Calipers","Pantograph","Bottled Flame","Philosopher\u0027s Stone","Anchor","Meat on the Bone","Unceasing Top"],"potions_floor_usage":[14,18,24,30,30,31,31,33],"damage_taken":[{"damage":0,"enemies":"2 Louse","floor":1,"turns":3},{"damage":1,"enemies":"Cultist","floor":3,"turns":3},{"damage":2,"enemies":"Jaw Worm","floor":5,"turns":4},{"damage":6,"enemies":"Blue Slaver","floor":7,"turns":4},{"damage":4,"enemies":"Looter","floor":10,"turns":2},{"damage":3,"enemies":"2 Fungi Beasts","floor":12,"turns":3},{"damage":16,"enemies":"Lagavulin","floor":13,"turns":6},{"damage":14,"enemies":"Lots of Slimes","floor":14,"turns":4},{"damage":17,"enemies":"The Guardian","floor":16,"turns":10},{"damage":16,"enemies":"Shell Parasite","floor":18,"turns":5},{"damage":13,"enemies":"2 Thieves","floor":22,"turns":2},{"damage":28,"enemies":"Gremlin Leader","floor":24,"turns":6},{"damage":0,"enemies":"Snecko","floor":30,"turns":3},{"damage":10,"enemies":"Slavers","floor":31,"turns":4},{"damage":100,"enemies":"Collector","floor":33,"turns":7}],"seed_played":"9047103838690019175","potions_obtained":[{"floor":3,"key":"Regen Potion"},{"floor":10,"key":"FearPotion"},{"floor":12,"key":"Weak Potion"},{"floor":16,"key":"Regen Potion"},{"floor":24,"key":"EntropicBrew"},{"floor":30,"key":"LiquidBronze"},{"floor":31,"key":"Explosive Potion"}],"is_trial":false,"path_per_floor":["M","?","M","$","M","R","M","?","T","M","R","M","E","M","R","B",null,"M","?","$","?","M","R","E","R","T","?","$","R","M","E","R"],"character_chosen":"DEFECT","items_purchased":["Seek","BootSequence"],"campfire_rested":2,"item_purchase_floors":[20,28],"current_hp_per_floor":[64,64,63,63,61,61,55,44,44,40,40,37,21,19,40,48,65,49,49,49,49,36,36,23,44,44,44,44,44,44,53,53,0],"gold":44,"neow_bonus":"","is_prod":false,"is_daily":false,"chose_seed":false,"campfire_upgraded":5,"win_rate":0,"timestamp":1531290960,"path_taken":["M","?","M","$","M","R","M","?","T","M","R","M","E","M","R","BOSS","M","?","$","?","M","R","E","R","T","?","?","R","M","E","R","BOSS"],"build_version":"2018-07-09","purchased_purges":2,"victory":false,"max_hp_per_floor":[71,71,71,71,71,71,71,71,71,71,71,71,71,71,71,71,71,71,71,71,71,71,71,71,71,71,71,71,71,71,71,71,71],"card_choices":[{"not_picked":["Barrage","Rebound"],"picked":"Beam Cell","floor":1},{"not_picked":["Go for the Eyes","Auto Shields"],"picked":"Gash","floor":3},{"not_picked":["Streamline","Steam"],"picked":"Gash","floor":5},{"not_picked":["Rebound","Capacitor"],"picked":"Coolheaded","floor":7},{"not_picked":["Reprogram","Tempest","Coolheaded"],"picked":"SKIP","floor":10},{"not_picked":["Redo","Amplify"],"picked":"Darkness","floor":12},{"not_picked":["Go for the Eyes","Thunder Strike"],"picked":"Hologram","floor":13},{"not_picked":["Streamline","Tempest"],"picked":"Melter","floor":14},{"not_picked":["Machine Learning","Hyperbeam"],"picked":"All For One","floor":16},{"not_picked":["Turbo","Conserve Battery"],"picked":"Gash","floor":18},{"not_picked":["BootSequence+1","Leap+1"],"picked":"Glacier","floor":22},{"not_picked":["Chill","Darkness","Scrape"],"picked":"SKIP","floor":24},{"not_picked":["Redo","Auto Shields"],"picked":"Self Repair","floor":30},{"not_picked":["Meteor Strike","Aggregate","Ball Lightning"],"picked":"SKIP","floor":31}],"player_experience":788754,"relics_obtained":[{"floor":9,"key":"Pantograph"},{"floor":13,"key":"Bottled Flame"},{"floor":24,"key":"Anchor"},{"floor":26,"key":"Meat on the Bone"},{"floor":31,"key":"Unceasing Top"}],"event_choices":[{"event_name":"Wheel of Change","player_choice":"Relic","floor":2,"damage_taken":0},{"event_name":"Scrap Ooze","player_choice":"success","floor":8,"damage_taken":11},{"event_name":"The Joust","player_choice":"Bet on Owner","floor":19,"damage_taken":0},{"event_name":"Beggar","player_choice":"Ignored","floor":21,"damage_taken":0},{"event_name":"Accursed Blacksmith","player_choice":"Forge","floor":27,"damage_taken":0}],"boss_relics":[{"not_picked":["Calling Bell","Velvet Choker"],"picked":"Philosopher\u0027s Stone"}],"items_purged_floors":[4,20],"is_endless":false,"potions_floor_spawned":[3,10,12,13,16,24,30,31],"killed_by":"Collector","ascension_level":15}