{"gold_per_floor":[116,126,141,152,164,164,191,191,191,207,282,282,282,300,300,300],"floor_reached":16,"playtime":499,"items_purged":[],"score":104,"play_id":"dab65dbe-3839-4d26-99c0-44767cbbd53a","local_time":"20190621132942","is_ascension_mode":false,"campfire_choices":[{"data":"Bouncing Flask","floor":6,"key":"SMITH"},{"data":"Adrenaline","floor":8,"key":"SMITH"},{"floor":15,"key":"REST"}],"neow_cost":"NONE","seed_source_timestamp":334835376511042,"circlet_count":0,"master_deck":["Defend_G","Defend_G","Defend_G","Defend_G","Defend_G","Strike_G","Strike_G","Strike_G","Strike_G","Strike_G","Survivor","Neutralize","Bouncing Flask+1","Well Laid Plans","Backflip","Bouncing Flask","Adrenaline+1","Cloak And Dagger","Poisoned Stab"],"relics":["Velvet Choker","Pear","Sundial","Golden Idol"],"potions_floor_usage":[7],"damage_taken":[{"damage":1,"enemies":"Jaw Worm","floor":1,"turns":6},{"damage":0,"enemies":"2 Louse","floor":2,"turns":2},{"damage":0,"enemies":"Cultist","floor":3,"turns":3},{"damage":5,"enemies":"Red Slaver","floor":4,"turns":4},{"damage":5,"enemies":"Gremlin Gang","floor":5,"turns":6},{"damage":6,"enemies":"Gremlin Nob","floor":7,"turns":3},{"damage":2,"enemies":"Exordium Thugs","floor":10,"turns":5},{"damage":0,"enemies":"Blue Slaver","floor":14,"turns":3},{"damage":0,"enemies":"The Guardian","floor":16,"turns":1}],"seed_played":"-5741122211179625079","potions_obtained":[{"floor":2,"key":"Fire Potion"},{"floor":5,"key":"Fire Potion"},{"floor":14,"key":"EssenceOfSteel"}],"is_trial":false,"path_per_floor":["M","M","M","M","M","R","E","R","T","M","?","?","$","M","R","B"],"character_chosen":"THE_SILENT","items_purchased":[],"campfire_rested":1,"item_purchase_floors":[],"current_hp_per_floor":[69,69,69,64,59,59,63,63,63,61,50,50,50,50,72,72],"gold":300,"neow_bonus":"BOSS_RELIC","is_prod":false,"is_daily":false,"chose_seed":false,"campfire_upgraded":2,"win_rate":0,"timestamp":1561138182,"path_taken":["M","M","M","M","M","R","E","R","T","M","?","?","$","M","R","BOSS"],"build_version":"2019-01-23","purchased_purges":0,"victory":false,"max_hp_per_floor":[70,70,70,70,70,70,80,80,80,80,80,74,74,74,74,74],"card_choices":[{"not_picked":["Slice","Blade Dance"],"picked":"Bouncing Flask","floor":1},{"not_picked":["Cloak And Dagger","Setup"],"picked":"Well Laid Plans","floor":2},{"not_picked":["Finisher","Slice","Prepared"],"picked":"SKIP","floor":3},{"not_picked":["Deflect","Prepared"],"picked":"Backflip","floor":4},{"not_picked":["PiercingWail","Slice"],"picked":"Bouncing Flask","floor":5},{"not_picked":["Prepared","Heel Hook"],"picked":"Adrenaline","floor":7},{"not_picked":["Accuracy","Finisher"],"picked":"Cloak And Dagger","floor":10},{"not_picked":["Finisher","Slice"],"picked":"Poisoned Stab","floor":14}],"player_experience":630785,"relics_obtained":[{"floor":7,"key":"Pear"},{"floor":9,"key":"Sundial"}],"event_choices":[{"damage_healed":0,"gold_gain":75,"player_choice":"Gather Gold","damage_taken":11,"max_hp_gain":0,"max_hp_loss":0,"event_name":"World of Goop","floor":11,"gold_loss":0},{"damage_healed":0,"gold_gain":0,"player_choice":"Lose Max HP","damage_taken":0,"relics_obtained":["Golden Idol"],"max_hp_gain":0,"max_hp_loss":6,"event_name":"Golden Idol","floor":12,"gold_loss":0}],"is_beta":false,"boss_relics":[],"items_purged_floors":[],"is_endless":false,"potions_floor_spawned":[2,5,14],"killed_by":"The Guardian","ascension_level":0}