{"gold_per_floor":[115,132,148,148,3,3,28,28,100,275,3,3,3,16,16,137,137,161,86,86,104,19,33,33,69,94,134,134,157,157,176,176,304,304,322,322,8,8,31,69,69,83,83,101,1,21,60,79,79,79],"floor_reached":51,"playtime":2882,"items_purged":["Defend_B","Sweeping Beam+1"],"score":762,"play_id":"c7c3a061-6851-4ac1-ac79-45d125bcab88","local_time":"20190503030322","is_ascension_mode":false,"campfire_choices":[{"data":"Redo","floor":6.0,"key":"SMITH"},{"data":"Zap","floor":8.0,"key":"SMITH"},{"data":"Dualcast","floor":12.0,"key":"SMITH"},{"data":"Ball Lightning","floor":15.0,"key":"SMITH"},{"data":"Coolheaded","floor":24.0,"key":"SMITH"},{"data":"Genetic Algorithm","floor":28.0,"key":"SMITH"},{"data":"Defragment","floor":30.0,"key":"SMITH"},{"data":"Undo","floor":32.0,"key":"SMITH"},{"data":"Hologram","floor":41.0,"key":"SMITH"},{"floor":49,"key":"REST"}],"neow_cost":"TEN_PERCENT_HP_LOSS","seed_source_timestamp":437210972393200,"circlet_count":0,"master_deck":["Defend_B","Defend_B","Zap+1","Dualcast+1","Steam","Undo+1","Redo+1","Genetic Algorithm+1","Cold Snap","Ball Lightning+1","Sunder+1","Ball Lightning+1","Core Surge+1","Melter+1","Consume+1","Conserve Battery+1","Core Surge+1","Defragment+1","Go for the Eyes+1","Thunder Strike+1","Darkness","Hologram+1","Coolheaded+1","Redo+1","Electrodynamics","Defragment+1"],"special_seed":0,"relics":["Cracked Core","Golden Idol","Omamori","Molten Egg 2","Oddly Smooth Stone","Philosopher\u0027s Stone","Vajra","Shuriken","Regal Pillow","Bronze Scales","Question Card","Black Star","Gremlin Horn","Boot","Pear","Potion Belt","Juzu Bracelet","Anchor"],"potions_floor_usage":[47,50,50],"damage_taken":[{"damage":4.0,"enemies":"Small Slimes","floor":1.0,"turns":4.0},{"damage":0.0,"enemies":"2 Louse","floor":2.0,"turns":2.0},{"damage":4.0,"enemies":"Jaw Worm","floor":3.0,"turns":3.0},{"damage":0.0,"enemies":"2 Fungi Beasts","floor":7.0,"turns":4.0},{"damage":2.0,"enemies":"Gremlin Gang","floor":14.0,"turns":2.0},{"damage":3.0,"enemies":"Slime Boss","floor":16.0,"turns":6.0},{"damage":5.0,"enemies":"3 Byrds","floor":18.0,"turns":3.0},{"damage":0.0,"enemies":"Chosen","floor":21.0,"turns":3.0},{"damage":1.0,"enemies":"Snake Plant","floor":23.0,"turns":4.0},{"damage":0.0,"enemies":"Slavers","floor":25.0,"turns":4.0},{"damage":6.0,"enemies":"Book of Stabbing","floor":27.0,"turns":4.0},{"damage":3.0,"enemies":"Snecko","floor":29.0,"turns":3.0},{"damage":10.0,"enemies":"Chosen and Byrds","floor":31.0,"turns":3.0},{"damage":6.0,"enemies":"Champ","floor":33.0,"turns":9.0},{"damage":2.0,"enemies":"3 Shapes","floor":35.0,"turns":6.0},{"damage":18.0,"enemies":"Orb Walker","floor":39.0,"turns":3.0},{"damage":2.0,"enemies":"Giant Head","floor":40.0,"turns":7.0},{"damage":3.0,"enemies":"Transient","floor":42.0,"turns":5.0},{"damage":29.0,"enemies":"Jaw Worm Horde","floor":44.0,"turns":3.0},{"damage":0,"enemies":"Writhing Mass","floor":46,"turns":5},{"damage":14,"enemies":"Nemesis","floor":47,"turns":7},{"damage":0,"enemies":"4 Shapes","floor":48,"turns":2},{"damage":17,"enemies":"Time Eater","floor":50,"turns":7}],"seed_played":"7632758076835369562","potions_obtained":[{"floor":1.0,"key":"Dexterity Potion"},{"floor":14.0,"key":"Block Potion"},{"floor":21.0,"key":"Block Potion"},{"floor":23.0,"key":"Fire Potion"},{"floor":29.0,"key":"SpeedPotion"},{"floor":33.0,"key":"Swift Potion"},{"floor":42.0,"key":"PowerPotion"},{"floor":46,"key":"Regen Potion"},{"floor":48,"key":"Strength Potion"}],"is_trial":false,"path_per_floor":["M","M","M","?","$","R","M","R","T","?","$","R","?","M","R","B",null,"M","?","?","M","?","M","R","E","T","E","R","M","R","M","R","B",null,"M","?","$","?","M","E","R","M","T","M","$","M","E","M","R","B",null],"character_chosen":"DEFECT","items_purchased":["Omamori","Sunder+1","Ball Lightning+1","Oddly Smooth Stone","Gremlin Horn"],"campfire_rested":1,"item_purchase_floors":[5,11,11,11,37],"current_hp_per_floor":[64,64,60,60,60,60,60,60,60,60,60,60,53,51,51,48,63,58,58,58,58,58,57,57,57,57,51,51,48,48,38,38,32,63,61,61,61,61,43,51,51,48,48,19,19,19,20,20,56,39],"gold":79,"neow_bonus":"TRANSFORM_TWO_CARDS","is_prod":false,"is_daily":false,"chose_seed":false,"campfire_upgraded":9,"win_rate":0,"timestamp":1556877802,"path_taken":["M","M","M","?","$","R","M","R","T","?","$","R","?","M","R","BOSS","M","?","?","M","?","M","R","E","T","E","R","M","R","M","R","BOSS","M","?","$","?","?","E","R","?","T","M","?","M","E","M","R","BOSS"],"build_version":"2019-04-23","purchased_purges":2,"victory":true,"max_hp_per_floor":[68,68,68,63,63,63,63,63,63,63,63,63,63,63,63,63,63,63,63,63,63,63,63,63,63,63,63,63,63,63,63,63,63,63,63,63,63,63,63,73,73,73,73,73,73,73,73,73,73,73],"card_choices":[{"not_picked":["Reprogram","Steam"],"picked":"Redo","floor":1.0},{"not_picked":["Lockon","Skim"],"picked":"Genetic Algorithm","floor":2.0},{"not_picked":["Stack","Storm"],"picked":"Cold Snap","floor":3.0},{"not_picked":["Hologram","Chill"],"picked":"Ball Lightning","floor":7.0},{"not_picked":["Skim","Double Energy"],"picked":"Sweeping Beam+1","floor":14.0},{"not_picked":["Multi-Cast","Rainbow"],"picked":"Core Surge+1","floor":16.0},{"not_picked":["Ball Lightning+1","Tempest+1"],"picked":"Coolheaded","floor":18.0},{"not_picked":["Beam Cell+1","Leap"],"picked":"Melter+1","floor":21.0},{"not_picked":["Redo","Blizzard+1"],"picked":"Consume+1","floor":23.0},{"not_picked":["Genetic Algorithm","Skim+1"],"picked":"Conserve Battery+1","floor":25.0},{"not_picked":["Rip and Tear+1","Turbo+1"],"picked":"Core Surge+1","floor":27.0},{"not_picked":["Beam Cell+1","Steam","Turbo+1"],"picked":"Defragment","floor":29.0},{"not_picked":["White Noise","Coolheaded","Fusion"],"picked":"Go for the Eyes+1","floor":31.0},{"not_picked":["Rainbow","Reboot","Machine Learning"],"picked":"Thunder Strike+1","floor":33.0},{"not_picked":["Steam Power+1","Redo+1","Double Energy","Go for the Eyes+1"],"picked":"SKIP","floor":35.0},{"not_picked":["Rebound+1","Beam Cell+1","Recycle"],"picked":"Hologram","floor":39.0},{"not_picked":["Conserve Battery","Thunder Strike+1","Meteor Strike+1"],"picked":"Coolheaded+1","floor":40.0},{"not_picked":["Sweeping Beam+1","Sunder+1","Steam+1","Coolheaded+1"],"picked":"SKIP","floor":42.0},{"not_picked":["Ball Lightning+1","Rebound+1","FTL+1"],"picked":"Redo+1","floor":44.0},{"not_picked":["Sweeping Beam+1","Streamline+1","Self Repair+1","Steam Power+1"],"picked":"SKIP","floor":46},{"not_picked":["Streamline+1","Sweeping Beam+1","Steam Power"],"picked":"Electrodynamics","floor":47},{"not_picked":["Barrage+1","Chaos+1","BootSequence"],"picked":"Defragment+1","floor":48}],"player_experience":3426475,"relics_obtained":[{"floor":9.0,"key":"Molten Egg 2"},{"floor":25.0,"key":"Regal Pillow"},{"floor":26.0,"key":"Bronze Scales"},{"floor":27.0,"key":"Question Card"},{"floor":40.0,"key":"Boot"},{"floor":40.0,"key":"Pear"},{"floor":43.0,"key":"Potion Belt"},{"floor":47,"key":"Juzu Bracelet"},{"floor":47,"key":"Anchor"}],"event_choices":[{"damage_healed":0.0,"max_hp_gain":0.0,"max_hp_loss":5.0,"gold_gain":0.0,"event_name":"Golden Idol","player_choice":"Lose Max HP","floor":4.0,"gold_loss":0.0,"damage_taken":0.0,"relics_obtained":["Golden Idol"]},{"damage_healed":0.0,"max_hp_gain":0.0,"max_hp_loss":0.0,"gold_gain":175.0,"event_name":"Liars Game","player_choice":"AGREE","floor":10.0,"gold_loss":0.0,"damage_taken":0.0,"cards_obtained":["Doubt"]},{"cards_removed":["Strike_B"],"damage_healed":0.0,"max_hp_gain":0.0,"max_hp_loss":0.0,"gold_gain":0.0,"event_name":"Golden Wing","player_choice":"Card Removal","floor":13.0,"gold_loss":0.0,"damage_taken":7.0},{"cards_removed":["Strike_B"],"damage_healed":0.0,"max_hp_gain":0.0,"max_hp_loss":0.0,"gold_gain":0.0,"event_name":"Beggar","player_choice":"Gave Gold","floor":19.0,"gold_loss":75.0,"damage_taken":0.0},{"damage_healed":0.0,"max_hp_gain":0.0,"max_hp_loss":0.0,"gold_gain":0.0,"event_name":"The Mausoleum","player_choice":"Opened","floor":20.0,"gold_loss":0.0,"damage_taken":0.0,"relics_obtained":["Vajra"]},{"damage_healed":0.0,"max_hp_gain":0.0,"max_hp_loss":0.0,"gold_gain":0.0,"event_name":"Addict","player_choice":"Obtained Relic","floor":22.0,"gold_loss":85.0,"damage_taken":0.0,"relics_obtained":["Shuriken"]},{"cards_removed":["Coolheaded"],"damage_healed":0.0,"max_hp_gain":0.0,"max_hp_loss":0.0,"gold_gain":0.0,"event_name":"Falling","player_choice":"Removed Skill","floor":36.0,"gold_loss":0.0,"damage_taken":0.0},{"damage_healed":0.0,"max_hp_gain":0.0,"max_hp_loss":0.0,"gold_gain":0.0,"cards_transformed":["Strike_B"],"event_name":"Transmorgrifier","player_choice":"Transformed","floor":38.0,"gold_loss":0.0,"damage_taken":0.0,"cards_obtained":["Darkness"]}],"is_beta":true,"boss_relics":[{"not_picked":["Pandora\u0027s Box","Velvet Choker"],"picked":"Philosopher\u0027s Stone"},{"not_picked":["Nuclear Battery","Calling Bell"],"picked":"Black Star"}],"items_purged_floors":[37,45],"is_endless":false,"potions_floor_spawned":[1,14,21,23,29,33,42,46,48],"ascension_level":0}