{"gold_per_floor":[119,131,30,30,205,205,225,250,299,46,57,57,87,103,103,202,202,219,229,229,245,255,281,281,307,334,346,368,380,405,427,439,547,559,584,596,619,631,364,395,395,414,467,377,406,419,41,41],"floor_reached":48,"playtime":4201,"items_purged":["Normality","Doubt","Pain","Strike_R"],"score":619,"play_id":"acb2b0db-fd2b-432a-b010-b6fa87b7bbff","local_time":"20190904010344","is_ascension_mode":true,"campfire_choices":[{"floor":6,"key":"RECALL"},{"floor":12,"key":"REST"},{"floor":15,"key":"REST"},{"floor":24,"key":"REST"},{"data":"Shockwave","floor":27,"key":"SMITH"},{"data":"Metallicize","floor":29,"key":"SMITH"},{"floor":32,"key":"REST"},{"floor":41,"key":"REST"}],"neow_cost":"CURSE","seed_source_timestamp":489417957000,"circlet_count":0,"master_deck":["Strike_R","Strike_R","Strike_R","Defend_R","Defend_R","Defend_R","Defend_R","Bash","Shockwave+1","Clash","Inflame","Infernal Blade","Headbutt","Rage","Cleave","Anger","Demon Form","Sword Boomerang","Thunderclap+1","Metallicize+1","Searing Blow","Immolate","Sever Soul+1","Cleave+1","Whirlwind+1","Second Wind","Rage","Shrug It Off+1","Iron Wave+1","Dropkick+1","Uppercut","Sentinel+1","Double Tap","Clash+1","Trip","Pommel Strike"],"relics":["Burning Blood","Prayer Wheel","Centennial Puzzle","Regal Pillow","Juzu Bracelet","Cursed Key","Oddly Smooth Stone","Strawberry","MawBank","Fusion Hammer","PreservedInsect","Blood Vial","Dream Catcher","Frozen Egg 2","Brimstone"],"potions_floor_usage":[8,19,22,23,33,33,45,46],"damage_taken":[{"damage":9,"enemies":"2 Louse","floor":1,"turns":2},{"damage":10,"enemies":"Small Slimes","floor":2,"turns":3},{"damage":14,"enemies":"Jaw Worm","floor":7,"turns":4},{"damage":47,"enemies":"Lagavulin","floor":8,"turns":8},{"damage":0,"enemies":"2 Fungi Beasts","floor":11,"turns":2},{"damage":21,"enemies":"3 Sentries","floor":13,"turns":4},{"damage":8,"enemies":"Red Slaver","floor":14,"turns":4},{"damage":40,"enemies":"The Guardian","floor":16,"turns":9},{"damage":10,"enemies":"Spheric Guardian","floor":18,"turns":3},{"damage":10,"enemies":"Shell Parasite","floor":19,"turns":3},{"damage":1,"enemies":"3 Cultists","floor":21,"turns":4},{"damage":20,"enemies":"Centurion and Healer","floor":22,"turns":4},{"damage":41,"enemies":"Gremlin Leader","floor":23,"turns":7},{"damage":21,"enemies":"Slavers","floor":25,"turns":3},{"damage":8,"enemies":"Chosen and Byrds","floor":28,"turns":4},{"damage":14,"enemies":"3 Cultists","floor":30,"turns":4},{"damage":16,"enemies":"Snake Plant","floor":31,"turns":3},{"damage":62,"enemies":"Automaton","floor":33,"turns":11},{"damage":2,"enemies":"3 Darklings","floor":35,"turns":3},{"damage":6,"enemies":"Orb Walker","floor":37,"turns":3},{"damage":9,"enemies":"Reptomancer","floor":40,"turns":4},{"damage":29,"enemies":"3 Darklings","floor":42,"turns":3},{"damage":12,"enemies":"Giant Head","floor":45,"turns":6},{"damage":39,"enemies":"Writhing Mass","floor":46,"turns":5},{"damage":35,"enemies":"Transient","floor":48,"turns":5}],"seed_played":"6129917642663751702","potions_obtained":[{"floor":2,"key":"GamblersBrew"},{"floor":16,"key":"Fire Potion"},{"floor":21,"key":"SteroidPotion"},{"floor":22,"key":"SneckoOil"},{"floor":28,"key":"BloodPotion"},{"floor":31,"key":"SkillPotion"},{"floor":40,"key":"Block Potion"},{"floor":42,"key":"Ancient Potion"}],"is_trial":false,"path_per_floor":["M","M","$","?","?","R","M","E","T","$","M","R","E","M","R","B",null,"M","M","$","M","M","E","R","E","T","R","M","R","M","M","R","B",null,"M","?","M","?","$","E","R","M","T","?","E","M","$","M"],"character_chosen":"IRONCLAD","items_purchased":["Headbutt","Demon Form","PreservedInsect","Brimstone","Pommel Strike"],"campfire_rested":5,"item_purchase_floors":[3,10,39,47,47],"current_hp_per_floor":[77,73,73,61,61,61,53,12,12,12,18,57,42,40,79,45,80,76,72,72,77,63,28,67,59,59,59,57,57,49,39,80,45,87,87,87,87,87,87,84,87,64,64,64,60,29,29,0],"gold":41,"neow_bonus":"ONE_RARE_RELIC","is_prod":false,"is_daily":false,"chose_seed":false,"campfire_upgraded":2,"win_rate":0,"timestamp":1567530224,"path_taken":["M","M","$","?","?","R","M","E","T","$","M","R","E","M","R","BOSS","M","M","$","M","M","E","R","E","T","R","M","R","M","M","R","BOSS","M","?","M","?","$","E","R","M","T","?","E","M","?","M"],"build_version":"2019-07-17","purchased_purges":4,"victory":false,"max_hp_per_floor":[80,80,80,80,80,80,80,80,80,80,80,80,80,80,80,80,80,80,80,80,80,80,80,80,87,87,87,87,87,87,87,87,87,87,87,87,87,87,87,87,87,87,87,87,87,87,87,87],"card_choices":[{"not_picked":["Pummel","Second Wind"],"picked":"Shockwave","floor":1},{"not_picked":["Perfected Strike","Body Slam"],"picked":"Clash","floor":1},{"not_picked":["True Grit","Hemokinesis"],"picked":"Inflame","floor":2},{"not_picked":["Warcry","Perfected Strike"],"picked":"Infernal Blade","floor":2},{"not_picked":["Warcry","Armaments"],"picked":"Rage","floor":7},{"not_picked":["Heavy Blade","Metallicize"],"picked":"Cleave","floor":7},{"not_picked":["Dual Wield","Battle Trance"],"picked":"Anger","floor":8},{"not_picked":["Second Wind","Burning Pact"],"picked":"Sword Boomerang","floor":11},{"not_picked":["Sword Boomerang","Flame Barrier"],"picked":"Thunderclap","floor":11},{"not_picked":["Body Slam","Bludgeon"],"picked":"Metallicize","floor":13},{"not_picked":["Reckless Charge","Warcry"],"picked":"Searing Blow","floor":14},{"not_picked":["Infernal Blade","True Grit","Combust"],"picked":"SKIP","floor":14},{"not_picked":["Dark Embrace","Demon Form"],"picked":"Immolate","floor":16},{"not_picked":["Power Through","Perfected Strike+1"],"picked":"Sever Soul+1","floor":18},{"not_picked":["Shockwave","Pommel Strike","Thunderclap"],"picked":"SKIP","floor":18},{"not_picked":["Intimidate","Warcry"],"picked":"Cleave+1","floor":19},{"not_picked":["Flame Barrier","Rupture","Twin Strike"],"picked":"SKIP","floor":19},{"not_picked":["Fire Breathing","Wild Strike"],"picked":"Whirlwind+1","floor":21},{"not_picked":["Anger+1","Flex"],"picked":"Second Wind","floor":21},{"not_picked":["Sword Boomerang","Heavy Blade"],"picked":"Rage","floor":22},{"not_picked":["True Grit","Havoc+1","Disarm+1"],"picked":"SKIP","floor":22},{"not_picked":["Anger+1","Pommel Strike","Combust"],"picked":"SKIP","floor":23},{"not_picked":["Brutality","Cleave"],"picked":"Shrug It Off+1","floor":25},{"not_picked":["Cleave+1","Rupture"],"picked":"Iron Wave+1","floor":28},{"not_picked":["Rampage","Flame Barrier"],"picked":"Dropkick+1","floor":28},{"not_picked":["Clothesline","Warcry"],"picked":"Uppercut","floor":30},{"not_picked":["Bloodletting","Second Wind+1","Twin Strike+1"],"picked":"SKIP","floor":30},{"not_picked":["Inflame+1","Sword Boomerang"],"picked":"Sentinel+1","floor":31},{"not_picked":["Dual Wield","Rupture","Armaments+1"],"picked":"SKIP","floor":31},{"not_picked":["Barricade","Bludgeon"],"picked":"Double Tap","floor":33},{"not_picked":["Sword Boomerang","Perfected Strike+1"],"picked":"Clash+1","floor":35},{"not_picked":["Twin Strike+1","Fire Breathing+1","Wild Strike"],"picked":"SKIP","floor":35},{"not_picked":["Deep Breath","Panache"],"picked":"Trip","floor":36},{"not_picked":["True Grit","Flame Barrier+1","Hemokinesis"],"picked":"SKIP","floor":37},{"not_picked":["Anger","Bloodletting","Rupture"],"picked":"SKIP","floor":37},{"not_picked":["Havoc","Sword Boomerang","Whirlwind"],"picked":"SKIP","floor":40},{"not_picked":["Iron Wave+1","Headbutt","Twin Strike+1"],"picked":"SKIP","floor":42},{"not_picked":["Warcry+1","Wild Strike","Clash+1"],"picked":"SKIP","floor":42},{"not_picked":["Dual Wield+1","Clothesline","Twin Strike+1"],"picked":"SKIP","floor":45},{"not_picked":["Reckless Charge+1","Heavy Blade","Sever Soul+1"],"picked":"SKIP","floor":46},{"not_picked":["Headbutt","Demon Form+1","Seeing Red+1"],"picked":"SKIP","floor":46}],"player_experience":43964,"relics_obtained":[{"floor":8,"key":"Regal Pillow"},{"floor":13,"key":"Juzu Bracelet"},{"floor":23,"key":"Oddly Smooth Stone"},{"floor":25,"key":"Strawberry"},{"floor":26,"key":"MawBank"},{"floor":40,"key":"Blood Vial"},{"floor":43,"key":"Dream Catcher"},{"floor":45,"key":"Frozen Egg 2"}],"event_choices":[{"damage_healed":0,"gold_gain":0,"player_choice":"Success","damage_taken":12,"relics_obtained":["Centennial Puzzle"],"max_hp_gain":0,"max_hp_loss":0,"event_name":"Scrap Ooze","floor":4,"gold_loss":0},{"damage_healed":0,"gold_gain":175,"player_choice":"AGREE","damage_taken":0,"max_hp_gain":0,"max_hp_loss":0,"event_name":"Liars Game","floor":5,"gold_loss":0,"cards_obtained":["Doubt"]},{"damage_healed":0,"gold_gain":0,"player_choice":"Memory 1","damage_taken":0,"max_hp_gain":0,"max_hp_loss":0,"event_name":"SensoryStone","floor":36,"gold_loss":0},{"cards_removed":["Strike_R"],"damage_healed":0,"gold_gain":0,"player_choice":"Offered Basic","damage_taken":0,"max_hp_gain":0,"max_hp_loss":0,"event_name":"Bonfire Elementals","floor":38,"gold_loss":0},{"cards_removed":["Writhe"],"damage_healed":0,"gold_gain":0,"player_choice":"Upgrade and Remove","damage_taken":0,"max_hp_gain":0,"max_hp_loss":0,"event_name":"Designer","floor":44,"gold_loss":90,"cards_upgraded":["Thunderclap"]}],"is_beta":false,"boss_relics":[{"not_picked":["Mark of Pain","Tiny House"],"picked":"Cursed Key"},{"not_picked":["Black Star","Lizard Tail"],"picked":"Fusion Hammer"}],"items_purged_floors":[3,10,39,47],"is_endless":false,"potions_floor_spawned":[2,16,21,22,28,31,40,42],"killed_by":"Transient","ascension_level":1}