{"gold_per_floor":[109,120,120,120,120,120,153,153,153,187,187,205,217,244,244,320,320,333,333],"floor_reached":19,"playtime":934,"items_purged":[],"score":420,"play_id":"7e935ad9-3b78-4e14-b508-21f1691750e2","local_time":"20190205011313","is_ascension_mode":true,"campfire_choices":[{"data":"Wild Strike","floor":6,"key":"SMITH"},{"data":"Defend_R","floor":8,"key":"SMITH"},{"data":"True Grit","floor":15,"key":"SMITH"}],"neow_cost":"NONE","seed_source_timestamp":2515754584619848,"circlet_count":0,"master_deck":["AscendersBane","Strike_R","Strike_R","Strike_R","Strike_R","Defend_R+1","Defend_R","Defend_R","Defend_R","Bash+1","Wild Strike+1","Headbutt","Impervious","Limit Break","Burning Pact","Metallicize","True Grit+1","Reaper","Seeing Red"],"relics":["Burning Blood","NeowsBlessing","Matryoshka","Juzu Bracelet","Question Card","Dead Branch","Omamori","Cursed Key"],"potions_floor_usage":[10,14,18],"damage_taken":[{"damage":0,"enemies":"Small Slimes","floor":1,"turns":1},{"damage":0,"enemies":"2 Louse","floor":2,"turns":1},{"damage":0,"enemies":"Lagavulin","floor":7,"turns":1},{"damage":8,"enemies":"Gremlin Nob","floor":10,"turns":3},{"damage":0,"enemies":"Jaw Worm","floor":12,"turns":3},{"damage":2,"enemies":"3 Louse","floor":13,"turns":4},{"damage":13,"enemies":"3 Sentries","floor":14,"turns":8},{"damage":46,"enemies":"The Guardian","floor":16,"turns":18},{"damage":36,"enemies":"3 Byrds","floor":18,"turns":6},{"damage":40,"enemies":"Spheric Guardian","floor":19,"turns":7}],"seed_played":"1277312033822235708","potions_obtained":[{"floor":2,"key":"SteroidPotion"},{"floor":10,"key":"Swift Potion"},{"floor":16,"key":"LiquidBronze"}],"is_trial":false,"path_per_floor":["M","M","?","?","?","R","E","R","T","E","?","M","M","E","R","B",null,"M","M"],"character_chosen":"IRONCLAD","items_purchased":[],"campfire_rested":0,"item_purchase_floors":[],"current_hp_per_floor":[74,75,75,64,64,64,70,70,70,68,61,67,71,64,64,24,62,38,0],"gold":333,"neow_bonus":"THREE_ENEMY_KILL","is_prod":false,"is_daily":false,"chose_seed":false,"campfire_upgraded":3,"win_rate":0,"timestamp":1549357993,"path_taken":["M","M","?","?","?","R","E","R","T","E","?","M","M","E","R","BOSS","M","M"],"build_version":"2019-01-23","purchased_purges":0,"victory":false,"max_hp_per_floor":[75,75,75,75,75,75,75,75,75,75,75,75,75,75,75,75,75,75,75],"card_choices":[{"not_picked":["Thunderclap","Seeing Red"],"picked":"Wild Strike","floor":1},{"not_picked":["Wild Strike","Thunderclap"],"picked":"Headbutt","floor":2},{"not_picked":["Perfected Strike","Iron Wave"],"picked":"Impervious","floor":7},{"not_picked":["Sword Boomerang","Pummel","Bloodletting"],"picked":"Limit Break","floor":10},{"not_picked":["Anger","Headbutt","Pommel Strike"],"picked":"Burning Pact","floor":12},{"not_picked":["Seeing Red","Rampage","Rupture"],"picked":"Metallicize","floor":13},{"not_picked":["Fire Breathing","Flex","Anger"],"picked":"True Grit","floor":14},{"not_picked":["Juggernaut","Double Tap","Bludgeon"],"picked":"Reaper","floor":16},{"not_picked":["Iron Wave","Blood for Blood+1","Twin Strike"],"picked":"Seeing Red","floor":18}],"player_experience":1217282,"relics_obtained":[{"floor":7,"key":"Juzu Bracelet"},{"floor":9,"key":"Question Card"},{"floor":10,"key":"Dead Branch"},{"floor":14,"key":"Omamori"}],"event_choices":[{"damage_healed":0,"gold_gain":0,"player_choice":"Grow","damage_taken":0,"max_hp_gain":0,"max_hp_loss":0,"event_name":"Living Wall","floor":3,"gold_loss":0,"cards_upgraded":["Bash"]},{"damage_healed":0,"gold_gain":0,"player_choice":"Success","damage_taken":11,"relics_obtained":["Matryoshka"],"max_hp_gain":0,"max_hp_loss":0,"event_name":"Scrap Ooze","floor":4,"gold_loss":0},{"damage_healed":0,"gold_gain":0,"player_choice":"Ignored","damage_taken":0,"max_hp_gain":0,"max_hp_loss":0,"event_name":"Liars Game","floor":5,"gold_loss":0},{"cards_removed":["Strike_R"],"damage_healed":0,"gold_gain":0,"player_choice":"Card Removal","damage_taken":7,"max_hp_gain":0,"max_hp_loss":0,"event_name":"Golden Wing","floor":11,"gold_loss":0}],"is_beta":true,"boss_relics":[{"not_picked":["Philosopher\u0027s Stone","Mark of Pain"],"picked":"Cursed Key"}],"items_purged_floors":[],"is_endless":false,"potions_floor_spawned":[2,10,16],"killed_by":"Spheric Guardian","ascension_level":20}