{"gold_per_floor":[112,125,13,13,25,25,57,107,107,107,125,125,137,152,152,228,228,200,200,218,218,143,143,170,38,38,38,38],"floor_reached":28,"playtime":1533,"items_purged":[],"score":472,"play_id":"c7ba342f-5bca-4f44-a8c3-8d6163083ed7","local_time":"20190424003323","is_ascension_mode":true,"campfire_choices":[{"data":"Clothesline","floor":6,"key":"SMITH"},{"data":"True Grit","floor":10,"key":"SMITH"},{"data":"Inflame","floor":12,"key":"SMITH"},{"data":"Combust","floor":15,"key":"SMITH"},{"floor":23,"key":"REST"},{"floor":27,"key":"REST"}],"neow_cost":"NONE","seed_source_timestamp":286683149799472,"circlet_count":0,"master_deck":["AscendersBane","Strike_R","Defend_R","Defend_R","Defend_R","Bash+1","Clothesline+1","True Grit+1","Shrug It Off","Shrug It Off","Combust+1","Inflame+1","Impervious","Pommel Strike","Impervious","Havoc","RitualDagger","Fiend Fire","Wild Strike","Immolate","Corruption"],"relics":["Burning Blood","Shuriken","Ancient Tea Set","Empty Cage","Ginger","Frozen Egg 2"],"potions_floor_usage":[7,11,24,24,28],"damage_taken":[{"damage":4,"enemies":"2 Louse","floor":1,"turns":4},{"damage":13,"enemies":"Cultist","floor":2,"turns":5},{"damage":9,"enemies":"Small Slimes","floor":5,"turns":5},{"damage":4,"enemies":"Gremlin Nob","floor":7,"turns":3},{"damage":9,"enemies":"3 Louse","floor":11,"turns":4},{"damage":1,"enemies":"Blue Slaver","floor":13,"turns":4},{"damage":4,"enemies":"Red Slaver","floor":14,"turns":5},{"damage":26,"enemies":"The Guardian","floor":16,"turns":15},{"damage":10,"enemies":"2 Thieves","floor":18,"turns":4},{"damage":25,"enemies":"Spheric Guardian","floor":20,"turns":6},{"damage":64,"enemies":"Gremlin Leader","floor":24,"turns":9},{"damage":36,"enemies":"Book of Stabbing","floor":28,"turns":6}],"seed_played":"8680863024014067880","potions_obtained":[{"floor":7,"key":"Energy Potion"},{"floor":13,"key":"Fire Potion"},{"floor":20,"key":"Block Potion"}],"is_trial":false,"path_per_floor":["M","M","$","?","M","R","E","?","T","R","M","R","M","M","R","B",null,"M","?","M","?","?","R","E","$","T","R","E"],"character_chosen":"IRONCLAD","items_purchased":["Shrug It Off","Fire Potion","Corruption","PowerPotion"],"campfire_rested":2,"item_purchase_floors":[3,3,25,25],"current_hp_per_floor":[77,70,70,70,67,67,69,69,69,69,66,66,71,73,73,53,75,71,65,46,46,46,70,12,12,12,36,0],"gold":38,"neow_bonus":"TEN_PERCENT_HP_BONUS","is_prod":false,"is_daily":false,"chose_seed":false,"campfire_upgraded":4,"win_rate":0,"timestamp":1556058803,"path_taken":["M","M","$","?","M","R","E","?","T","R","M","R","M","?","R","BOSS","M","?","M","?","?","R","E","$","T","R","E"],"build_version":"2019-04-21","purchased_purges":0,"victory":false,"max_hp_per_floor":[82,82,82,82,82,82,82,82,82,82,82,82,82,82,82,82,82,82,82,82,82,82,82,82,82,82,82,82],"card_choices":[{"not_picked":["Heavy Blade","Shockwave"],"picked":"Clothesline","floor":1},{"not_picked":["Searing Blow","Carnage"],"picked":"True Grit","floor":2},{"not_picked":["Sever Soul","Clothesline"],"picked":"Shrug It Off","floor":5},{"not_picked":["Warcry","Burning Pact"],"picked":"Combust","floor":7},{"not_picked":["Ghostly Armor","Pommel Strike"],"picked":"Inflame","floor":11},{"not_picked":["Warcry","Wild Strike"],"picked":"Impervious","floor":13},{"not_picked":["Fire Breathing","Flex"],"picked":"Pommel Strike","floor":14},{"not_picked":["Bludgeon","Fiend Fire"],"picked":"Impervious","floor":16},{"not_picked":["Armaments","Dual Wield+1"],"picked":"Havoc","floor":18},{"not_picked":["Evolve","Twin Strike","Blood for Blood"],"picked":"SKIP","floor":20},{"not_picked":["Whirlwind","Armaments"],"picked":"Immolate","floor":24}],"player_experience":488969,"relics_obtained":[{"floor":7,"key":"Shuriken"},{"floor":9,"key":"Ancient Tea Set"},{"floor":24,"key":"Ginger"},{"floor":26,"key":"Frozen Egg 2"}],"event_choices":[{"damage_healed":0,"gold_gain":0,"player_choice":"Grow","damage_taken":0,"max_hp_gain":0,"max_hp_loss":0,"event_name":"Living Wall","floor":4,"gold_loss":0,"cards_upgraded":["Bash"]},{"damage_healed":0,"gold_gain":50,"player_choice":"Pray","damage_taken":0,"max_hp_gain":0,"max_hp_loss":0,"event_name":"Golden Shrine","floor":8,"gold_loss":0},{"damage_healed":0,"gold_gain":0,"player_choice":"Joined the Cult","damage_taken":6,"max_hp_gain":0,"max_hp_loss":0,"event_name":"Nest","floor":19,"gold_loss":0,"cards_obtained":["RitualDagger"]},{"damage_healed":0,"gold_gain":0,"cards_transformed":["Strike_R","Defend_R"],"player_choice":"Became Test Subject","damage_taken":0,"max_hp_gain":0,"max_hp_loss":0,"event_name":"Drug Dealer","floor":21,"gold_loss":0,"cards_obtained":["Fiend Fire","Wild Strike"]},{"cards_removed":["Strike_R"],"damage_healed":0,"gold_gain":0,"player_choice":"Gave Gold","damage_taken":0,"max_hp_gain":0,"max_hp_loss":0,"event_name":"Beggar","floor":22,"gold_loss":75}],"is_beta":true,"boss_relics":[{"not_picked":["White Beast Statue","Black Blood"],"picked":"Empty Cage"}],"items_purged_floors":[],"is_endless":false,"potions_floor_spawned":[7,13,20],"killed_by":"Book of Stabbing","ascension_level":20}