{"gold_per_floor":[114,130,142,142,157,157,170,203,252,279,279],"floor_reached":11,"playtime":477,"items_purged":[],"score":149,"play_id":"6378bb5d-1747-478c-9064-197b7ceccbc5","local_time":"20180722195615","is_ascension_mode":true,"campfire_choices":[{"data":"Neutralize","floor":6,"key":"SMITH"}],"neow_cost":"NONE","seed_source_timestamp":1204517317179262,"circlet_count":0,"master_deck":["Defend_G","Defend_G","Defend_G","Defend_G","Defend_G","Strike_G","Strike_G","Strike_G","Strike_G","Strike_G","Survivor","Neutralize+1","AscendersBane","Flying Knee","Sucker Punch","Predator","Predator","Backstab","All Out Attack","Poisoned Stab+1"],"relics":["White Beast Statue","Girya","Ancient Tea Set","Molten Egg 2"],"potions_floor_usage":[7,8,10],"damage_taken":[{"damage":9,"enemies":"Small Slimes","floor":1,"turns":5},{"damage":0,"enemies":"2 Louse","floor":2,"turns":3},{"damage":3,"enemies":"Jaw Worm","floor":3,"turns":4},{"damage":4,"enemies":"Large Slime","floor":5,"turns":6},{"damage":13,"enemies":"Gremlin Gang","floor":7,"turns":7},{"damage":6,"enemies":"Gremlin Nob","floor":8,"turns":3},{"damage":12,"enemies":"Lagavulin","floor":10,"turns":5},{"damage":12,"enemies":"Exordium Wildlife","floor":11,"turns":1}],"seed_played":"3541181193139985516","potions_obtained":[{"floor":1,"key":"LiquidBronze"},{"floor":2,"key":"Energy Potion"},{"floor":3,"key":"FearPotion"},{"floor":7,"key":"Poison Potion"},{"floor":8,"key":"Ancient Potion"},{"floor":10,"key":"Ancient Potion"}],"is_trial":false,"path_per_floor":["M","M","M","?","M","R","M","E","T","E"],"character_chosen":"THE_SILENT","items_purchased":[],"campfire_rested":0,"item_purchase_floors":[],"current_hp_per_floor":[50,50,47,47,43,43,30,24,24,12,0],"gold":279,"neow_bonus":"BOSS_RELIC","is_prod":false,"is_daily":false,"chose_seed":false,"campfire_upgraded":1,"win_rate":0,"timestamp":1532314575,"path_taken":["M","M","M","?","M","R","M","E","T","E","M"],"build_version":"2018-07-19","purchased_purges":0,"victory":false,"max_hp_per_floor":[66,66,66,66,66,66,66,66,66,66,66],"card_choices":[{"not_picked":["Dagger Throw","Quick Slash"],"picked":"Flying Knee","floor":1},{"not_picked":["Tactician","Leg Sweep"],"picked":"Sucker Punch","floor":2},{"not_picked":["Setup","Blade Dance"],"picked":"Predator","floor":3},{"not_picked":["PiercingWail","Outmaneuver"],"picked":"Predator","floor":5},{"not_picked":["Flying Knee","Cloak And Dagger"],"picked":"Backstab","floor":7},{"not_picked":["Outmaneuver","Flying Knee"],"picked":"All Out Attack","floor":8},{"not_picked":["Backflip","Catalyst"],"picked":"Poisoned Stab","floor":10}],"player_experience":863064,"relics_obtained":[{"floor":8,"key":"Girya"},{"floor":9,"key":"Ancient Tea Set"},{"floor":10,"key":"Molten Egg 2"}],"event_choices":[{"event_name":"Liars Game","player_choice":"disagreed","floor":4,"damage_taken":0}],"is_beta":true,"boss_relics":[],"items_purged_floors":[],"is_endless":false,"potions_floor_spawned":[1,2,3,5,7,8,10],"killed_by":"Exordium Wildlife","ascension_level":15}