{"gold_per_floor":[119,138,138,158,54,79,79,79,79,92,126,139,139,5,5,78,78,98,76,76,93,107,107,142,155,202,202,202,221,247,264,264,264],"floor_reached":33,"playtime":2121,"items_purged":["Pain"],"score":584,"play_id":"a00a01a3-1e9e-4244-83e0-b169dfef2d1b","local_time":"20190916220822","is_ascension_mode":true,"campfire_choices":[{"data":"True Grit","floor":8,"key":"SMITH"},{"data":"Flame Barrier","floor":13,"key":"SMITH"},{"data":"Fire Breathing","floor":15,"key":"SMITH"},{"data":"Pommel Strike","floor":23,"key":"SMITH"},{"data":"Intimidate","floor":28,"key":"SMITH"},{"data":"Rampage","floor":32,"key":"SMITH"}],"neow_cost":"NONE","seed_source_timestamp":23028302702100,"circlet_count":0,"master_deck":["AscendersBane","Strike_R","Strike_R","Strike_R","Defend_R","Defend_R","Defend_R","Defend_R","Bash","Rampage+1","Flame Barrier+1","Headbutt","True Grit+1","Limit Break","Ghostly Armor","Pommel Strike+1","Fire Breathing+1","Shrug It Off","Feed","Evolve","Intimidate+1","Shrug It Off"],"relics":["Burning Blood","NeowsBlessing","WarpedTongs","Singing Bowl","Darkstone Periapt","Eternal Feather","Coffee Dripper","Charon\u0027s Ashes","CeramicFish"],"potions_floor_usage":[10,11,16,24,24,31,33],"damage_taken":[{"damage":0,"enemies":"2 Louse","floor":1,"turns":1},{"damage":0,"enemies":"Cultist","floor":2,"turns":1},{"damage":0,"enemies":"Small Slimes","floor":4,"turns":1},{"damage":25,"enemies":"Lagavulin","floor":6,"turns":7},{"damage":4,"enemies":"2 Fungi Beasts","floor":10,"turns":3},{"damage":32,"enemies":"Gremlin Nob","floor":11,"turns":4},{"damage":21,"enemies":"Gremlin Gang","floor":12,"turns":5},{"damage":24,"enemies":"Hexaghost","floor":16,"turns":10},{"damage":15,"enemies":"Shell Parasite","floor":18,"turns":8},{"damage":25,"enemies":"2 Thieves","floor":19,"turns":4},{"damage":32,"enemies":"Snecko","floor":21,"turns":8},{"damage":16,"enemies":"Sentry and Sphere","floor":22,"turns":6},{"damage":15,"enemies":"Slavers","floor":24,"turns":4},{"damage":30,"enemies":"3 Cultists","floor":25,"turns":6},{"damage":28,"enemies":"Centurion and Healer","floor":29,"turns":8},{"damage":24,"enemies":"Cultist and Chosen","floor":30,"turns":6},{"damage":21,"enemies":"3 Cultists","floor":31,"turns":5},{"damage":28,"enemies":"Champ","floor":33,"turns":10}],"seed_played":"-801396568934566596","potions_obtained":[{"floor":4,"key":"Swift Potion"},{"floor":10,"key":"Swift Potion"},{"floor":12,"key":"SteroidPotion"},{"floor":16,"key":"DuplicationPotion"},{"floor":19,"key":"SteroidPotion"},{"floor":25,"key":"EssenceOfSteel"},{"floor":31,"key":"AttackPotion"}],"is_trial":false,"path_per_floor":["M","M","?","M","$","E","?","R","T","M","E","M","R","$","R","B",null,"M","M","?","M","M","R","E","M","T","?","R","M","M","M","R","B"],"character_chosen":"IRONCLAD","items_purchased":["True Grit","Fire Breathing","Shrug It Off"],"campfire_rested":0,"item_purchase_floors":[5,14,14],"current_hp_per_floor":[74,75,75,75,75,56,49,49,49,51,27,12,21,21,30,12,61,52,38,82,59,55,67,62,44,44,44,56,39,21,11,23,0],"gold":264,"neow_bonus":"THREE_ENEMY_KILL","is_prod":false,"is_daily":false,"chose_seed":false,"campfire_upgraded":6,"win_rate":0,"timestamp":1568696902,"path_taken":["M","M","?","?","?","E","?","R","T","M","E","M","R","$","R","BOSS","M","M","?","M","?","R","E","M","T","?","R","M","M","M","R","BOSS"],"build_version":"2019-09-16","purchased_purges":1,"victory":false,"max_hp_per_floor":[75,75,75,75,75,75,75,75,75,75,77,77,77,77,77,77,77,77,82,82,85,91,91,95,101,101,101,101,106,106,111,111,111],"card_choices":[{"not_picked":["Perfected Strike","Havoc"],"picked":"Rampage","floor":1},{"not_picked":["Body Slam","Armaments"],"picked":"Flame Barrier","floor":2},{"not_picked":["Seeing Red","Shrug It Off"],"picked":"Headbutt","floor":4},{"not_picked":["Carnage","Armaments"],"picked":"Limit Break","floor":6},{"not_picked":["Power Through","Iron Wave"],"picked":"Ghostly Armor","floor":10},{"not_picked":["Thunderclap","Second Wind","True Grit"],"picked":"Singing Bowl","floor":11},{"not_picked":["Searing Blow","Heavy Blade"],"picked":"Pommel Strike","floor":12},{"not_picked":["Brutality","Reaper"],"picked":"Feed","floor":16},{"not_picked":["Flame Barrier","Corruption"],"picked":"Power Through","floor":18},{"not_picked":["Shrug It Off","Thunderclap","Combust+1"],"picked":"Singing Bowl","floor":19},{"not_picked":["Wild Strike","Sword Boomerang"],"picked":"Evolve","floor":21},{"not_picked":["Anger","Ghostly Armor","Flex"],"picked":"Singing Bowl","floor":22},{"not_picked":["Ghostly Armor","Evolve"],"picked":"Intimidate","floor":24},{"not_picked":["Anger","Dropkick+1","Sword Boomerang+1"],"picked":"Singing Bowl","floor":25},{"not_picked":["Clothesline","Bloodletting","Combust"],"picked":"Singing Bowl","floor":29},{"not_picked":["Uppercut","Thunderclap"],"picked":"Shrug It Off","floor":30},{"not_picked":["Perfected Strike","Burning Pact","True Grit"],"picked":"Singing Bowl","floor":31}],"player_experience":1432703,"relics_obtained":[{"floor":6,"key":"Singing Bowl"},{"floor":9,"key":"Darkstone Periapt"},{"floor":11,"key":"Eternal Feather"},{"floor":24,"key":"Charon\u0027s Ashes"},{"floor":26,"key":"CeramicFish"}],"event_choices":[{"damage_healed":0,"gold_gain":0,"player_choice":"Rummage","damage_taken":0,"relics_obtained":["WarpedTongs"],"max_hp_gain":0,"max_hp_loss":0,"event_name":"Accursed Blacksmith","floor":3,"gold_loss":0,"cards_obtained":["Pain"]},{"cards_removed":["Strike_R"],"damage_healed":0,"gold_gain":0,"player_choice":"Card Removal","damage_taken":7,"max_hp_gain":0,"max_hp_loss":0,"event_name":"Golden Wing","floor":7,"gold_loss":0},{"cards_removed":["Power Through"],"damage_healed":44,"gold_gain":0,"player_choice":"Offered Uncommon","damage_taken":0,"max_hp_gain":0,"max_hp_loss":0,"event_name":"Bonfire Elementals","floor":20,"gold_loss":0},{"cards_removed":["Strike_R"],"damage_healed":0,"gold_gain":0,"player_choice":"Purged","damage_taken":0,"max_hp_gain":0,"max_hp_loss":0,"event_name":"Purifier","floor":27,"gold_loss":0}],"is_beta":true,"boss_relics":[{"not_picked":["Sozu","Velvet Choker"],"picked":"Coffee Dripper"}],"items_purged_floors":[5],"is_endless":false,"potions_floor_spawned":[4,6,10,12,16,19,21,22,25,31],"killed_by":"Champ","ascension_level":18}