{"gold_per_floor":[118,118,129,279,279,307,325,325,325,325,325,335,345,372,372,372],"floor_reached":16,"playtime":899,"items_purged":[],"score":270,"play_id":"dcc876ad-6566-49ee-8717-7360de05efe3","local_time":"20190424121825","is_ascension_mode":true,"campfire_choices":[{"data":"Neutralize","floor":8.0,"key":"SMITH"},{"floor":11.0,"key":"REST"},{"floor":15,"key":"REST"}],"neow_cost":"NONE","seed_source_timestamp":0,"circlet_count":0,"master_deck":["AscendersBane","Defend_G","Defend_G","Defend_G+1","Defend_G","Defend_G","Strike_G+1","Strike_G","Strike_G+1","Strike_G","Survivor","Neutralize+1","Backstab+1","PiercingWail","Doubt","Deadly Poison","Quick Slash","Leg Sweep","After Image"],"special_seed":0,"relics":["Ring of the Snake","NeowsBlessing","Centennial Puzzle","Lantern","Sundial","Whetstone"],"potions_floor_usage":[14,16],"damage_taken":[{"damage":0.0,"enemies":"2 Louse","floor":1.0,"turns":1.0},{"damage":0.0,"enemies":"Small Slimes","floor":3.0,"turns":1.0},{"damage":0.0,"enemies":"3 Sentries","floor":6.0,"turns":2.0},{"damage":0.0,"enemies":"Jaw Worm","floor":7.0,"turns":4.0},{"damage":1.0,"enemies":"Large Slime","floor":12.0,"turns":6.0},{"damage":0,"enemies":"3 Louse","floor":13,"turns":5},{"damage":28,"enemies":"Lagavulin","floor":14,"turns":8},{"damage":25,"enemies":"Slime Boss","floor":16,"turns":7}],"seed_played":"-7006049752843208080","potions_obtained":[{"floor":1.0,"key":"LiquidBronze"},{"floor":3.0,"key":"SkillPotion"}],"is_trial":false,"path_per_floor":["M","?","M","?","?","E","M","R","T","?","R","M","M","E","R","B"],"character_chosen":"THE_SILENT","items_purchased":[],"campfire_rested":2,"item_purchase_floors":[],"current_hp_per_floor":[59,39,39,39,21,21,21,21,21,14,33,32,32,4,23,0],"gold":372,"neow_bonus":"THREE_ENEMY_KILL","is_prod":false,"is_daily":false,"chose_seed":false,"campfire_upgraded":1,"win_rate":0,"timestamp":1556122705,"path_taken":["M","?","M","?","?","E","M","R","T","?","R","?","M","E","R","BOSS"],"build_version":"2019-01-23","purchased_purges":0,"victory":false,"max_hp_per_floor":[66,66,66,66,66,66,66,66,66,66,66,66,66,66,66,66],"card_choices":[{"not_picked":["Distraction","Dodge and Roll"],"picked":"Backstab","floor":1.0},{"not_picked":["Poisoned Stab","Acrobatics"],"picked":"PiercingWail","floor":3.0},{"not_picked":["Caltrops","Slice"],"picked":"Deadly Poison","floor":6.0},{"not_picked":["Tactician","Blade Dance"],"picked":"Quick Slash","floor":7.0},{"not_picked":["Deadly Poison","Poisoned Stab"],"picked":"Leg Sweep","floor":12.0},{"not_picked":["Quick Slash","Outmaneuver","Bane"],"picked":"SKIP","floor":13},{"not_picked":["Catalyst","Eviscerate"],"picked":"After Image","floor":14}],"player_experience":526227,"relics_obtained":[{"floor":6.0,"key":"Lantern"},{"floor":9.0,"key":"Sundial"},{"floor":14,"key":"Whetstone"}],"event_choices":[{"damage_healed":0.0,"max_hp_gain":0.0,"max_hp_loss":0.0,"gold_gain":0.0,"event_name":"Shining Light","player_choice":"Entered Light","floor":2.0,"gold_loss":0.0,"damage_taken":20.0,"cards_upgraded":["Strike_G","Defend_G"]},{"damage_healed":0.0,"max_hp_gain":0.0,"max_hp_loss":0.0,"gold_gain":150.0,"event_name":"Liars Game","player_choice":"AGREE","floor":4.0,"gold_loss":0.0,"damage_taken":0.0,"cards_obtained":["Doubt"]},{"damage_healed":0.0,"max_hp_gain":0.0,"max_hp_loss":0.0,"gold_gain":0.0,"event_name":"Scrap Ooze","player_choice":"Success","floor":5.0,"gold_loss":0.0,"damage_taken":18.0,"relics_obtained":["Centennial Puzzle"]},{"cards_removed":["Strike_G"],"damage_healed":0.0,"max_hp_gain":0.0,"max_hp_loss":0.0,"gold_gain":0.0,"event_name":"Golden Wing","player_choice":"Card Removal","floor":10.0,"gold_loss":0.0,"damage_taken":7.0}],"is_beta":false,"boss_relics":[],"items_purged_floors":[],"is_endless":false,"potions_floor_spawned":[1,3],"killed_by":"Slime Boss","ascension_level":20}