{"gold_per_floor":[113,127,145,16,16,45,45,71,96,15,30,30,46,76,76,151,151,161,211,228,2,2,2,32,32,55,55,55,55,55],"floor_reached":30,"playtime":1888,"items_purged":[],"score":528,"play_id":"033beb4c-95ea-4ac3-8c9e-1459d8afba7c","local_time":"20190115230333","is_ascension_mode":true,"campfire_choices":[{"data":"Neutralize","floor":7,"key":"SMITH"},{"floor":12,"key":"REST"},{"data":"Night Terror","floor":15,"key":"SMITH"},{"data":"Crippling Poison","floor":23,"key":"SMITH"},{"floor":25,"key":"REST"}],"neow_cost":"NONE","seed_source_timestamp":779020168858431,"circlet_count":0,"master_deck":["AscendersBane","Defend_G+1","Defend_G+1","Defend_G+1","Defend_G+1","Defend_G+1","Strike_G+1","Strike_G+1","Strike_G+1","Strike_G+1","Strike_G+1","Survivor","Neutralize+1","Burst","Quick Slash","Dagger Spray","Dash","Footwork","Crippling Poison+1","Sucker Punch","Well Laid Plans","Footwork","Backflip","Night Terror+1","Malaise","Deflect","Dodge and Roll","Outmaneuver","J.A.X."],"relics":["Ring of the Snake","Bag of Preparation","Smiling Mask","Snake Skull","Orichalcum","Runic Pyramid","Chemical X","Nunchaku","Blood Vial"],"potions_floor_usage":[6,14,16,24,24,24,24],"damage_taken":[{"damage":0,"enemies":"Small Slimes","floor":1,"turns":5},{"damage":3,"enemies":"Jaw Worm","floor":2,"turns":4},{"damage":2,"enemies":"2 Louse","floor":3,"turns":2},{"damage":15,"enemies":"Lagavulin","floor":6,"turns":10},{"damage":24,"enemies":"Gremlin Nob","floor":8,"turns":6},{"damage":0,"enemies":"Looter","floor":11,"turns":4},{"damage":2,"enemies":"Large Slime","floor":13,"turns":8},{"damage":8,"enemies":"3 Sentries","floor":14,"turns":8},{"damage":17,"enemies":"The Guardian","floor":16,"turns":19},{"damage":3,"enemies":"Shell Parasite","floor":18,"turns":10},{"damage":4,"enemies":"Spheric Guardian","floor":20,"turns":18},{"damage":45,"enemies":"Gremlin Leader","floor":24,"turns":10},{"damage":19,"enemies":"Colosseum Slavers","floor":29,"turns":5},{"damage":24,"enemies":"Slavers","floor":30,"turns":3}],"seed_played":"8484607632786343760","potions_obtained":[{"floor":3,"key":"PowerPotion"},{"floor":6,"key":"SkillPotion"},{"floor":13,"key":"GhostInAJar"},{"floor":14,"key":"Strength Potion"},{"floor":20,"key":"EntropicBrew"}],"is_trial":false,"path_per_floor":["M","M","M","$","?","E","R","E","T","$","M","R","M","E","R","B",null,"M","?","M","$","?","R","E","R","T","?","?","?","E"],"character_chosen":"THE_SILENT","items_purchased":["Footwork","Crippling Poison","Footwork","Chemical X"],"campfire_rested":2,"item_purchase_floors":[4,4,10,21],"current_hp_per_floor":[59,56,54,54,54,39,39,15,15,15,15,34,32,24,24,7,51,48,48,44,44,44,44,14,33,33,33,33,16,0],"gold":55,"neow_bonus":"ONE_RANDOM_RARE_CARD","is_prod":false,"is_daily":false,"chose_seed":false,"campfire_upgraded":3,"win_rate":0,"timestamp":1547622213,"path_taken":["M","M","M","$","?","E","R","E","T","$","M","R","M","E","R","BOSS","M","?","M","$","?","R","E","R","T","?","?","?","E"],"build_version":"2019-01-14v2","purchased_purges":0,"victory":false,"max_hp_per_floor":[66,66,66,66,66,66,66,66,66,66,66,66,66,66,66,66,66,66,66,66,66,66,66,66,66,66,66,66,66,66],"card_choices":[{"not_picked":["Prepared","Expertise"],"picked":"Quick Slash","floor":1},{"not_picked":["Choke","Setup"],"picked":"Dagger Spray","floor":2},{"not_picked":["Dagger Spray","Deflect"],"picked":"Dash","floor":3},{"not_picked":["Blade Dance","Choke"],"picked":"Sucker Punch","floor":6},{"not_picked":["Leg Sweep","Deadly Poison"],"picked":"Well Laid Plans","floor":8},{"not_picked":["Heel Hook","Dagger Throw"],"picked":"Backflip","floor":11},{"not_picked":["Dagger Spray","Reflex"],"picked":"Night Terror","floor":13},{"not_picked":["Prepared","Cloak And Dagger","Outmaneuver"],"picked":"SKIP","floor":14},{"not_picked":["Adrenaline","Venomology"],"picked":"Malaise","floor":16},{"not_picked":["Poisoned Stab","Eviscerate"],"picked":"Deflect","floor":18},{"not_picked":["Crippling Poison","Acrobatics"],"picked":"Dodge and Roll","floor":20},{"not_picked":["All Out Attack","Riddle With Holes"],"picked":"Outmaneuver","floor":24}],"player_experience":1191096,"relics_obtained":[{"floor":6,"key":"Bag of Preparation"},{"floor":8,"key":"Smiling Mask"},{"floor":9,"key":"Snake Skull"},{"floor":14,"key":"Orichalcum"},{"floor":24,"key":"Nunchaku"},{"floor":26,"key":"Blood Vial"}],"event_choices":[{"damage_healed":0,"gold_gain":0,"player_choice":"Leave","damage_taken":0,"max_hp_gain":0,"max_hp_loss":0,"event_name":"The Cleric","floor":5,"gold_loss":0},{"damage_healed":0,"gold_gain":50,"player_choice":"Stole From Cult","damage_taken":0,"max_hp_gain":0,"max_hp_loss":0,"event_name":"Nest","floor":19,"gold_loss":0},{"damage_healed":0,"gold_gain":0,"player_choice":"Ignored","damage_taken":0,"max_hp_gain":0,"max_hp_loss":0,"event_name":"The Mausoleum","floor":22,"gold_loss":0},{"damage_healed":0,"gold_gain":0,"player_choice":"Simplicity","damage_taken":0,"max_hp_gain":0,"max_hp_loss":0,"event_name":"Back to Basics","floor":27,"gold_loss":0,"cards_upgraded":["Defend_G","Defend_G","Defend_G","Defend_G","Defend_G","Strike_G","Strike_G","Strike_G","Strike_G","Strike_G"]},{"damage_healed":0,"gold_gain":0,"player_choice":"Obtain J.A.X.","damage_taken":0,"max_hp_gain":0,"max_hp_loss":0,"event_name":"Drug Dealer","floor":28,"gold_loss":0,"cards_obtained":["J.A.X."]},{"damage_healed":0,"gold_gain":0,"player_choice":"Fight","damage_taken":0,"max_hp_gain":0,"max_hp_loss":0,"event_name":"Colosseum","floor":29,"gold_loss":0},{"damage_healed":0,"gold_gain":0,"player_choice":"Fled From Nobs","damage_taken":0,"max_hp_gain":0,"max_hp_loss":0,"event_name":"Colosseum","floor":29,"gold_loss":0}],"is_beta":true,"boss_relics":[{"not_picked":["Busted Crown","Coffee Dripper"],"picked":"Runic Pyramid"}],"items_purged_floors":[],"is_endless":false,"potions_floor_spawned":[3,6,13,14,20,29],"killed_by":"Slavers","ascension_level":20}