{"gold_per_floor":[112,125,51,1,1,35,35,51,51,85,96,111,145,162,162,261,261,281,299,214,214,228,263,263,263,336,350,350,366,366],"floor_reached":30,"playtime":2003,"items_purged":[],"score":299,"play_id":"775a2826-de5d-455b-94f1-62a8d926a8d4","local_time":"20190911123401","is_ascension_mode":true,"campfire_choices":[{"floor":7,"key":"REST"},{"floor":15,"key":"REST"},{"floor":25,"key":"REST"},{"floor":28,"key":"REST"}],"neow_cost":"TEN_PERCENT_HP_LOSS","seed_source_timestamp":648895196948000,"circlet_count":0,"master_deck":["Strike_R","Strike_R","Strike_R","Defend_R","Defend_R","Defend_R","Bash","Metallicize","Pommel Strike","Spot Weakness","Offering","Whirlwind","Twin Strike","Rage","Whirlwind","Rupture","Brutality","Uppercut","Rupture","J.A.X.","Shrug It Off+1","Bloodletting"],"relics":["Burning Blood","Shuriken","PreservedInsect","Incense Burner","Darkstone Periapt","Sozu","Orichalcum","Omamori","Gremlin Horn"],"potions_floor_usage":[6,11,13,16],"damage_taken":[{"damage":6,"enemies":"Cultist","floor":1,"turns":3},{"damage":11,"enemies":"Jaw Worm","floor":2,"turns":5},{"damage":47,"enemies":"Lagavulin","floor":6,"turns":7},{"damage":6,"enemies":"Small Slimes","floor":8,"turns":2},{"damage":27,"enemies":"Gremlin Nob","floor":10,"turns":4},{"damage":9,"enemies":"Red Slaver","floor":11,"turns":3},{"damage":6,"enemies":"Large Slime","floor":12,"turns":2},{"damage":23,"enemies":"Lagavulin","floor":13,"turns":4},{"damage":6,"enemies":"2 Fungi Beasts","floor":14,"turns":1},{"damage":44,"enemies":"The Guardian","floor":16,"turns":8},{"damage":11,"enemies":"3 Byrds","floor":18,"turns":3},{"damage":27,"enemies":"2 Thieves","floor":19,"turns":3},{"damage":29,"enemies":"Shelled Parasite and Fungi","floor":22,"turns":3},{"damage":19,"enemies":"Book of Stabbing","floor":23,"turns":4},{"damage":30,"enemies":"Snake Plant","floor":27,"turns":3},{"damage":16,"enemies":"Snecko","floor":29,"turns":4},{"damage":21,"enemies":"3 Cultists","floor":30,"turns":3}],"seed_played":"-728700994707867218","potions_obtained":[{"floor":1,"key":"BloodPotion"},{"floor":6,"key":"SpeedPotion"},{"floor":10,"key":"Block Potion"},{"floor":12,"key":"Strength Potion"}],"is_trial":false,"path_per_floor":["M","M","$","?","$","E","R","M","T","E","M","M","E","M","R","B",null,"M","M","?","?","M","E","?","R","T","M","R","M","M"],"character_chosen":"IRONCLAD","items_purchased":["Spot Weakness"],"campfire_rested":4,"item_purchase_floors":[3],"current_hp_per_floor":[72,67,67,67,67,44,65,65,65,44,41,41,24,24,45,7,72,67,46,46,46,23,10,10,31,31,7,28,18,0],"gold":366,"neow_bonus":"REMOVE_TWO","is_prod":false,"is_daily":false,"chose_seed":false,"campfire_upgraded":0,"win_rate":0,"timestamp":1568176441,"path_taken":["M","M","$","?","$","E","R","M","T","E","M","M","E","M","R","BOSS","M","M","?","?","M","E","?","R","T","?","R","M","M"],"build_version":"2019-09-10","purchased_purges":0,"victory":false,"max_hp_per_floor":[72,72,72,72,72,72,72,72,72,72,72,72,72,72,72,72,72,72,72,72,72,72,72,72,72,72,72,72,72,72],"card_choices":[{"not_picked":["Searing Blow","Inflame"],"picked":"Metallicize","floor":1},{"not_picked":["Clothesline","Headbutt"],"picked":"Pommel Strike","floor":2},{"not_picked":["Intimidate","Bludgeon"],"picked":"Offering","floor":6},{"not_picked":["Metallicize","Pommel Strike"],"picked":"Whirlwind","floor":8},{"not_picked":["Headbutt","Thunderclap"],"picked":"Twin Strike","floor":10},{"not_picked":["Corruption","Wild Strike"],"picked":"Rage","floor":11},{"not_picked":["Sever Soul","Armaments"],"picked":"Whirlwind","floor":12},{"not_picked":["Combust","Fire Breathing","True Grit"],"picked":"SKIP","floor":13},{"not_picked":["Armaments","Cleave"],"picked":"Rupture","floor":14},{"not_picked":["Bludgeon","Barricade"],"picked":"Brutality","floor":16},{"not_picked":["Headbutt","Thunderclap"],"picked":"Uppercut","floor":18},{"not_picked":["Body Slam","Warcry+1"],"picked":"Rupture","floor":19},{"not_picked":["Sentinel","Cleave","Infernal Blade"],"picked":"SKIP","floor":22},{"not_picked":["Evolve","Juggernaut"],"picked":"Shrug It Off+1","floor":23},{"not_picked":["Headbutt+1","Armaments"],"picked":"Bloodletting","floor":27},{"not_picked":["Pommel Strike","Intimidate+1","Infernal Blade"],"picked":"SKIP","floor":29}],"player_experience":108497,"relics_obtained":[{"floor":6,"key":"Shuriken"},{"floor":9,"key":"PreservedInsect"},{"floor":10,"key":"Incense Burner"},{"floor":13,"key":"Darkstone Periapt"},{"floor":23,"key":"Omamori"},{"floor":26,"key":"Gremlin Horn"}],"event_choices":[{"cards_removed":["Strike_R"],"damage_healed":0,"gold_gain":0,"player_choice":"Card Removal","damage_taken":0,"max_hp_gain":0,"max_hp_loss":0,"event_name":"The Cleric","floor":4,"gold_loss":50},{"damage_healed":0,"gold_gain":0,"player_choice":"Obtained Relic","damage_taken":0,"relics_obtained":["Orichalcum"],"max_hp_gain":0,"max_hp_loss":0,"event_name":"Addict","floor":20,"gold_loss":85},{"damage_healed":0,"gold_gain":0,"player_choice":"Obtain J.A.X.","damage_taken":0,"max_hp_gain":0,"max_hp_loss":0,"event_name":"Drug Dealer","floor":21,"gold_loss":0,"cards_obtained":["J.A.X."]},{"damage_healed":0,"gold_gain":0,"player_choice":"Ignored","damage_taken":0,"max_hp_gain":0,"max_hp_loss":0,"event_name":"N\u0027loth","floor":24,"gold_loss":0}],"is_beta":true,"boss_relics":[{"not_picked":["Mark of Pain","SlaversCollar"],"picked":"Sozu"}],"items_purged_floors":[],"is_endless":false,"potions_floor_spawned":[1,6,10,12,23,27,29],"killed_by":"3 Cultists","ascension_level":2}