{"gold_per_floor":[119,10,25,25,25,53,70,70,96,96,23,23,23,23,23,124,124,137,137,1,1,15,41,51,51,99,99,131,142,142,43,43,141,141,153,153,74,0,12,37,37,37,37,51,69,69,80,100,100,100],"floor_reached":51,"playtime":3475,"items_purged":["Strike_G","Strike_G"],"score":686,"play_id":"f1525957-ccc1-463b-a9a3-044eab650d7b","local_time":"20181105221025","is_ascension_mode":false,"campfire_choices":[{"floor":8,"key":"REST"},{"data":"Noxious Fumes","floor":10,"key":"SMITH"},{"data":"Bouncing Flask","floor":13,"key":"SMITH"},{"floor":15,"key":"REST"},{"floor":25,"key":"REST"},{"data":"Malaise","floor":32,"key":"SMITH"},{"floor":41,"key":"REST"},{"floor":46,"key":"REST"},{"floor":49,"key":"REST"}],"neow_cost":"NONE","seed_source_timestamp":308138105459032,"circlet_count":0,"master_deck":["Defend_G","Defend_G+1","Defend_G","Strike_G","Strike_G","Survivor","Neutralize","Outmaneuver","Noxious Fumes+1","PiercingWail","Bouncing Flask+1","Malaise+1","Expertise","Caltrops","Dash+1","Footwork","Acrobatics","Backflip+1","Footwork","Flying Knee","Die Die Die","Deadly Poison","Crippling Poison+1","Leg Sweep+1","Doubt","Heel Hook","Bouncing Flask+1","Bane+1","Acrobatics+1"],"relics":["Busted Crown","CultistMask","Bag of Preparation","Juzu Bracelet","Black Star","Tingsha","Peace Pipe","StoneCalendar","Vajra","Paper Crane","Question Card","Sozu","Red Mask","War Paint","Boot","Ninja Scroll"],"potions_floor_usage":[16,33],"damage_taken":[{"damage":0,"enemies":"Small Slimes","floor":1,"turns":3},{"damage":1,"enemies":"Cultist","floor":3,"turns":4},{"damage":32,"enemies":"3 Sentries","floor":6,"turns":11},{"damage":1,"enemies":"Jaw Worm","floor":7,"turns":5},{"damage":18,"enemies":"The Guardian","floor":16,"turns":8},{"damage":3,"enemies":"Shell Parasite","floor":18,"turns":5},{"damage":1,"enemies":"Spheric Guardian","floor":22,"turns":4},{"damage":18,"enemies":"Gremlin Leader","floor":23,"turns":8},{"damage":14,"enemies":"Shelled Parasite and Fungi","floor":24,"turns":5},{"damage":21,"enemies":"Book of Stabbing","floor":28,"turns":6},{"damage":0,"enemies":"Snake Plant","floor":29,"turns":4},{"damage":14,"enemies":"Champ","floor":33,"turns":8},{"damage":34,"enemies":"3 Darklings","floor":35,"turns":5},{"damage":10,"enemies":"3 Shapes","floor":39,"turns":4},{"damage":10,"enemies":"Giant Head","floor":40,"turns":10},{"damage":0,"enemies":"Maw","floor":44,"turns":7},{"damage":25,"enemies":"Spire Growth","floor":45,"turns":5},{"damage":9,"enemies":"4 Shapes","floor":47,"turns":3},{"damage":1,"enemies":"Transient","floor":48,"turns":5},{"damage":38,"enemies":"Time Eater","floor":50,"turns":13}],"seed_played":"6674828269071576684","potions_obtained":[{"floor":7,"key":"FearPotion"},{"floor":18,"key":"SteroidPotion"},{"floor":23,"key":"GamblersBrew"},{"floor":28,"key":"Regen Potion"},{"floor":33,"key":"SteroidPotion"}],"is_trial":false,"path_per_floor":["M","$","M","$","?","E","M","R","T","R","$","?","R","?","R","B",null,"M","?","$","?","M","E","M","R","T","?","E","M","?","$","R","B",null,"M","?","$","?","M","E","R","?","T","M","M","R","M","M","R","B",null],"character_chosen":"THE_SILENT","items_purchased":["Noxious Fumes","Bouncing Flask","Caltrops","Footwork","Flying Knee","Crippling Poison"],"campfire_rested":6,"item_purchase_floors":[2,11,20,31,31,37],"current_hp_per_floor":[70,70,69,69,69,37,36,57,57,57,57,50,50,50,70,52,70,67,67,67,67,66,48,34,55,55,70,49,49,49,49,49,50,70,36,36,36,36,26,16,37,70,70,70,45,66,57,56,70,32],"gold":100,"neow_bonus":"BOSS_RELIC","is_prod":false,"is_daily":false,"chose_seed":false,"campfire_upgraded":3,"win_rate":0.0,"timestamp":1541452225,"path_taken":["M","$","M","$","?","E","M","R","T","R","?","?","R","?","R","BOSS","M","?","$","?","M","E","M","R","T","?","E","M","?","?","R","BOSS","M","?","$","?","M","E","R","?","T","M","M","R","M","M","R","BOSS"],"build_version":"2018-11-02","purchased_purges":2,"victory":true,"max_hp_per_floor":[70,70,70,70,70,70,70,70,70,70,70,70,70,70,70,70,70,70,70,70,70,70,70,70,70,70,70,70,70,70,70,70,70,70,70,70,70,70,70,70,70,70,70,70,70,70,70,70,70,70],"card_choices":[{"not_picked":[],"picked":"Outmaneuver","floor":1},{"not_picked":["Dagger Throw"],"picked":"SKIP","floor":3},{"not_picked":[],"picked":"PiercingWail","floor":6},{"not_picked":["Eviscerate"],"picked":"SKIP","floor":7},{"not_picked":[],"picked":"Malaise","floor":16},{"not_picked":[],"picked":"Expertise","floor":18},{"not_picked":[],"picked":"Dash+1","floor":22},{"not_picked":["Choke"],"picked":"SKIP","floor":23},{"not_picked":[],"picked":"Footwork","floor":24},{"not_picked":[],"picked":"Acrobatics","floor":28},{"not_picked":["Sucker Punch"],"picked":"Backflip+1","floor":29},{"not_picked":["Bullet Time"],"picked":"Die Die Die","floor":33},{"not_picked":["Predator"],"picked":"Deadly Poison","floor":35},{"not_picked":["Acrobatics"],"picked":"Leg Sweep+1","floor":39},{"not_picked":["Dagger Spray","Blade Dance+1"],"picked":"SKIP","floor":40},{"not_picked":["Quick Slash"],"picked":"Heel Hook","floor":44},{"not_picked":["Bane"],"picked":"Bouncing Flask+1","floor":45},{"not_picked":["Deflect"],"picked":"Bane+1","floor":47},{"not_picked":["Underhanded Strike"],"picked":"Acrobatics+1","floor":48}],"player_experience":13204,"relics_obtained":[{"floor":6,"key":"Bag of Preparation"},{"floor":9,"key":"Juzu Bracelet"},{"floor":23,"key":"Peace Pipe"},{"floor":23,"key":"StoneCalendar"},{"floor":26,"key":"Vajra"},{"floor":28,"key":"Paper Crane"},{"floor":28,"key":"Question Card"},{"floor":40,"key":"War Paint"},{"floor":40,"key":"Boot"},{"floor":43,"key":"Ninja Scroll"}],"event_choices":[{"damage_healed":0,"gold_gain":0,"player_choice":"Trade","damage_taken":0,"relics_obtained":["CultistMask"],"max_hp_gain":0,"max_hp_loss":0,"event_name":"FaceTrader","floor":5,"gold_loss":0},{"cards_removed":["Defend_G"],"damage_healed":0,"gold_gain":0,"player_choice":"Card Removal","damage_taken":7,"max_hp_gain":0,"max_hp_loss":0,"event_name":"Golden Wing","floor":12,"gold_loss":0},{"cards_removed":["Strike_G"],"damage_healed":0,"gold_gain":0,"player_choice":"Purged","damage_taken":0,"max_hp_gain":0,"max_hp_loss":0,"event_name":"Purifier","floor":14,"gold_loss":0},{"damage_healed":0,"gold_gain":0,"player_choice":"Gave Potion","damage_taken":0,"relics_obtained":["Tingsha"],"max_hp_gain":0,"max_hp_loss":0,"event_name":"WeMeetAgain","floor":19,"gold_loss":0},{"damage_healed":0,"gold_gain":0,"player_choice":"Ignored","damage_taken":0,"max_hp_gain":0,"max_hp_loss":0,"event_name":"Beggar","floor":21,"gold_loss":0},{"damage_healed":23,"gold_gain":0,"player_choice":"Heal","damage_taken":0,"max_hp_gain":0,"max_hp_loss":0,"event_name":"The Library","floor":27,"gold_loss":0},{"cards_removed":["Defend_G"],"damage_healed":0,"gold_gain":0,"player_choice":"Elegance","damage_taken":0,"max_hp_gain":0,"max_hp_loss":0,"event_name":"Back to Basics","floor":30,"gold_loss":0},{"damage_healed":0,"gold_gain":0,"player_choice":"Ignored","damage_taken":0,"max_hp_gain":0,"max_hp_loss":0,"event_name":"Mysterious Sphere","floor":36,"gold_loss":0},{"damage_healed":0,"gold_gain":0,"player_choice":"Paid","damage_taken":0,"relics_obtained":["Red Mask"],"max_hp_gain":0,"max_hp_loss":0,"event_name":"Tomb of Lord Red Mask","floor":38,"gold_loss":74},{"damage_healed":33,"gold_gain":0,"player_choice":"Heal","damage_taken":0,"max_hp_gain":0,"max_hp_loss":0,"event_name":"MindBloom","floor":42,"gold_loss":0,"cards_obtained":["Doubt"]}],"is_beta":true,"boss_relics":[{"not_picked":["Astrolabe","Velvet Choker"],"picked":"Black Star"},{"not_picked":["Cursed Key","Calling Bell"],"picked":"Sozu"}],"items_purged_floors":[2,20],"is_endless":false,"potions_floor_spawned":[7,18,23,28,33,35,44,45,47,48],"ascension_level":0}