{"gold_per_floor":[114,114,124,143,156,156,181,194,194,194,207,234,69,85,85,85],"floor_reached":16,"playtime":915,"items_purged":["Strike_R"],"score":228,"play_id":"bce9c351-0d75-4ffc-b88f-0bdccb81ff41","local_time":"20181211191306","is_ascension_mode":true,"campfire_choices":[{"data":"Armaments","floor":6,"key":"SMITH"},{"data":"True Grit","floor":10,"key":"SMITH"},{"floor":15,"key":"REST"}],"neow_cost":"NONE","seed_source_timestamp":7059656067741393,"circlet_count":0,"master_deck":["AscendersBane","Strike_R","Strike_R","Strike_R","Strike_R","Defend_R","Defend_R","Defend_R","Defend_R","Bash+1","Combust+1","Armaments+1","Spot Weakness","True Grit+1","Sword Boomerang","Immolate","Metallicize"],"relics":["Burning Blood","Omamori","Matryoshka","Art of War"],"potions_floor_usage":[7,11,12],"damage_taken":[{"damage":2,"enemies":"2 Louse","floor":1,"turns":4},{"damage":1,"enemies":"Cultist","floor":3,"turns":4},{"damage":2,"enemies":"Small Slimes","floor":4,"turns":3},{"damage":26,"enemies":"Exordium Wildlife","floor":5,"turns":4},{"damage":25,"enemies":"3 Sentries","floor":7,"turns":7},{"damage":6,"enemies":"Blue Slaver","floor":8,"turns":3},{"damage":17,"enemies":"Gremlin Gang","floor":11,"turns":4},{"damage":10,"enemies":"Gremlin Nob","floor":12,"turns":3},{"damage":10,"enemies":"3 Louse","floor":14,"turns":4},{"damage":44,"enemies":"Hexaghost","floor":16,"turns":10}],"seed_played":"1827261801271789307","potions_obtained":[{"floor":3,"key":"Fire Potion"},{"floor":5,"key":"FearPotion"},{"floor":11,"key":"AttackPotion"}],"is_trial":false,"path_per_floor":["M","?","M","M","M","R","E","M","T","R","M","E","$","M","R","B"],"character_chosen":"IRONCLAD","items_purchased":["Metallicize"],"campfire_rested":1,"item_purchase_floors":[13],"current_hp_per_floor":[72,72,75,75,55,55,36,36,36,36,25,21,21,17,39,0],"gold":85,"neow_bonus":"UPGRADE_CARD","is_prod":false,"is_daily":false,"chose_seed":false,"campfire_upgraded":2,"win_rate":0,"timestamp":1544584386,"path_taken":["M","?","M","M","?","R","E","M","T","R","M","E","$","M","R","BOSS"],"build_version":"2018-12-10","purchased_purges":1,"victory":false,"max_hp_per_floor":[75,75,75,75,75,75,75,75,75,75,75,75,75,75,75,75],"card_choices":[{"not_picked":["Heavy Blade","Clash"],"picked":"Combust","floor":1},{"not_picked":["Pommel Strike","Headbutt"],"picked":"Armaments","floor":3},{"not_picked":["True Grit","Burning Pact"],"picked":"Spot Weakness","floor":4},{"not_picked":["Burning Pact","Thunderclap"],"picked":"True Grit","floor":5},{"not_picked":["Spot Weakness","Headbutt"],"picked":"Sword Boomerang","floor":7},{"not_picked":["Spot Weakness","Iron Wave","Flex"],"picked":"SKIP","floor":8},{"not_picked":["Feel No Pain","Reckless Charge"],"picked":"Immolate","floor":11},{"not_picked":["Dual Wield","Sword Boomerang","Thunderclap"],"picked":"SKIP","floor":12},{"not_picked":["Sword Boomerang","Warcry","Perfected Strike"],"picked":"SKIP","floor":14}],"player_experience":1105317,"relics_obtained":[{"floor":7,"key":"Omamori"},{"floor":9,"key":"Matryoshka"},{"floor":12,"key":"Art of War"}],"event_choices":[{"damage_healed":0,"gold_gain":0,"player_choice":"Upgraded","damage_taken":0,"max_hp_gain":0,"max_hp_loss":0,"event_name":"Upgrade Shrine","floor":2,"gold_loss":0,"cards_upgraded":["Combust"]}],"is_beta":true,"boss_relics":[],"items_purged_floors":[13],"is_endless":false,"potions_floor_spawned":[3,5,11],"killed_by":"Hexaghost","ascension_level":20}