{"gold_per_floor":[209,73,73,88,102,102,133,148,171,171,199,219,219,144,144,219,219,239,272,272],"floor_reached":20,"playtime":851,"items_purged":[],"score":364,"play_id":"9adcdde5-aee6-47d7-9cb9-ae4bafc07ef7","local_time":"20190113045056","is_ascension_mode":true,"campfire_choices":[{"data":"Perfected Strike","floor":6.0,"key":"SMITH"},{"data":"True Grit","floor":10.0,"key":"SMITH"},{"data":"Limit Break","floor":13.0,"key":"SMITH"},{"data":"Demon Form","floor":15.0,"key":"SMITH"}],"neow_cost":"NONE","seed_source_timestamp":0,"circlet_count":0,"master_deck":["AscendersBane","Strike_R","Strike_R","Strike_R","Strike_R","Defend_R","Defend_R","Defend_R","Defend_R","Bash","True Grit+1","Perfected Strike+1","Feel No Pain","Demon Form+1","Metallicize","Heavy Blade","Shrug It Off","Limit Break+1","Whirlwind","Immolate","Inflame"],"special_seed":0,"relics":["Burning Blood","Centennial Puzzle","Oddly Smooth Stone","Bronze Scales","Runic Cube","Red Mask"],"potions_floor_usage":[19,19,20],"damage_taken":[{"damage":4.0,"enemies":"Small Slimes","floor":1.0,"turns":4.0},{"damage":1.0,"enemies":"2 Louse","floor":4.0,"turns":3.0},{"damage":5.0,"enemies":"Jaw Worm","floor":5.0,"turns":3.0},{"damage":31.0,"enemies":"Gremlin Nob","floor":7.0,"turns":4.0},{"damage":15.0,"enemies":"Large Slime","floor":8.0,"turns":6.0},{"damage":11.0,"enemies":"Lagavulin","floor":11.0,"turns":6.0},{"damage":4.0,"enemies":"Gremlin Gang","floor":12.0,"turns":5.0},{"damage":37.0,"enemies":"Hexaghost","floor":16.0,"turns":8.0},{"damage":27.0,"enemies":"Spheric Guardian","floor":18.0,"turns":6.0},{"damage":43,"enemies":"Masked Bandits","floor":19,"turns":4},{"damage":25,"enemies":"Chosen","floor":20,"turns":5}],"seed_played":"-6913299544510974804","potions_obtained":[{"floor":5.0,"key":"Explosive Potion"},{"floor":7.0,"key":"Ancient Potion"},{"floor":18.0,"key":"BloodPotion"},{"floor":19,"key":"Poison Potion"}],"is_trial":false,"path_per_floor":["M","$","?","M","M","R","E","M","T","R","E","M","R","?","R","B",null,"M","?","M"],"character_chosen":"IRONCLAD","items_purchased":["Perfected Strike","Feel No Pain"],"campfire_rested":0,"item_purchase_floors":[2,2],"current_hp_per_floor":[70,70,75,80,80,80,55,46,46,46,41,43,43,43,43,12,63,42,13,0],"gold":272,"neow_bonus":"HUNDRED_GOLD","is_prod":false,"is_daily":false,"chose_seed":false,"campfire_upgraded":4,"win_rate":0,"timestamp":1547383856,"path_taken":["M","$","?","M","M","R","E","M","T","R","E","M","R","?","R","BOSS","M","?","M"],"build_version":"2019-01-10","purchased_purges":0,"victory":false,"max_hp_per_floor":[75,75,80,80,80,80,80,80,80,80,80,80,80,80,80,80,80,80,80,80],"card_choices":[{"not_picked":["Havoc","Sentinel"],"picked":"True Grit","floor":1.0},{"not_picked":["Headbutt","Body Slam"],"picked":"Demon Form","floor":4.0},{"not_picked":["True Grit","Anger"],"picked":"Metallicize","floor":5.0},{"not_picked":["Corruption","Seeing Red"],"picked":"Heavy Blade","floor":7.0},{"not_picked":["Pommel Strike","Anger"],"picked":"Shrug It Off","floor":8.0},{"not_picked":["Thunderclap","Clothesline"],"picked":"Limit Break","floor":11.0},{"not_picked":["Searing Blow","Flex"],"picked":"Whirlwind","floor":12.0},{"not_picked":["Juggernaut","Impervious"],"picked":"Immolate","floor":16.0},{"not_picked":["Havoc","Cleave","Anger"],"picked":"SKIP","floor":18.0},{"not_picked":["Havoc","Cleave","Anger"],"picked":"SKIP","floor":18.0},{"not_picked":["Warcry+1","Anger"],"picked":"Inflame","floor":19}],"player_experience":1178802,"relics_obtained":[{"floor":7.0,"key":"Centennial Puzzle"},{"floor":9.0,"key":"Oddly Smooth Stone"},{"floor":11.0,"key":"Bronze Scales"},{"floor":19,"key":"Red Mask"}],"event_choices":[{"damage_healed":0.0,"max_hp_gain":5.0,"max_hp_loss":0.0,"gold_gain":0.0,"event_name":"Big Fish","player_choice":"Donut","floor":3.0,"gold_loss":0.0,"damage_taken":0.0},{"cards_removed":["Strike_R"],"damage_healed":0.0,"max_hp_gain":0.0,"max_hp_loss":0.0,"gold_gain":0.0,"event_name":"The Cleric","player_choice":"Card Removal","floor":14.0,"gold_loss":75.0,"damage_taken":0.0},{"damage_healed":0,"gold_gain":0,"player_choice":"Fought Bandits","damage_taken":0,"max_hp_gain":0,"max_hp_loss":0,"event_name":"Masked Bandits","floor":19,"gold_loss":0}],"is_beta":true,"boss_relics":[{"not_picked":["Black Blood","Runic Pyramid"],"picked":"Runic Cube"}],"items_purged_floors":[],"is_endless":false,"potions_floor_spawned":[5,7,11,18,19],"killed_by":"Chosen","ascension_level":20}