{"gold_per_floor":[109,124,399,409,12,12,30,30,30,46,46,61,61,93,93,170,170,183,133,151,151,161,161,176,196,196,196,196,196,196,196,196,196],"floor_reached":33,"playtime":1980,"items_purged":["Regret","Strike_R"],"score":448,"play_id":"cf5d923d-3252-4d02-8023-1451d216bb00","local_time":"20190312014142","is_ascension_mode":true,"campfire_choices":[{"data":"Bash","floor":6,"key":"SMITH"},{"data":"True Grit","floor":8,"key":"SMITH"},{"data":"Armaments","floor":11,"key":"SMITH"},{"data":"Shrug It Off","floor":13,"key":"SMITH"},{"data":"Pommel Strike","floor":15,"key":"SMITH"},{"data":"Corruption","floor":23,"key":"SMITH"},{"floor":28,"key":"REST"},{"data":"Anger","floor":32,"key":"SMITH"}],"neow_cost":"NONE","seed_source_timestamp":166340385774196,"circlet_count":0,"master_deck":["AscendersBane","Strike_R","Strike_R","Defend_R","Defend_R","Defend_R","Defend_R","Bash+1","Armaments+1","Shrug It Off+1","Pommel Strike+1","Battle Trance","True Grit+1","Clothesline","Battle Trance","Juggernaut+1","Anger+1","Flex","Corruption+1","Havoc+1","Infernal Blade+1","Writhe"],"relics":["Burning Blood","NeowsBlessing","Membership Card","Orichalcum","Mercury Hourglass","Dodecahedron","Sozu","Mummified Hand","Ice Cream"],"potions_floor_usage":[7,16,18,30],"damage_taken":[{"damage":0,"enemies":"Jaw Worm","floor":1,"turns":1},{"damage":0,"enemies":"Cultist","floor":2,"turns":1},{"damage":3,"enemies":"2 Louse","floor":4,"turns":2},{"damage":3,"enemies":"Blue Slaver","floor":7,"turns":2},{"damage":8,"enemies":"Looter","floor":10,"turns":3},{"damage":10,"enemies":"Lots of Slimes","floor":12,"turns":3},{"damage":25,"enemies":"Lagavulin","floor":14,"turns":7},{"damage":42,"enemies":"The Guardian","floor":16,"turns":14},{"damage":7,"enemies":"3 Byrds","floor":18,"turns":4},{"damage":9,"enemies":"Shell Parasite","floor":20,"turns":5},{"damage":11,"enemies":"Snecko","floor":22,"turns":5},{"damage":14,"enemies":"Shelled Parasite and Fungi","floor":24,"turns":5},{"damage":30,"enemies":"Chosen and Byrds","floor":25,"turns":7},{"damage":0,"enemies":"Snake Plant","floor":30,"turns":1},{"damage":85,"enemies":"Collector","floor":33,"turns":9}],"seed_played":"-5693197338324558914","potions_obtained":[{"floor":1,"key":"Energy Potion"},{"floor":7,"key":"SmokeBomb"},{"floor":14,"key":"Swift Potion"},{"floor":16,"key":"Fire Potion"}],"is_trial":false,"path_per_floor":["M","M","?","M","$","R","M","R","T","M","R","M","R","E","R","B",null,"M","$","M","?","M","R","M","M","T","?","R","?","M","?","R","B"],"character_chosen":"IRONCLAD","items_purchased":["Membership Card","Orichalcum","Battle Trance"],"campfire_rested":1,"item_purchase_floors":[5,5,5],"current_hp_per_floor":[74,75,75,75,75,75,75,75,75,73,73,69,69,50,50,14,60,59,59,56,56,51,51,43,19,19,19,41,75,75,75,75,0],"gold":196,"neow_bonus":"THREE_ENEMY_KILL","is_prod":false,"is_daily":false,"chose_seed":false,"campfire_upgraded":7,"win_rate":0,"timestamp":1552351302,"path_taken":["M","M","?","?","$","R","M","R","T","M","R","M","R","E","R","BOSS","M","$","M","?","M","R","M","M","T","?","R","?","?","?","R","BOSS"],"build_version":"2019-02-06","purchased_purges":2,"victory":false,"max_hp_per_floor":[75,75,75,75,75,75,75,75,75,75,75,75,75,75,75,75,75,75,75,75,75,75,75,75,75,75,75,75,75,75,75,75,75],"card_choices":[{"not_picked":["Clash","Perfected Strike"],"picked":"Armaments","floor":1},{"not_picked":["Sentinel","Shockwave"],"picked":"Shrug It Off","floor":2},{"not_picked":["Blood for Blood","Thunderclap"],"picked":"Pommel Strike","floor":4},{"not_picked":["Fire Breathing","Twin Strike"],"picked":"True Grit","floor":7},{"not_picked":["True Grit","Burning Pact"],"picked":"Clothesline","floor":10},{"not_picked":["Cleave","Blood for Blood","Rupture"],"picked":"SKIP","floor":12},{"not_picked":["Pummel","Flex"],"picked":"Battle Trance","floor":14},{"not_picked":["Barricade","Limit Break"],"picked":"Juggernaut","floor":16},{"not_picked":["Body Slam","Metallicize"],"picked":"Anger","floor":18},{"not_picked":["Wild Strike","Clothesline+1","Body Slam"],"picked":"SKIP","floor":20},{"not_picked":["Iron Wave","Feel No Pain"],"picked":"Corruption","floor":22},{"not_picked":["Armaments","Twin Strike"],"picked":"Havoc+1","floor":24},{"not_picked":["Bloodletting","Bludgeon"],"picked":"Infernal Blade+1","floor":25}],"player_experience":197286,"relics_obtained":[{"floor":9,"key":"Mercury Hourglass"},{"floor":14,"key":"Dodecahedron"},{"floor":26,"key":"Mummified Hand"}],"event_choices":[{"damage_healed":0,"gold_gain":275,"player_choice":"Desecrate","damage_taken":0,"max_hp_gain":0,"max_hp_loss":0,"event_name":"Golden Shrine","floor":3,"gold_loss":0,"cards_obtained":["Regret"]},{"damage_healed":0,"gold_gain":0,"cards_transformed":["Strike_R","Strike_R"],"player_choice":"Became Test Subject","damage_taken":0,"max_hp_gain":0,"max_hp_loss":0,"event_name":"Drug Dealer","floor":21,"gold_loss":0,"cards_obtained":["Rupture","Flex"]},{"damage_healed":0,"gold_gain":0,"player_choice":"Opened","damage_taken":0,"relics_obtained":["Ice Cream"],"max_hp_gain":0,"max_hp_loss":0,"event_name":"The Mausoleum","floor":27,"gold_loss":0,"cards_obtained":["Writhe"]},{"cards_removed":["Rupture"],"damage_healed":34,"gold_gain":0,"player_choice":"Offered Uncommon","damage_taken":0,"max_hp_gain":0,"max_hp_loss":0,"event_name":"Bonfire Elementals","floor":29,"gold_loss":0},{"damage_healed":0,"gold_gain":0,"player_choice":"Forge","damage_taken":0,"max_hp_gain":0,"max_hp_loss":0,"event_name":"Accursed Blacksmith","floor":31,"gold_loss":0,"cards_upgraded":["Juggernaut"]}],"is_beta":true,"boss_relics":[{"not_picked":["Busted Crown","Cursed Key"],"picked":"Sozu"}],"items_purged_floors":[5,19],"is_endless":false,"potions_floor_spawned":[1,7,14,16,18,25],"killed_by":"Collector","ascension_level":16}