{"gold_per_floor":[116,127,31,47,57,57,57,86,86,111,111,138,138,156,156,156],"floor_reached":16,"playtime":404,"items_purged":[],"score":240,"play_id":"72a721d8-53bc-4738-b297-75c248393ae6","local_time":"20190607233207","is_ascension_mode":true,"campfire_choices":[{"data":"Clothesline","floor":6,"key":"SMITH"},{"data":"Heavy Blade","floor":13,"key":"SMITH"},{"data":"Bash","floor":15,"key":"SMITH"}],"neow_cost":"NONE","seed_source_timestamp":3716473229709631,"circlet_count":0,"master_deck":["AscendersBane","Strike_R","Strike_R","Strike_R","Strike_R","Strike_R","Defend_R","Defend_R","Defend_R","Defend_R","Bash+1","Rage","Thunderclap","Inflame","Anger","Clothesline+1","Inflame","Rampage","Sword Boomerang","Heavy Blade+1","Combust"],"relics":["Burning Blood","NeowsBlessing","Shuriken","Pear","Peace Pipe","Smiling Mask"],"potions_floor_usage":[8,8,16],"damage_taken":[{"damage":0,"enemies":"2 Louse","floor":1,"turns":1},{"damage":0,"enemies":"Jaw Worm","floor":2,"turns":1},{"damage":0,"enemies":"Small Slimes","floor":4,"turns":1},{"damage":5,"enemies":"2 Fungi Beasts","floor":5,"turns":4},{"damage":30,"enemies":"3 Sentries","floor":8,"turns":7},{"damage":26,"enemies":"Lagavulin","floor":10,"turns":6},{"damage":32,"enemies":"Gremlin Nob","floor":12,"turns":4},{"damage":0,"enemies":"Lots of Slimes","floor":14,"turns":3},{"damage":27,"enemies":"Hexaghost","floor":16,"turns":4}],"seed_played":"-5261718339555910525","potions_obtained":[{"floor":1,"key":"Poison Potion"},{"floor":2,"key":"Dexterity Potion"},{"floor":8,"key":"LiquidBronze"}],"is_trial":false,"path_per_floor":["M","M","$","M","M","R","?","E","T","E","?","E","R","M","R","B"],"character_chosen":"IRONCLAD","items_purchased":["Inflame","Anger"],"campfire_rested":0,"item_purchase_floors":[3,3],"current_hp_per_floor":[74,75,75,75,75,75,75,51,61,41,46,20,20,26,26,0],"gold":156,"neow_bonus":"THREE_ENEMY_KILL","is_prod":false,"is_daily":false,"chose_seed":false,"campfire_upgraded":3,"win_rate":0,"timestamp":1559975527,"path_taken":["M","M","$","M","M","R","?","E","T","E","?","E","R","M","R","BOSS"],"build_version":"2019-06-05","purchased_purges":0,"victory":false,"max_hp_per_floor":[75,75,75,75,75,75,75,75,85,85,90,90,90,90,90,90],"card_choices":[{"not_picked":["Blood for Blood","Warcry"],"picked":"Rage","floor":1},{"not_picked":["Twin Strike","Clash"],"picked":"Thunderclap","floor":2},{"not_picked":["Armaments","Entrench"],"picked":"Clothesline","floor":4},{"not_picked":["Body Slam","Havoc"],"picked":"Inflame","floor":5},{"not_picked":["Rupture","Wild Strike"],"picked":"Rampage","floor":8},{"not_picked":["Anger","Clash"],"picked":"Sword Boomerang","floor":10},{"not_picked":["Shrug It Off","Clothesline"],"picked":"Heavy Blade","floor":12},{"not_picked":["Twin Strike","Wild Strike"],"picked":"Combust","floor":14}],"player_experience":1327052,"relics_obtained":[{"floor":8,"key":"Shuriken"},{"floor":9,"key":"Pear"},{"floor":10,"key":"Peace Pipe"},{"floor":12,"key":"Smiling Mask"}],"event_choices":[{"damage_healed":0,"gold_gain":0,"player_choice":"Ignored","damage_taken":0,"max_hp_gain":0,"max_hp_loss":0,"event_name":"Liars Game","floor":7,"gold_loss":0},{"damage_healed":0,"gold_gain":0,"player_choice":"Donut","damage_taken":0,"max_hp_gain":5,"max_hp_loss":0,"event_name":"Big Fish","floor":11,"gold_loss":0}],"is_beta":true,"boss_relics":[],"items_purged_floors":[],"is_endless":false,"potions_floor_spawned":[1,2,8],"killed_by":"Hexaghost","ascension_level":20}