{"gold_per_floor":[113,113,167,167,180,180,205,205,205,240,390,390,390,410,410,484,484,496,526,542,25,45,45,65,82,82,32,45,45,45,45,45,45],"floor_reached":33,"playtime":1766,"items_purged":["Strike_R","Strike_R"],"score":556,"play_id":"92676319-be90-4ab8-8a8c-5e7524dc51b1","local_time":"20190501005857","is_ascension_mode":true,"campfire_choices":[{"data":"Clothesline","floor":6.0,"key":"SMITH"},{"data":"Flame Barrier","floor":8.0,"key":"SMITH"},{"data":"Doubt","floor":12,"key":"PURGE"},{"data":"Regret","floor":15,"key":"PURGE"},{"data":"True Grit","floor":23,"key":"SMITH"},{"floor":29,"key":"DIG"},{"data":"Flame Barrier","floor":32,"key":"SMITH"}],"neow_cost":"NONE","seed_source_timestamp":29730683485274,"circlet_count":0,"master_deck":["AscendersBane","Strike_R+1","Strike_R+1","Defend_R+1","Defend_R+1","Defend_R","Defend_R","Bash+1","Clothesline+1","Flame Barrier+1","Pommel Strike","Fiend Fire","True Grit+1","Shrug It Off","Headbutt+1","Corruption","Dark Shackles","Flame Barrier+1"],"special_seed":0,"relics":["Burning Blood","NeowsBlessing","Whetstone","Peace Pipe","The Courier","Blue Candle","Gremlin Horn","War Paint","Snecko Eye","Red Mask","Membership Card","Paper Frog","Singing Bowl","Shovel","Sundial","Letter Opener"],"potions_floor_usage":[19,33,33],"damage_taken":[{"damage":0.0,"enemies":"Small Slimes","floor":1.0,"turns":1.0},{"damage":0.0,"enemies":"Jaw Worm","floor":5.0,"turns":1.0},{"damage":0.0,"enemies":"3 Sentries","floor":7.0,"turns":1.0},{"damage":30.0,"enemies":"Lagavulin","floor":10.0,"turns":4.0},{"damage":3,"enemies":"2 Louse","floor":14,"turns":3},{"damage":52,"enemies":"The Guardian","floor":16,"turns":15},{"damage":10,"enemies":"Spheric Guardian","floor":18,"turns":5},{"damage":4,"enemies":"Masked Bandits","floor":19,"turns":3},{"damage":11,"enemies":"Shell Parasite","floor":20,"turns":3},{"damage":5,"enemies":"Centurion and Healer","floor":22,"turns":5},{"damage":0,"enemies":"Sentry and Sphere","floor":24,"turns":5},{"damage":2,"enemies":"Snake Plant","floor":25,"turns":3},{"damage":0,"enemies":"3 Cultists","floor":28,"turns":4},{"damage":85,"enemies":"Automaton","floor":33,"turns":12}],"seed_played":"7046290879193595417","potions_obtained":[{"floor":7.0,"key":"FearPotion"},{"floor":16,"key":"AttackPotion"},{"floor":20,"key":"LiquidBronze"}],"is_trial":false,"path_per_floor":["M","?","T","?","M","R","E","R","T","E","?","R","?","M","R","B",null,"M","?","M","$","M","R","M","M","T","$","M","R","T","?","R","B"],"character_chosen":"IRONCLAD","items_purchased":["Membership Card","Corruption","Paper Frog","Dark Shackles","Singing Bowl","Explosive Potion"],"campfire_rested":0,"item_purchase_floors":[21,21,21,21,21,21],"current_hp_per_floor":[74,74,74,69,75,75,75,75,75,51,51,51,51,54,54,8,58,54,56,51,51,54,54,62,68,68,68,74,74,74,74,74,0],"gold":45,"neow_bonus":"THREE_ENEMY_KILL","is_prod":false,"is_daily":false,"chose_seed":false,"campfire_upgraded":4,"win_rate":0,"timestamp":1556665137,"path_taken":["M","?","?","?","M","R","E","R","T","E","?","R","?","M","R","BOSS","M","?","M","$","M","R","M","M","T","$","M","R","?","?","R","BOSS"],"build_version":"2019-04-23","purchased_purges":2,"victory":false,"max_hp_per_floor":[75,75,75,75,75,75,75,75,75,75,75,75,75,75,75,75,75,75,75,75,75,77,77,79,81,81,81,81,81,81,81,81,81],"card_choices":[{"not_picked":["Whirlwind","Sever Soul"],"picked":"Clothesline","floor":1.0},{"not_picked":["Clothesline","Perfected Strike","Twin Strike"],"picked":"SKIP","floor":5.0},{"not_picked":["Clash","Thunderclap"],"picked":"Flame Barrier","floor":7.0},{"not_picked":["Ghostly Armor","Dropkick"],"picked":"Pommel Strike","floor":10.0},{"not_picked":["Clash","Rage","Reckless Charge"],"picked":"SKIP","floor":14},{"not_picked":["Dark Embrace","Double Tap"],"picked":"Fiend Fire","floor":16},{"not_picked":["Havoc","Reckless Charge"],"picked":"True Grit","floor":18},{"not_picked":["Entrench","Perfected Strike+1"],"picked":"Shrug It Off","floor":19},{"not_picked":["Clothesline","Blood for Blood"],"picked":"Headbutt+1","floor":20},{"not_picked":["Burning Pact","Metallicize","Perfected Strike+1"],"picked":"Singing Bowl","floor":22},{"not_picked":["Twin Strike","Clothesline","Sentinel"],"picked":"Singing Bowl","floor":24},{"not_picked":["Dual Wield","Reckless Charge","Heavy Blade+1"],"picked":"Singing Bowl","floor":25},{"not_picked":["Blood for Blood+1","True Grit+1"],"picked":"Flame Barrier","floor":28}],"player_experience":526055,"relics_obtained":[{"floor":3.0,"key":"Whetstone"},{"floor":7.0,"key":"The Courier"},{"floor":9.0,"key":"Blue Candle"},{"floor":10.0,"key":"Gremlin Horn"},{"floor":19,"key":"Red Mask"},{"floor":26,"key":"Shovel"},{"floor":29,"key":"Sundial"},{"floor":30,"key":"Letter Opener"}],"event_choices":[{"damage_healed":0.0,"max_hp_gain":0.0,"max_hp_loss":0.0,"gold_gain":0.0,"event_name":"Living Wall","player_choice":"Grow","floor":2.0,"gold_loss":0.0,"damage_taken":0.0,"cards_upgraded":["Bash"]},{"damage_healed":0.0,"max_hp_gain":0.0,"max_hp_loss":0.0,"gold_gain":0.0,"event_name":"Scrap Ooze","player_choice":"Success","floor":4.0,"gold_loss":0.0,"damage_taken":5.0,"relics_obtained":["Peace Pipe"]},{"damage_healed":0,"gold_gain":150,"player_choice":"AGREE","damage_taken":0,"max_hp_gain":0,"max_hp_loss":0,"event_name":"Liars Game","floor":11,"gold_loss":0,"cards_obtained":["Doubt"]},{"damage_healed":0,"gold_gain":0,"player_choice":"Box","damage_taken":0,"relics_obtained":["War Paint"],"max_hp_gain":0,"max_hp_loss":0,"event_name":"Big Fish","floor":13,"gold_loss":0,"cards_obtained":["Regret"]},{"damage_healed":0,"gold_gain":0,"player_choice":"Fought Bandits","damage_taken":0,"max_hp_gain":0,"max_hp_loss":0,"event_name":"Masked Bandits","floor":19,"gold_loss":0},{"cards_removed":["Strike_R"],"damage_healed":0,"gold_gain":0,"player_choice":"Purged","damage_taken":0,"max_hp_gain":0,"max_hp_loss":0,"event_name":"Purifier","floor":31,"gold_loss":0}],"is_beta":true,"boss_relics":[{"not_picked":["Empty Cage","White Beast Statue"],"picked":"Snecko Eye"}],"items_purged_floors":[21,27],"is_endless":false,"potions_floor_spawned":[7,16,20,25],"killed_by":"Automaton","ascension_level":20}