{"gold_per_floor":[112,129,143,28,44,44,75,75,75,75,142,102,102,114,114,192,192,207,194,80,80,54,81,81,96,96,96,124,124,141,158,158,232,232,249,249,264,264,274,274,292,292,317,317,329,341,359,44,44,44],"floor_reached":50,"playtime":2661,"items_purged":["Strike_G","Writhe"],"score":891,"play_id":"c6723a41-e2b3-48e6-8df4-7d8fb3279177","local_time":"20181021230502","is_ascension_mode":true,"campfire_choices":[{"data":"Neutralize","floor":6,"key":"SMITH"},{"data":"Cloak And Dagger","floor":8,"key":"SMITH"},{"data":"Cloak And Dagger","floor":10,"key":"SMITH"},{"data":"Dash","floor":15,"key":"SMITH"},{"data":"Noxious Fumes","floor":24,"key":"SMITH"},{"data":"Finisher","floor":27,"key":"SMITH"},{"data":"Backflip","floor":29,"key":"SMITH"},{"data":"Blade Dance","floor":32,"key":"SMITH"},{"data":"Infinite Blades","floor":40,"key":"SMITH"},{"data":"Noxious Fumes","floor":44,"key":"SMITH"},{"data":"Noxious Fumes","floor":49,"key":"SMITH"}],"neow_cost":"NONE","seed_source_timestamp":2661826679021197,"circlet_count":0,"master_deck":["Defend_G","Defend_G","Defend_G","Defend_G","Strike_G","Strike_G","Strike_G","Strike_G","Survivor","Neutralize+1","AscendersBane","Cloak And Dagger+1","Dash+1","Crippling Poison","Well Laid Plans+1","PiercingWail","Cloak And Dagger+1","Adrenaline","Dagger Spray","Noxious Fumes+1","Finisher+1","Backflip+1","Dagger Spray","Adrenaline","Blade Dance+1","Corpse Explosion","Noxious Fumes+1","Infinite Blades+1","Riddle With Holes","Panache","Noxious Fumes+1"],"relics":["Coffee Dripper","Shuriken","Singing Bowl","Sozu","MutagenicStrength","Bottled Lightning","PreservedInsect","Du-Vu Doll","WristBlade","Boot"],"potions_floor_usage":[7,28,33],"damage_taken":[{"damage":0,"enemies":"2 Louse","floor":1,"turns":4},{"damage":0,"enemies":"Small Slimes","floor":2,"turns":4},{"damage":0,"enemies":"Jaw Worm","floor":3,"turns":4},{"damage":0,"enemies":"2 Fungi Beasts","floor":5,"turns":3},{"damage":31,"enemies":"Gremlin Nob","floor":7,"turns":6},{"damage":5,"enemies":"Exordium Wildlife","floor":14,"turns":5},{"damage":6,"enemies":"Hexaghost","floor":16,"turns":12},{"damage":4,"enemies":"Shell Parasite","floor":18,"turns":6},{"damage":0,"enemies":"2 Thieves","floor":19,"turns":4},{"damage":0,"enemies":"Slavers","floor":23,"turns":5},{"damage":7,"enemies":"Centurion and Healer","floor":25,"turns":5},{"damage":2,"enemies":"Book of Stabbing","floor":28,"turns":4},{"damage":11,"enemies":"Sentry and Sphere","floor":30,"turns":4},{"damage":0,"enemies":"Shelled Parasite and Fungi","floor":31,"turns":2},{"damage":10,"enemies":"Automaton","floor":33,"turns":5},{"damage":3,"enemies":"3 Darklings","floor":35,"turns":3},{"damage":15,"enemies":"3 Shapes","floor":37,"turns":2},{"damage":0,"enemies":"Jaw Worm Horde","floor":39,"turns":2},{"damage":23,"enemies":"Sphere and 2 Shapes","floor":41,"turns":6},{"damage":21,"enemies":"Maw","floor":45,"turns":6},{"damage":7,"enemies":"Spire Growth","floor":46,"turns":3},{"damage":1,"enemies":"3 Darklings","floor":47,"turns":3},{"damage":24,"enemies":"Time Eater","floor":50,"turns":1}],"seed_played":"4589820807851575247","potions_obtained":[{"floor":1,"key":"LiquidBronze"},{"floor":7,"key":"Weak Potion"},{"floor":14,"key":"Swift Potion"}],"is_trial":false,"path_per_floor":["M","M","M","$","M","R","E","R","T","R","?","?","?","M","R","B",null,"M","M","$","?","$","E","R","M","T","R","E","R","M","M","R","B",null,"M","?","M","?","M","R","M","?","T","R","M","M","M","$","R"],"character_chosen":"THE_SILENT","items_purchased":["Well Laid Plans","Noxious Fumes","Finisher","Backflip","Panache","Noxious Fumes"],"campfire_rested":0,"item_purchase_floors":[4,20,20,22,48,48],"current_hp_per_floor":[59,59,59,59,59,59,28,28,28,28,28,28,28,25,25,19,56,54,54,54,54,54,54,54,47,47,47,47,47,38,38,38,28,63,60,60,45,45,47,47,24,39,39,39,20,15,16,16,16,0],"gold":44,"neow_bonus":"BOSS_RELIC","is_prod":false,"is_daily":false,"chose_seed":false,"campfire_upgraded":11,"win_rate":0,"timestamp":1540188302,"path_taken":["M","M","M","$","M","R","E","R","T","R","?","?","?","M","R","BOSS","M","M","$","?","$","E","R","M","T","R","E","R","M","M","R","BOSS","M","?","M","?","?","R","M","?","T","R","?","M","M","$","R","BOSS"],"build_version":"2018-10-19","purchased_purges":2,"victory":false,"max_hp_per_floor":[66,66,66,66,66,66,66,66,66,66,66,66,66,68,68,68,68,70,70,70,70,70,70,70,70,70,70,72,72,74,74,74,74,74,74,74,74,74,76,76,76,76,76,76,78,80,82,82,82,82],"card_choices":[{"not_picked":["Blur","Concentrate"],"picked":"Cloak And Dagger","floor":1},{"not_picked":["Catalyst","Deadly Poison"],"picked":"Dash","floor":2},{"not_picked":["Underhanded Strike","Outmaneuver"],"picked":"Crippling Poison","floor":3},{"not_picked":["Distraction","Reflex"],"picked":"PiercingWail","floor":5},{"not_picked":["Flying Knee","Calculated Gamble"],"picked":"Cloak And Dagger","floor":7},{"not_picked":["Slice","Underhanded Strike","All Out Attack"],"picked":"Singing Bowl","floor":14},{"not_picked":["Phantasmal Killer","Doppelganger"],"picked":"Adrenaline","floor":16},{"not_picked":["Outmaneuver","Concentrate","Setup"],"picked":"Singing Bowl","floor":18},{"not_picked":["Bouncing Flask","Dagger Throw"],"picked":"Dagger Spray","floor":19},{"not_picked":["Outmaneuver","Tactician"],"picked":"Dagger Spray","floor":23},{"not_picked":["Backflip+1","Concentrate"],"picked":"Adrenaline","floor":25},{"not_picked":["Flying Knee","Bane","Dodge and Roll"],"picked":"Singing Bowl","floor":28},{"not_picked":["Concentrate","Deflect","Poisoned Stab"],"picked":"Singing Bowl","floor":30},{"not_picked":["Quick Slash","Heel Hook"],"picked":"Blade Dance","floor":31},{"not_picked":["Malaise","Grand Finale"],"picked":"Corpse Explosion","floor":33},{"not_picked":["Outmaneuver","Setup"],"picked":"Noxious Fumes","floor":35},{"not_picked":["Dagger Spray+1","Terror"],"picked":"Infinite Blades","floor":37},{"not_picked":["Finisher","Outmaneuver","Quick Slash"],"picked":"Singing Bowl","floor":39},{"not_picked":["Dagger Throw+1","Reflex+1"],"picked":"Riddle With Holes","floor":41},{"not_picked":["Choke","Poisoned Stab","Bane+1"],"picked":"Singing Bowl","floor":45},{"not_picked":["Prepared","Acrobatics+1","Poisoned Stab"],"picked":"Singing Bowl","floor":46},{"not_picked":["Distraction","Poisoned Stab","Cloak And Dagger"],"picked":"Singing Bowl","floor":47}],"player_experience":933804,"relics_obtained":[{"floor":7,"key":"Shuriken"},{"floor":9,"key":"Singing Bowl"},{"floor":23,"key":"Bottled Lightning"},{"floor":26,"key":"PreservedInsect"},{"floor":28,"key":"Du-Vu Doll"},{"floor":43,"key":"Boot"}],"event_choices":[{"damage_healed":0,"gold_gain":67,"player_choice":"Gained Gold","damage_taken":0,"max_hp_gain":0,"max_hp_loss":0,"event_name":"Golden Wing","floor":11,"gold_loss":0},{"damage_healed":0,"gold_gain":0,"player_choice":"Left Gold","damage_taken":0,"max_hp_gain":0,"max_hp_loss":0,"event_name":"World of Goop","floor":12,"gold_loss":40},{"damage_healed":0,"gold_gain":0,"player_choice":"Grow","damage_taken":0,"max_hp_gain":0,"max_hp_loss":0,"event_name":"Living Wall","floor":13,"gold_loss":0,"cards_upgraded":["Well Laid Plans"]},{"damage_healed":0,"gold_gain":0,"player_choice":"Inject Mutagens","damage_taken":0,"relics_obtained":["MutagenicStrength"],"max_hp_gain":0,"max_hp_loss":0,"event_name":"Drug Dealer","floor":21,"gold_loss":0},{"damage_healed":0,"gold_gain":0,"player_choice":"Ignored","damage_taken":0,"max_hp_gain":0,"max_hp_loss":0,"event_name":"Mysterious Sphere","floor":36,"gold_loss":0},{"cards_removed":["Defend_G"],"damage_healed":0,"gold_gain":0,"player_choice":"Removed Skill","damage_taken":0,"max_hp_gain":0,"max_hp_loss":0,"event_name":"Falling","floor":38,"gold_loss":0},{"damage_healed":15,"gold_gain":0,"player_choice":"Writhe","damage_taken":0,"max_hp_gain":0,"max_hp_loss":0,"event_name":"Winding Halls","floor":42,"gold_loss":0,"cards_obtained":["Writhe"]}],"is_beta":true,"boss_relics":[{"not_picked":["Lizard Tail","Runic Dome"],"picked":"Sozu"},{"not_picked":["Fusion Hammer","Cursed Key"],"picked":"WristBlade"}],"items_purged_floors":[4,48],"is_endless":false,"potions_floor_spawned":[1,7,14,18,28,31,35,41,45,47],"killed_by":"Time Eater","ascension_level":15}