{"gold_per_floor":[119,133,150,150,160,160,191,191,191,226,226,226,254,274,274,374,374,390,25,39,39,70,99,99,115,115,115,144,166,188,210,222,234],"floor_reached":33,"playtime":2477,"items_purged":["Strike_R"],"score":353,"play_id":"c3338726-76f5-48a8-9988-3e61e21132d0","local_time":"20181108234015","is_ascension_mode":true,"campfire_choices":[{"data":"Bash","floor":6,"key":"SMITH"},{"data":"Armaments","floor":8,"key":"SMITH"},{"floor":11,"key":"REST"},{"floor":15,"key":"REST"},{"data":"Clothesline","floor":24,"key":"SMITH"},{"floor":32,"key":"REST"}],"neow_cost":"NONE","seed_source_timestamp":573739966414598,"circlet_count":0,"master_deck":["Strike_R","Strike_R","Strike_R","Defend_R","Defend_R","Defend_R","Defend_R","Bash+1","Iron Wave","Thunderclap","Pommel Strike","Armaments+1","Dual Wield","Shrug It Off","Juggernaut","Clothesline+1","Secret Weapon","Shockwave","Sword Boomerang","Juggernaut","Whirlwind+1","Writhe","Battle Trance"],"relics":["Burning Blood","NeowsBlessing","Bag of Preparation","Pear","Centennial Puzzle","Paper Frog","Blood Vial","Snecko Eye","Red Mask","Kunai","PreservedInsect","Shuriken","MawBank"],"potions_floor_usage":[7,7,10,10,16,23,23,28,30,33],"damage_taken":[{"damage":0,"enemies":"2 Louse","floor":1,"turns":2},{"damage":0,"enemies":"Jaw Worm","floor":2,"turns":1},{"damage":0,"enemies":"Cultist","floor":3,"turns":1},{"damage":3,"enemies":"3 Louse","floor":5,"turns":3},{"damage":7,"enemies":"Gremlin Nob","floor":7,"turns":4},{"damage":31,"enemies":"3 Sentries","floor":10,"turns":9},{"damage":37,"enemies":"Lagavulin","floor":13,"turns":6},{"damage":11,"enemies":"Looter","floor":14,"turns":2},{"damage":73,"enemies":"The Guardian","floor":16,"turns":16},{"damage":4,"enemies":"3 Byrds","floor":18,"turns":4},{"damage":21,"enemies":"2 Thieves","floor":20,"turns":4},{"damage":2,"enemies":"Masked Bandits","floor":22,"turns":3},{"damage":12,"enemies":"Gremlin Leader","floor":23,"turns":5},{"damage":7,"enemies":"Snake Plant","floor":25,"turns":5},{"damage":50,"enemies":"Slavers","floor":28,"turns":5},{"damage":26,"enemies":"Centurion and Healer","floor":29,"turns":6},{"damage":38,"enemies":"Sentry and Sphere","floor":30,"turns":5},{"damage":23,"enemies":"Snecko","floor":31,"turns":5},{"damage":43,"enemies":"Champ","floor":33,"turns":10}],"seed_played":"9060198358639028760","potions_obtained":[{"floor":1,"key":"SpeedPotion"},{"floor":3,"key":"Fire Potion"},{"floor":5,"key":"EssenceOfSteel"},{"floor":7,"key":"Swift Potion"},{"floor":14,"key":"FearPotion"},{"floor":20,"key":"SkillPotion"},{"floor":23,"key":"BloodPotion"},{"floor":28,"key":"FairyPotion"},{"floor":29,"key":"Regen Potion"},{"floor":31,"key":"Fire Potion"}],"is_trial":false,"path_per_floor":["M","M","M","?","M","R","E","R","T","E","R","?","E","M","R","B",null,"M","$","M","?","?","E","R","M","T","?","E","M","M","M","R","B"],"character_chosen":"IRONCLAD","items_purchased":["LiquidBronze","Secret Weapon","Shockwave"],"campfire_rested":3,"item_purchase_floors":[19,19,19],"current_hp_per_floor":[80,80,80,77,80,80,89,89,89,64,90,90,59,56,83,18,90,90,90,75,75,81,77,77,78,78,78,45,27,11,9,36,0],"gold":234,"neow_bonus":"THREE_ENEMY_KILL","is_prod":false,"is_daily":false,"chose_seed":false,"campfire_upgraded":3,"win_rate":0,"timestamp":1541716815,"path_taken":["M","M","M","?","M","R","E","R","T","E","R","?","E","M","R","BOSS","M","?","M","?","?","E","R","M","T","?","E","M","M","?","R","BOSS"],"build_version":"2018-11-07","purchased_purges":1,"victory":false,"max_hp_per_floor":[80,80,80,80,80,80,90,90,90,90,90,90,90,90,90,90,90,90,90,90,90,90,90,90,90,90,90,90,90,90,90,90,90],"card_choices":[{"not_picked":["Sword Boomerang","Searing Blow"],"picked":"Iron Wave","floor":1},{"not_picked":["Perfected Strike","Second Wind"],"picked":"Thunderclap","floor":2},{"not_picked":["Wild Strike","Anger"],"picked":"Pommel Strike","floor":3},{"not_picked":["Dual Wield","Anger","Hemokinesis"],"picked":"SKIP","floor":5},{"not_picked":["Pommel Strike","Barricade"],"picked":"Armaments","floor":7},{"not_picked":["Searing Blow","Clash"],"picked":"Dual Wield","floor":10},{"not_picked":["Iron Wave","Power Through"],"picked":"Shrug It Off","floor":13},{"not_picked":["Warcry","Wild Strike","Fire Breathing"],"picked":"SKIP","floor":14},{"not_picked":["Demon Form","Impervious"],"picked":"Juggernaut","floor":16},{"not_picked":["Cleave+1","Blood for Blood+1"],"picked":"Clothesline","floor":18},{"not_picked":["Wild Strike","Sword Boomerang","Clothesline"],"picked":"SKIP","floor":20},{"not_picked":["Searing Blow+1","Cleave"],"picked":"Sword Boomerang","floor":22},{"not_picked":["Havoc","Clash"],"picked":"Juggernaut","floor":23},{"not_picked":["Anger+1","Thunderclap"],"picked":"Whirlwind+1","floor":25},{"not_picked":["Sever Soul+1","Perfected Strike"],"picked":"Battle Trance","floor":28},{"not_picked":["Perfected Strike","Body Slam","Sword Boomerang"],"picked":"SKIP","floor":29},{"not_picked":["Rampage","Thunderclap","Clothesline"],"picked":"SKIP","floor":30},{"not_picked":["Blood for Blood","Fire Breathing","Armaments+1"],"picked":"SKIP","floor":31}],"player_experience":45760,"relics_obtained":[{"floor":7,"key":"Pear"},{"floor":9,"key":"Centennial Puzzle"},{"floor":10,"key":"Paper Frog"},{"floor":13,"key":"Blood Vial"},{"floor":22,"key":"Red Mask"},{"floor":23,"key":"Kunai"},{"floor":26,"key":"PreservedInsect"},{"floor":28,"key":"MawBank"}],"event_choices":[{"damage_healed":0,"gold_gain":0,"player_choice":"Success","damage_taken":3,"relics_obtained":["Bag of Preparation"],"max_hp_gain":0,"max_hp_loss":0,"event_name":"Scrap Ooze","floor":4,"gold_loss":0},{"cards_removed":["Strike_R"],"damage_healed":0,"gold_gain":0,"player_choice":"Purged","damage_taken":0,"max_hp_gain":0,"max_hp_loss":0,"event_name":"Purifier","floor":12,"gold_loss":0},{"damage_healed":0,"gold_gain":0,"player_choice":"Ignored","damage_taken":0,"max_hp_gain":0,"max_hp_loss":0,"event_name":"Vampires","floor":21,"gold_loss":0},{"damage_healed":0,"gold_gain":0,"player_choice":"Fought Bandits","damage_taken":0,"max_hp_gain":0,"max_hp_loss":0,"event_name":"Masked Bandits","floor":22,"gold_loss":0},{"damage_healed":0,"gold_gain":0,"player_choice":"Opened","damage_taken":0,"relics_obtained":["Shuriken"],"max_hp_gain":0,"max_hp_loss":0,"event_name":"The Mausoleum","floor":27,"gold_loss":0,"cards_obtained":["Writhe"]}],"is_beta":true,"boss_relics":[{"not_picked":["Coffee Dripper","Runic Pyramid"],"picked":"Snecko Eye"}],"items_purged_floors":[19],"is_endless":false,"potions_floor_spawned":[1,3,5,7,14,20,23,28,29,31],"killed_by":"Champ","ascension_level":3}