{"gold_per_floor":[99,99,99,24,24,24,24,24,24,0,0,0,0,0,0,0,0,0,0,0,0,0,0,0,0,0,0,0,0,0,0,0,0,0,0,0,0,0,0,0,0,0,0,0,0,0,0,0,0,0],"floor_reached":51,"playtime":4470,"items_purged":["Strike_B"],"score":988,"play_id":"23a6afe6-4dd0-44ae-a198-821524043124","local_time":"20190405034748","is_ascension_mode":true,"campfire_choices":[{"data":"Sunder","floor":11.0,"key":"SMITH"},{"data":"Barrage","floor":13.0,"key":"SMITH"},{"data":"Glacier","floor":15.0,"key":"SMITH"},{"floor":23.0,"key":"REST"},{"floor":25.0,"key":"REST"},{"data":"Creative AI","floor":29.0,"key":"SMITH"},{"floor":32.0,"key":"REST"},{"data":"Reinforced Body","floor":41.0,"key":"SMITH"},{"data":"Defragment","floor":45.0,"key":"SMITH"},{"data":"Hologram","floor":49.0,"key":"SMITH"}],"neow_cost":"NONE","seed_source_timestamp":0,"circlet_count":0,"master_deck":["Strike_B","Strike_B","Defend_B","Defend_B","Defend_B","Defend_B","Zap","Dualcast","Barrage+1","Cold Snap","Glacier+1","Sweeping Beam","Sunder+1","Self Repair","Coolheaded","Creative AI+1","Steam+1","Chaos+1","Reinforced Body+1","Hologram+1","Compile Driver+1","Redo","Beam Cell+1","Electrodynamics","Static Discharge+1","Streamline+1","Loop+1","Defragment+1","Conserve Battery+1"],"special_seed":0,"relics":["Ectoplasm","Symbiotic Virus","Ancient Tea Set","Odd Mushroom","White Beast Statue","Vajra","Oddly Smooth Stone","Lantern","Inserter","Pocketwatch","MawBank","Meat on the Bone","Strawberry","Art of War"],"potions_floor_usage":[50,50],"damage_taken":[{"damage":0.0,"enemies":"2 Louse","floor":1.0,"turns":3.0},{"damage":7.0,"enemies":"Small Slimes","floor":2.0,"turns":4.0},{"damage":5.0,"enemies":"Jaw Worm","floor":3.0,"turns":3.0},{"damage":3.0,"enemies":"Large Slime","floor":6.0,"turns":8.0},{"damage":7.0,"enemies":"3 Sentries","floor":7.0,"turns":8.0},{"damage":0.0,"enemies":"3 Louse","floor":8.0,"turns":3.0},{"damage":5.0,"enemies":"Looter","floor":10.0,"turns":3.0},{"damage":2.0,"enemies":"The Mushroom Lair","floor":12.0,"turns":4.0},{"damage":0.0,"enemies":"Red Slaver","floor":14.0,"turns":1.0},{"damage":2.0,"enemies":"The Guardian","floor":16.0,"turns":10.0},{"damage":13.0,"enemies":"Chosen","floor":18.0,"turns":5.0},{"damage":20.0,"enemies":"Shell Parasite","floor":20.0,"turns":7.0},{"damage":18.0,"enemies":"Snake Plant","floor":21.0,"turns":6.0},{"damage":32.0,"enemies":"Book of Stabbing","floor":24.0,"turns":10.0},{"damage":5.0,"enemies":"Centurion and Healer","floor":28.0,"turns":6.0},{"damage":0.0,"enemies":"Gremlin Leader","floor":30.0,"turns":6.0},{"damage":24.0,"enemies":"Sentry and Sphere","floor":31.0,"turns":8.0},{"damage":0.0,"enemies":"Collector","floor":33.0,"turns":11.0},{"damage":6.0,"enemies":"3 Shapes","floor":35.0,"turns":4.0},{"damage":12.0,"enemies":"Mind Bloom Boss Battle","floor":37.0,"turns":6.0},{"damage":28.0,"enemies":"3 Darklings","floor":38.0,"turns":7.0},{"damage":7.0,"enemies":"Giant Head","floor":42.0,"turns":9.0},{"damage":14.0,"enemies":"Jaw Worm Horde","floor":44.0,"turns":2.0},{"damage":4.0,"enemies":"Transient","floor":46.0,"turns":5.0},{"damage":18.0,"enemies":"Nemesis","floor":48.0,"turns":9.0},{"damage":32,"enemies":"Donu and Deca","floor":50,"turns":10}],"seed_played":"-7251184878453182306","potions_obtained":[{"floor":2.0,"key":"Strength Potion"},{"floor":6.0,"key":"Regen Potion"},{"floor":8.0,"key":"Explosive Potion"},{"floor":16.0,"key":"SpeedPotion"},{"floor":18.0,"key":"Block Potion"},{"floor":20.0,"key":"Ancient Potion"},{"floor":21.0,"key":"Weak Potion"},{"floor":24.0,"key":"SpeedPotion"},{"floor":28.0,"key":"GamblersBrew"},{"floor":30.0,"key":"Block Potion"},{"floor":33.0,"key":"PowerPotion"},{"floor":35.0,"key":"SpeedPotion"},{"floor":38.0,"key":"Strength Potion"},{"floor":42.0,"key":"Energy Potion"},{"floor":44.0,"key":"Explosive Potion"},{"floor":46.0,"key":"GamblersBrew"},{"floor":48.0,"key":"Swift Potion"}],"is_trial":false,"path_per_floor":["M","M","M","$","?","M","E","M","T","M","R","?","R","M","R","B",null,"M","?","M","M","?","R","E","R","T","?","M","R","E","M","R","B",null,"M","$","?","M","?","?","R","E","T","M","R","M","T","E","R","B",null],"character_chosen":"DEFECT","items_purchased":[],"campfire_rested":3,"item_purchase_floors":[],"current_hp_per_floor":[75,68,63,63,56,53,61,61,61,63,63,61,61,61,61,66,75,69,55,42,31,31,55,23,47,47,47,49,49,56,39,63,70,80,74,74,69,41,41,41,41,48,48,46,46,42,49,50,50,30],"gold":0,"neow_bonus":"BOSS_RELIC","is_prod":false,"is_daily":false,"chose_seed":false,"campfire_upgraded":7,"win_rate":0,"timestamp":1554428868,"path_taken":["M","M","M","$","?","M","E","M","T","M","R","?","R","M","R","BOSS","M","?","M","M","?","R","E","R","T","?","M","R","E","M","R","BOSS","M","$","?","M","?","?","R","E","T","M","R","M","?","E","R","BOSS"],"build_version":"2019-03-15","purchased_purges":1,"victory":true,"max_hp_per_floor":[75,75,75,75,75,75,75,75,75,75,75,75,75,75,75,75,75,75,80,80,80,80,80,80,80,80,80,80,80,80,80,80,80,80,80,80,80,80,80,80,80,80,80,80,80,80,87,87,87,87],"card_choices":[{"not_picked":["Compile Driver","Heatsinks"],"picked":"Barrage","floor":1.0},{"not_picked":["Consume","Steam"],"picked":"Cold Snap","floor":2.0},{"not_picked":["Skim","Leap"],"picked":"Glacier","floor":3.0},{"not_picked":["Darkness","Leap"],"picked":"Sweeping Beam","floor":6.0},{"not_picked":["Redo","Fission"],"picked":"Sunder","floor":7.0},{"not_picked":["FTL","Leap"],"picked":"Self Repair","floor":8.0},{"not_picked":["Beam Cell","Skim"],"picked":"Coolheaded","floor":10.0},{"not_picked":["Heatsinks","Go for the Eyes","Barrage"],"picked":"SKIP","floor":14.0},{"not_picked":["Seek","Multi-Cast"],"picked":"Creative AI","floor":16.0},{"not_picked":["Turbo","Sweeping Beam"],"picked":"Steam+1","floor":18.0},{"not_picked":["Rip and Tear+1","Hologram"],"picked":"Chaos+1","floor":20.0},{"not_picked":["Rebound","Sweeping Beam"],"picked":"Reinforced Body","floor":21.0},{"not_picked":["Compile Driver","Stack+1"],"picked":"Hologram","floor":24.0},{"not_picked":["Auto Shields","Turbo"],"picked":"Compile Driver+1","floor":28.0},{"not_picked":["Go for the Eyes","Auto Shields"],"picked":"Redo","floor":30.0},{"not_picked":["All For One","Gash"],"picked":"Beam Cell+1","floor":31.0},{"not_picked":["Multi-Cast","Thunder Strike"],"picked":"Electrodynamics","floor":33.0},{"not_picked":["Cold Snap+1","White Noise+1"],"picked":"Static Discharge+1","floor":35.0},{"not_picked":["Aggregate+1","Go for the Eyes+1"],"picked":"Streamline+1","floor":37.0},{"not_picked":["Turbo","Rebound","Reprogram"],"picked":"SKIP","floor":38.0},{"not_picked":["Leap","Coolheaded"],"picked":"Loop+1","floor":42.0},{"not_picked":["Cold Snap","Scrape+1"],"picked":"Defragment","floor":44.0},{"not_picked":["Streamline+1","Barrage+1"],"picked":"Conserve Battery+1","floor":46.0},{"not_picked":["Hyperbeam","Electrodynamics","Turbo"],"picked":"SKIP","floor":48.0}],"player_experience":442784,"relics_obtained":[{"floor":7.0,"key":"Symbiotic Virus"},{"floor":9.0,"key":"Ancient Tea Set"},{"floor":12.0,"key":"Odd Mushroom"},{"floor":24.0,"key":"Vajra"},{"floor":26.0,"key":"Oddly Smooth Stone"},{"floor":30.0,"key":"Lantern"},{"floor":37.0,"key":"Pocketwatch"},{"floor":42.0,"key":"MawBank"},{"floor":43.0,"key":"Meat on the Bone"},{"floor":47.0,"key":"Strawberry"},{"floor":48.0,"key":"Art of War"}],"event_choices":[{"cards_removed":["Strike_B"],"damage_healed":0.0,"max_hp_gain":0.0,"max_hp_loss":0.0,"gold_gain":0.0,"event_name":"Golden Wing","player_choice":"Card Removal","floor":5.0,"gold_loss":0.0,"damage_taken":7.0},{"damage_healed":0.0,"max_hp_gain":0.0,"max_hp_loss":0.0,"gold_gain":0.0,"event_name":"Mushrooms","player_choice":"Fought Mushrooms","floor":12.0,"gold_loss":0.0,"damage_taken":0.0},{"damage_healed":0.0,"max_hp_gain":5.0,"max_hp_loss":0.0,"gold_gain":0.0,"event_name":"Forgotten Altar","player_choice":"Shed Blood","floor":19.0,"gold_loss":0.0,"damage_taken":19.0},{"damage_healed":0.0,"max_hp_gain":0.0,"max_hp_loss":0.0,"gold_gain":0.0,"event_name":"Vampires","player_choice":"Ignored","floor":22.0,"gold_loss":0.0,"damage_taken":0.0},{"damage_healed":0.0,"max_hp_gain":0.0,"max_hp_loss":0.0,"gold_gain":0.0,"event_name":"The Library","player_choice":"Read","floor":27.0,"gold_loss":0.0,"damage_taken":0.0,"cards_obtained":["Tempest"]},{"damage_healed":0.0,"max_hp_gain":0.0,"max_hp_loss":0.0,"gold_gain":0.0,"event_name":"MindBloom","player_choice":"Fight","floor":37.0,"gold_loss":0.0,"damage_taken":0.0},{"damage_healed":0.0,"max_hp_gain":0.0,"max_hp_loss":0.0,"gold_gain":0.0,"event_name":"Mysterious Sphere","player_choice":"Ignored","floor":39.0,"gold_loss":0.0,"damage_taken":0.0},{"cards_removed":["Tempest"],"damage_healed":0.0,"max_hp_gain":0.0,"max_hp_loss":0.0,"gold_gain":0.0,"event_name":"Falling","player_choice":"Removed Skill","floor":40.0,"gold_loss":0.0,"damage_taken":0.0}],"is_beta":true,"boss_relics":[{"not_picked":["Nuclear Battery","Runic Pyramid"],"picked":"White Beast Statue"},{"not_picked":["Eternal Feather","Black Star"],"picked":"Inserter"}],"items_purged_floors":[4],"is_endless":false,"potions_floor_spawned":[2,6,8,16,18,20,21,24,28,30,31,33,35,37,38,42,44,46,48],"ascension_level":3}