{"gold_per_floor":[112,112,92,104,51,77,77,111,111,139,159,7,32,49,49,126,126,126,126,126,126,37,37,37,37,37,37,37,37,37,37,37,37,37,37,0,0,0,0,0,0,0,0,0,0,0,0,0,0,0,0,0,0,0,0,0],"floor_reached":56,"playtime":4169,"items_purged":["Strike_R"],"score":2192,"play_id":"00c2062b-fdaa-4199-9d2e-6f854a8b557e","local_time":"20190516012828","is_ascension_mode":true,"campfire_choices":[{"data":"Bash","floor":7.0,"key":"SMITH"},{"data":"Battle Trance","floor":15.0,"key":"SMITH"},{"data":"Barricade","floor":25.0,"key":"SMITH"},{"floor":27.0,"key":"REST"},{"data":"Rage","floor":29.0,"key":"SMITH"},{"data":"Body Slam","floor":32.0,"key":"SMITH"},{"data":"Corruption","floor":40,"key":"SMITH"},{"floor":49,"key":"RECALL"},{"data":"Uppercut","floor":53,"key":"SMITH"}],"neow_cost":"NONE","seed_source_timestamp":0,"circlet_count":0,"master_deck":["AscendersBane","Bash+1","Anger","Thunderclap","Headbutt","Battle Trance+1","Rage+1","Spot Weakness+1","Flame Barrier+1","Armaments+1","Shrug It Off+1","Barricade+1","Power Through+1","Feel No Pain","Power Through+1","Body Slam+1","Limit Break+1","Heavy Blade","Uppercut","Corruption+1","Battle Trance+1","Entrench+1","Uppercut+1","Rage+1","Warcry+1","Discovery+1","Entrench+1","True Grit+1"],"special_seed":0,"relics":["Burning Blood","NeowsBlessing","Self Forming Clay","Pantograph","Toxic Egg 2","Shuriken","Ectoplasm","Tiny Chest","PreservedInsect","Ancient Tea Set","Pandora\u0027s Box","Red Mask","Letter Opener","Regal Pillow","Potion Belt","Centennial Puzzle","Pear"],"potions_floor_usage":[47,55,56,56],"damage_taken":[{"damage":0.0,"enemies":"2 Louse","floor":1.0,"turns":1.0},{"damage":0.0,"enemies":"Jaw Worm","floor":4.0,"turns":1.0},{"damage":0.0,"enemies":"Gremlin Nob","floor":6.0,"turns":1.0},{"damage":17.0,"enemies":"3 Sentries","floor":8.0,"turns":6.0},{"damage":11.0,"enemies":"Lagavulin","floor":10.0,"turns":6.0},{"damage":1.0,"enemies":"Cultist","floor":11.0,"turns":3.0},{"damage":36.0,"enemies":"Gremlin Nob","floor":13.0,"turns":4.0},{"damage":0.0,"enemies":"Lots of Slimes","floor":14.0,"turns":2.0},{"damage":31.0,"enemies":"Hexaghost","floor":16.0,"turns":7.0},{"damage":1.0,"enemies":"3 Byrds","floor":18.0,"turns":2.0},{"damage":13.0,"enemies":"Spheric Guardian","floor":19.0,"turns":5.0},{"damage":22.0,"enemies":"Book of Stabbing","floor":23.0,"turns":5.0},{"damage":15.0,"enemies":"Cultist and Chosen","floor":24.0,"turns":8.0},{"damage":20.0,"enemies":"Gremlin Leader","floor":28.0,"turns":8.0},{"damage":19.0,"enemies":"Book of Stabbing","floor":30.0,"turns":5.0},{"damage":2.0,"enemies":"Snake Plant","floor":31.0,"turns":5.0},{"damage":31.0,"enemies":"Collector","floor":33.0,"turns":11.0},{"damage":0.0,"enemies":"Orb Walker","floor":35.0,"turns":4.0},{"damage":1.0,"enemies":"3 Shapes","floor":37.0,"turns":6.0},{"damage":0,"enemies":"Spire Growth","floor":39,"turns":6},{"damage":0,"enemies":"Giant Head","floor":41,"turns":7},{"damage":4,"enemies":"Jaw Worm Horde","floor":42,"turns":5},{"damage":0,"enemies":"Nemesis","floor":45,"turns":5},{"damage":19,"enemies":"Transient","floor":46,"turns":6},{"damage":64,"enemies":"Giant Head","floor":47,"turns":8},{"damage":8,"enemies":"Awakened One","floor":50,"turns":14},{"damage":13,"enemies":"Time Eater","floor":51,"turns":12},{"damage":13,"enemies":"Shield and Spear","floor":55,"turns":5},{"damage":90,"enemies":"The Heart","floor":56,"turns":8}],"seed_played":"7631465488734145765","potions_obtained":[{"floor":1.0,"key":"SteroidPotion"},{"floor":3.0,"key":"PowerPotion"},{"floor":10.0,"key":"BloodPotion"},{"floor":11.0,"key":"Explosive Potion"},{"floor":28.0,"key":"Fire Potion"},{"floor":35.0,"key":"Ancient Potion"},{"floor":45,"key":"LiquidBronze"},{"floor":46,"key":"FearPotion"}],"is_trial":false,"path_per_floor":["M","?","?","M","$","E","R","E","T","E","M","$","E","M","R","B",null,"M","M","$","?","$","E","M","R","T","R","E","R","E","M","R","B",null,"M","?","M","?","M","R","E","M","T","?","E","M","E","$","R","B","B",null,"R","$","E","B"],"character_chosen":"IRONCLAD","items_purchased":["Headbutt","Flame Barrier+1","Feel No Pain"],"campfire_rested":1,"item_purchase_floors":[5,12,22],"current_hp_per_floor":[74,79,79,80,80,80,80,69,69,64,69,69,39,45,45,45,71,76,69,69,69,69,53,44,44,44,68,54,54,41,45,45,45,71,77,77,80,80,80,80,80,80,80,80,80,67,17,17,17,40,58,75,75,75,78,0],"gold":0,"neow_bonus":"THREE_ENEMY_KILL","is_prod":false,"is_daily":false,"chose_seed":false,"campfire_upgraded":7,"win_rate":0,"timestamp":1557995308,"path_taken":["M","?","?","?","$","E","R","E","T","E","M","$","E","M","R","BOSS","M","M","$","?","$","E","M","R","T","R","E","R","E","?","R","BOSS","M","?","M","?","M","R","E","M","T","?","E","?","E","?","R","BOSS","BOSS","R","$","E","BOSS"],"build_version":"2019-05-07","purchased_purges":1,"victory":false,"max_hp_per_floor":[75,80,80,80,80,80,80,80,80,80,80,80,80,80,80,80,80,80,80,80,80,80,80,80,80,80,80,80,80,80,80,80,80,80,80,80,80,80,80,80,80,80,80,80,80,80,80,80,80,80,80,80,80,80,90,90],"card_choices":[{"not_picked":["Second Wind","Headbutt"],"picked":"Anger","floor":1.0},{"not_picked":["Seeing Red","Thunderclap","Hemokinesis"],"picked":"SKIP","floor":4.0},{"not_picked":["Seeing Red","Hemokinesis"],"picked":"Thunderclap","floor":4.0},{"not_picked":["Pummel","Reckless Charge"],"picked":"Battle Trance","floor":6.0},{"not_picked":["Sword Boomerang","Clothesline"],"picked":"Rage","floor":8.0},{"not_picked":["Seeing Red+1","Thunderclap","Body Slam"],"picked":"SKIP","floor":10.0},{"not_picked":["Thunderclap","Perfected Strike"],"picked":"Spot Weakness+1","floor":11.0},{"not_picked":["Blood for Blood","Seeing Red+1"],"picked":"Armaments+1","floor":13.0},{"not_picked":["Armaments+1","Heavy Blade"],"picked":"Shrug It Off+1","floor":14.0},{"not_picked":["Feed","Impervious+1"],"picked":"Barricade","floor":16.0},{"not_picked":["Iron Wave","Flex+1","Bloodletting+1"],"picked":"SKIP","floor":18.0},{"not_picked":["Twin Strike","Cleave+1"],"picked":"Power Through+1","floor":19.0},{"not_picked":["Spot Weakness+1","Warcry+1"],"picked":"Power Through+1","floor":23.0},{"not_picked":["Heavy Blade","Dual Wield+1","Wild Strike"],"picked":"SKIP","floor":24.0},{"not_picked":["Iron Wave","Pummel","Brutality"],"picked":"SKIP","floor":28.0},{"not_picked":["Wild Strike+1","True Grit+1"],"picked":"Body Slam","floor":30.0},{"not_picked":["Clothesline","Perfected Strike","Dual Wield+1"],"picked":"SKIP","floor":31.0},{"not_picked":["Offering+1","Barricade"],"picked":"Limit Break+1","floor":33.0},{"not_picked":["Uppercut+1","Combust+1"],"picked":"Warcry+1","floor":35.0},{"not_picked":["Sever Soul","Metallicize","Combust"],"picked":"SKIP","floor":37.0},{"not_picked":["Sever Soul","Metallicize","Combust"],"picked":"SKIP","floor":37.0},{"not_picked":["Wild Strike","Pommel Strike","Heavy Blade"],"picked":"SKIP","floor":39},{"not_picked":["Heavy Blade+1","Iron Wave","Limit Break+1"],"picked":"SKIP","floor":41},{"not_picked":["Flex+1","Pommel Strike","Rampage+1"],"picked":"SKIP","floor":42},{"not_picked":["Jack Of All Trades+1","Metamorphosis+1"],"picked":"Discovery+1","floor":44},{"not_picked":["Seeing Red+1","Thunderclap","Havoc+1"],"picked":"SKIP","floor":45},{"not_picked":["Armaments+1","Sword Boomerang","Dual Wield+1"],"picked":"SKIP","floor":46},{"not_picked":["Iron Wave","Carnage"],"picked":"Entrench+1","floor":47},{"not_picked":["Thunderclap+1","Clothesline+1"],"picked":"True Grit+1","floor":55}],"player_experience":1258173,"relics_obtained":[{"floor":6.0,"key":"Self Forming Clay"},{"floor":8.0,"key":"Pantograph"},{"floor":9.0,"key":"Toxic Egg 2"},{"floor":13.0,"key":"Shuriken"},{"floor":23.0,"key":"Tiny Chest"},{"floor":28.0,"key":"PreservedInsect"},{"floor":30.0,"key":"Ancient Tea Set"},{"floor":41,"key":"Letter Opener"},{"floor":43,"key":"Regal Pillow"},{"floor":45,"key":"Potion Belt"},{"floor":47,"key":"Centennial Puzzle"},{"floor":55,"key":"Pear"}],"event_choices":[{"damage_healed":0.0,"max_hp_gain":5.0,"max_hp_loss":0.0,"gold_gain":0.0,"event_name":"Big Fish","player_choice":"Donut","floor":2.0,"gold_loss":0.0,"damage_taken":0.0},{"damage_healed":0.0,"max_hp_gain":0.0,"max_hp_loss":0.0,"gold_gain":0.0,"event_name":"The Woman in Blue","player_choice":"Bought 1 Potion","floor":3.0,"gold_loss":0.0,"damage_taken":0.0},{"cards_removed":["Strike_R"],"damage_healed":0.0,"max_hp_gain":0.0,"max_hp_loss":0.0,"gold_gain":0.0,"event_name":"Purifier","player_choice":"Purged","floor":21.0,"gold_loss":0.0,"damage_taken":0.0},{"damage_healed":0.0,"max_hp_gain":0.0,"max_hp_loss":0.0,"gold_gain":0.0,"event_name":"Tomb of Lord Red Mask","player_choice":"Paid","floor":36.0,"gold_loss":37.0,"damage_taken":0.0,"relics_obtained":["Red Mask"]},{"damage_healed":0,"gold_gain":0,"player_choice":"Ignored","damage_taken":0,"max_hp_gain":0,"max_hp_loss":0,"event_name":"Mysterious Sphere","floor":38,"gold_loss":0},{"damage_healed":0,"gold_gain":0,"player_choice":"Memory 1","damage_taken":0,"max_hp_gain":0,"max_hp_loss":0,"event_name":"SensoryStone","floor":44,"gold_loss":0}],"is_beta":true,"boss_relics":[{"not_picked":["Empty Cage","Mark of Pain"],"picked":"Ectoplasm"},{"not_picked":["Busted Crown","Runic Pyramid"],"picked":"Pandora\u0027s Box"}],"items_purged_floors":[12],"is_endless":false,"potions_floor_spawned":[1,6,10,11,24,28,30,35,45,46],"killed_by":"The Heart","ascension_level":20}