{"gold_per_floor":[110,130,205,205,36,36,76,76,76,94,94,94,135,135,135,228,228,242,242,266,65,65,65,103,83,83,83,99,132,79,79,79,79],"floor_reached":33,"playtime":2630,"items_purged":["Strike_G"],"score":674,"play_id":"051a7168-7529-4a91-81d4-a06de4a212e9","local_time":"20190718091421","is_ascension_mode":true,"campfire_choices":[{"data":"Well Laid Plans","floor":6,"key":"SMITH"},{"data":"Neutralize","floor":8,"key":"SMITH"},{"data":"Burst","floor":12,"key":"SMITH"},{"data":"Terror","floor":15,"key":"SMITH"},{"floor":23,"key":"REST"},{"data":"RitualDagger","floor":27,"key":"SMITH"},{"floor":32,"key":"REST"}],"neow_cost":"NONE","seed_source_timestamp":2102324988928200,"circlet_count":0,"master_deck":["AscendersBane","Strike_G+1","Strike_G+1","Strike_G+1","Defend_G+1","Defend_G+1","Defend_G+1","Defend_G+1","Defend_G+1","Survivor","Neutralize+1","Dagger Throw","Quick Slash","Flying Knee","Backflip","Well Laid Plans+1","Burst+1","Escape Plan","Terror+1","Die Die Die","Riddle With Holes","RitualDagger+1","Expertise","Blind","Dagger Spray","Heel Hook","Deflect","Backflip+1","PiercingWail","Writhe"],"relics":["Ring of the Snake","NeowsBlessing","Golden Idol","Gambling Chip","Art of War","Juzu Bracelet","Sozu","Bronze Scales","Strawberry","Paper Crane","Tingsha"],"potions_floor_usage":[33],"damage_taken":[{"damage":0,"enemies":"Cultist","floor":1,"turns":1},{"damage":0,"enemies":"Small Slimes","floor":2,"turns":1},{"damage":0,"enemies":"3 Sentries","floor":7,"turns":1},{"damage":0,"enemies":"2 Louse","floor":10,"turns":2},{"damage":22,"enemies":"Gremlin Nob","floor":13,"turns":4},{"damage":9,"enemies":"The Guardian","floor":16,"turns":14},{"damage":27,"enemies":"Spheric Guardian","floor":18,"turns":6},{"damage":5,"enemies":"2 Thieves","floor":20,"turns":3},{"damage":0,"enemies":"Gremlin Leader","floor":24,"turns":5},{"damage":0,"enemies":"3 Cultists","floor":28,"turns":4},{"damage":15,"enemies":"Book of Stabbing","floor":29,"turns":4},{"damage":68,"enemies":"Collector","floor":33,"turns":9}],"seed_played":"-4544270481263367911","potions_obtained":[{"floor":10,"key":"GamblersBrew"},{"floor":13,"key":"Ancient Potion"}],"is_trial":false,"path_per_floor":["M","M","?","?","$","R","E","R","T","M","?","R","E","?","R","B",null,"M","?","M","$","?","R","E","?","T","R","M","E","$","?","R","B"],"character_chosen":"THE_SILENT","items_purchased":["Flying Knee","Backflip","Well Laid Plans","Blind","Dagger Spray","PiercingWail"],"campfire_rested":2,"item_purchase_floors":[5,5,5,21,21,30],"current_hp_per_floor":[59,59,48,48,48,48,48,48,48,48,53,53,31,24,24,15,53,26,20,15,15,15,34,34,34,41,41,41,26,26,26,47,0],"gold":79,"neow_bonus":"THREE_ENEMY_KILL","is_prod":false,"is_daily":false,"chose_seed":false,"campfire_upgraded":5,"win_rate":0,"timestamp":1563466461,"path_taken":["M","?","?","?","$","R","E","R","T","M","?","R","E","?","R","BOSS","M","?","M","$","?","R","E","?","T","R","M","E","$","?","R","BOSS"],"build_version":"2019-07-10","purchased_purges":1,"victory":false,"max_hp_per_floor":[66,66,66,60,60,60,60,60,60,60,65,65,65,65,65,65,65,65,65,65,65,65,65,65,65,72,72,72,72,72,72,72,72],"card_choices":[{"not_picked":["Sucker Punch","Blade Dance"],"picked":"Dagger Throw","floor":1},{"not_picked":["Outmaneuver","Blade Dance"],"picked":"Quick Slash","floor":2},{"not_picked":["Slice","Deadly Poison"],"picked":"Burst","floor":7},{"not_picked":["Underhanded Strike","Blade Dance"],"picked":"Escape Plan","floor":10},{"not_picked":["Dodge and Roll","Dagger Spray"],"picked":"Terror","floor":13},{"not_picked":["Envenom","Storm of Steel"],"picked":"Die Die Die","floor":16},{"not_picked":["Catalyst","Reflex"],"picked":"Riddle With Holes","floor":18},{"not_picked":["Prepared","Acrobatics"],"picked":"Expertise","floor":20},{"not_picked":["Masterful Stab","Quick Slash"],"picked":"Heel Hook","floor":24},{"not_picked":["Flechettes","Expertise"],"picked":"Deflect","floor":28},{"not_picked":["Riddle With Holes","Cloak And Dagger+1"],"picked":"Backflip+1","floor":29}],"player_experience":3479274,"relics_obtained":[{"floor":7,"key":"Gambling Chip"},{"floor":9,"key":"Art of War"},{"floor":13,"key":"Juzu Bracelet"},{"floor":24,"key":"Bronze Scales"},{"floor":26,"key":"Strawberry"},{"floor":29,"key":"Paper Crane"}],"event_choices":[{"damage_healed":0,"gold_gain":75,"player_choice":"Gather Gold","damage_taken":11,"max_hp_gain":0,"max_hp_loss":0,"event_name":"World of Goop","floor":3,"gold_loss":0},{"damage_healed":0,"gold_gain":0,"player_choice":"Lose Max HP","damage_taken":0,"relics_obtained":["Golden Idol"],"max_hp_gain":0,"max_hp_loss":6,"event_name":"Golden Idol","floor":4,"gold_loss":0},{"damage_healed":0,"gold_gain":0,"player_choice":"Donut","damage_taken":0,"max_hp_gain":5,"max_hp_loss":0,"event_name":"Big Fish","floor":11,"gold_loss":0},{"cards_removed":["Strike_G"],"damage_healed":0,"gold_gain":0,"player_choice":"Card Removal","damage_taken":7,"max_hp_gain":0,"max_hp_loss":0,"event_name":"Golden Wing","floor":14,"gold_loss":0},{"damage_healed":0,"gold_gain":0,"player_choice":"Joined the Cult","damage_taken":6,"max_hp_gain":0,"max_hp_loss":0,"event_name":"Nest","floor":19,"gold_loss":0,"cards_obtained":["RitualDagger"]},{"damage_healed":0,"gold_gain":0,"player_choice":"Simplicity","damage_taken":0,"max_hp_gain":0,"max_hp_loss":0,"event_name":"Back to Basics","floor":22,"gold_loss":0,"cards_upgraded":["Strike_G","Strike_G","Strike_G","Defend_G","Defend_G","Defend_G","Defend_G","Defend_G"]},{"damage_healed":0,"gold_gain":0,"player_choice":"Bought 1 Potion","damage_taken":0,"max_hp_gain":0,"max_hp_loss":0,"event_name":"The Woman in Blue","floor":25,"gold_loss":0},{"damage_healed":0,"gold_gain":0,"player_choice":"Opened","damage_taken":0,"relics_obtained":["Tingsha"],"max_hp_gain":0,"max_hp_loss":0,"event_name":"The Mausoleum","floor":31,"gold_loss":0,"cards_obtained":["Writhe"]}],"is_beta":true,"boss_relics":[{"not_picked":["Lizard Tail","Cursed Key"],"picked":"Sozu"}],"items_purged_floors":[21],"is_endless":false,"potions_floor_spawned":[10,13,18,28],"killed_by":"Collector","ascension_level":20}