{"gold_per_floor":[116,4,14,28,28,28,59,59,59,90,102,122,152,16,16,91,91,91,91,16,16,16,16,16,16,16,16,16,16,16,16,16,16,16,16,16,16,16,16,16,16,16,16,16,16,16,16,16,16,16],"floor_reached":51,"playtime":3708,"items_purged":["Strike_G"],"score":1417,"play_id":"5c7c6add-f0b1-4671-9f8d-1f6cf23b0756","local_time":"20180716204417","is_ascension_mode":true,"campfire_choices":[{"data":"Neutralize","floor":6,"key":"SMITH"},{"data":"Malaise","floor":8,"key":"SMITH"},{"data":"After Image","floor":15,"key":"SMITH"},{"data":"Cloak And Dagger","floor":23,"key":"SMITH"},{"floor":25,"key":"REST"},{"data":"Bouncing Flask","floor":27,"key":"SMITH"},{"data":"Storm of Steel","floor":32,"key":"SMITH"},{"data":"Finisher","floor":40,"key":"SMITH"},{"data":"Expertise","floor":42,"key":"SMITH"},{"data":"Deadly Poison","floor":46,"key":"SMITH"},{"data":"After Image","floor":49,"key":"SMITH"}],"neow_cost":"NONE","seed_source_timestamp":685756617763442,"circlet_count":0,"master_deck":["Defend_G","Defend_G","Defend_G","Defend_G","Defend_G","Strike_G","Survivor","Neutralize+1","AscendersBane","Slice","Infinite Blades+1","PiercingWail","Slice","Malaise+1","Bouncing Flask+1","Leg Sweep","Finisher+1","After Image+1","A Thousand Cuts+1","Backflip","Cloak And Dagger+1","Expertise+1","Expertise+1","Deflect","Acrobatics","Storm of Steel+1","Wraith Form v2","Escape Plan+1","Blur+1","Bane+1","Expertise","Madness","Madness","Deadly Poison+1","After Image+1"],"relics":["WristBlade","Paper Crane","Mummified Hand","Gambling Chip","Tiny Chest","Ectoplasm","Bag of Marbles","Bag of Preparation","Astrolabe","Snake Skull","Blood Vial","Bronze Scales","Shuriken"],"potions_floor_usage":[33,41,50,50],"damage_taken":[{"damage":2,"enemies":"2 Louse","floor":1,"turns":4},{"damage":0,"enemies":"Small Slimes","floor":3,"turns":3},{"damage":4,"enemies":"Jaw Worm","floor":4,"turns":3},{"damage":17,"enemies":"Gremlin Nob","floor":7,"turns":4},{"damage":6,"enemies":"3 Sentries","floor":10,"turns":8},{"damage":0,"enemies":"Exordium Wildlife","floor":11,"turns":4},{"damage":0,"enemies":"3 Louse","floor":12,"turns":4},{"damage":0,"enemies":"Hexaghost","floor":16,"turns":9},{"damage":0,"enemies":"Spheric Guardian","floor":18,"turns":5},{"damage":1,"enemies":"2 Thieves","floor":20,"turns":5},{"damage":15,"enemies":"Snake Plant","floor":21,"turns":6},{"damage":0,"enemies":"Sentry and Sphere","floor":24,"turns":5},{"damage":0,"enemies":"Snecko","floor":28,"turns":4},{"damage":0,"enemies":"Centurion and Healer","floor":29,"turns":3},{"damage":0,"enemies":"Cultist and Chosen","floor":30,"turns":4},{"damage":0,"enemies":"Slavers","floor":31,"turns":4},{"damage":8,"enemies":"Champ","floor":33,"turns":9},{"damage":0,"enemies":"3 Darklings","floor":35,"turns":6},{"damage":0,"enemies":"Flame Bruiser 1 Orb","floor":36,"turns":6},{"damage":0,"enemies":"Transient","floor":37,"turns":5},{"damage":0,"enemies":"3 Darklings","floor":39,"turns":4},{"damage":4,"enemies":"Giant Head","floor":41,"turns":8},{"damage":6,"enemies":"Nemesis","floor":44,"turns":7},{"damage":0,"enemies":"Sphere and 2 Shapes","floor":45,"turns":3},{"damage":0,"enemies":"Giant Head","floor":47,"turns":7},{"damage":34,"enemies":"Time Eater","floor":50,"turns":12}],"seed_played":"-8327736201161424513","potions_obtained":[{"floor":3,"key":"PowerPotion"},{"floor":10,"key":"AttackPotion"},{"floor":12,"key":"Block Potion"},{"floor":20,"key":"GhostInAJar"},{"floor":29,"key":"Regen Potion"},{"floor":31,"key":"GhostInAJar"},{"floor":33,"key":"GamblersBrew"},{"floor":35,"key":"Block Potion"},{"floor":36,"key":"Fruit Juice"},{"floor":41,"key":"AttackPotion"}],"is_trial":false,"path_per_floor":["M","$","M","M","?","R","E","R","T","E","M","M","?","$","R","B",null,"M","?","M","M","?","R","M","R","T","R","M","M","M","E","R","B",null,"M","M","M","?","M","R","E","R","T","E","M","R","E","$","R","B"],"character_chosen":"THE_SILENT","items_purchased":["Infinite Blades","After Image"],"campfire_rested":1,"item_purchase_floors":[2,14],"current_hp_per_floor":[57,57,57,53,53,53,36,36,36,30,30,30,30,30,30,30,57,57,45,44,29,29,29,29,50,50,50,50,50,50,50,50,42,64,64,64,64,55,55,55,56,56,56,52,54,54,56,56,56,24],"gold":16,"neow_bonus":"BOSS_RELIC","is_prod":false,"is_daily":false,"chose_seed":false,"campfire_upgraded":10,"win_rate":0,"timestamp":1531799057,"path_taken":["M","$","M","M","?","R","E","R","T","E","M","M","?","$","R","BOSS","M","?","M","M","?","R","M","R","T","R","M","?","M","E","R","BOSS","M","?","?","?","M","R","E","R","T","E","?","R","E","?","R","BOSS"],"build_version":"2018-07-13","purchased_purges":1,"victory":true,"max_hp_per_floor":[66,66,66,66,66,66,66,66,66,66,66,66,66,66,66,66,66,66,71,71,71,71,71,71,71,71,71,71,71,71,71,71,71,71,71,71,71,71,71,71,76,76,76,76,76,76,76,76,76,76],"card_choices":[{"not_picked":["Finisher","Caltrops"],"picked":"Slice","floor":1},{"not_picked":["Deadly Poison","Blur"],"picked":"PiercingWail","floor":3},{"not_picked":["Poisoned Stab","Masterful Stab"],"picked":"Slice","floor":4},{"not_picked":["Escape Plan","Reflex"],"picked":"Malaise","floor":7},{"not_picked":["Bouncing Flask","Crippling Poison","Bane"],"picked":"SKIP","floor":10},{"not_picked":["Crippling Poison","Bane"],"picked":"Bouncing Flask","floor":10},{"not_picked":["Concentrate","Deadly Poison"],"picked":"Leg Sweep","floor":11},{"not_picked":["Flying Knee","Underhanded Strike"],"picked":"Finisher","floor":12},{"not_picked":["After Image","Tools of the Trade"],"picked":"A Thousand Cuts","floor":16},{"not_picked":["Deadly Poison","Outmaneuver"],"picked":"Backflip","floor":18},{"not_picked":["Dagger Spray","Quick Slash"],"picked":"Cloak And Dagger","floor":20},{"not_picked":["Dagger Spray+1","Bane","Heel Hook"],"picked":"SKIP","floor":21},{"not_picked":["Masterful Stab","Outmaneuver"],"picked":"Expertise","floor":24},{"not_picked":["Concentrate","Underhanded Strike"],"picked":"Expertise+1","floor":28},{"not_picked":["Quick Slash+1","Prepared"],"picked":"Deflect","floor":29},{"not_picked":["Finisher+1","Deadly Poison"],"picked":"Acrobatics","floor":30},{"not_picked":["Riddle With Holes","Choke"],"picked":"Storm of Steel","floor":31},{"not_picked":["Venomology","Burst"],"picked":"Wraith Form v2","floor":33},{"not_picked":["Poisoned Stab","PiercingWail","Quick Slash"],"picked":"SKIP","floor":35},{"not_picked":["Blur","Slice","Bane+1"],"picked":"SKIP","floor":36},{"not_picked":["Flying Knee","Deadly Poison"],"picked":"Expertise","floor":37},{"not_picked":["Bouncing Flask","Underhanded Strike+1","Outmaneuver"],"picked":"SKIP","floor":39},{"not_picked":["Reflex","Dodge and Roll+1","Dagger Spray+1"],"picked":"SKIP","floor":41},{"not_picked":["Underhanded Strike","Quick Slash","Deflect"],"picked":"SKIP","floor":44},{"not_picked":["Sucker Punch","Concentrate"],"picked":"Deadly Poison","floor":45},{"not_picked":["Finisher","Dodge and Roll+1"],"picked":"After Image","floor":47}],"player_experience":839129,"relics_obtained":[{"floor":7,"key":"Paper Crane"},{"floor":9,"key":"Mummified Hand"},{"floor":10,"key":"Gambling Chip"},{"floor":26,"key":"Bag of Marbles"},{"floor":31,"key":"Bag of Preparation"},{"floor":41,"key":"Snake Skull"},{"floor":43,"key":"Blood Vial"},{"floor":44,"key":"Bronze Scales"},{"floor":47,"key":"Shuriken"}],"event_choices":[{"event_name":"Living Wall","player_choice":"Grow","floor":5,"damage_taken":0},{"event_name":"Dead Adventurer","player_choice":"Searched \u00271\u0027 times","floor":13,"damage_taken":0},{"event_name":"Forgotten Altar","player_choice":"Shed Blood","floor":19,"damage_taken":0},{"event_name":"Upgrade Shrine","player_choice":"Upgraded","floor":22,"damage_taken":0},{"event_name":"Winding Halls","player_choice":"Embrace Madness","floor":38,"damage_taken":0}],"boss_relics":[{"not_picked":["Philosopher\u0027s Stone","Fusion Hammer"],"picked":"Ectoplasm"},{"not_picked":["Runic Dome","Snecko Eye"],"picked":"Astrolabe"}],"items_purged_floors":[2],"is_endless":false,"potions_floor_spawned":[3,10,11,12,20,21,29,31,33,35,36,39,41],"ascension_level":14}