{"gold_per_floor":[217,26,45,59,59,59,94,94,118,132,205,47,47,78,78,150,150,168,93,107,107,107,107,107,122,177,177,193,193,193,207,207,281,281,299,310,410,428,238,250,250,250,250,277,277,291,166,177,177,177,177],"floor_reached":52,"playtime":2958,"items_purged":["Strike_R","Strike_R","Strike_R"],"score":1755,"play_id":"235988e4-31e9-4200-a2f8-a323837cd2f7","local_time":"20181111044905","is_ascension_mode":true,"campfire_choices":[{"data":"Bash","floor":6.0,"key":"SMITH"},{"data":"True Grit","floor":8.0,"key":"SMITH"},{"data":"Uppercut","floor":15.0,"key":"SMITH"},{"floor":23.0,"key":"REST"},{"data":"True Grit","floor":27,"key":"SMITH"},{"data":"Rampage","floor":29,"key":"SMITH"},{"data":"Feel No Pain","floor":32,"key":"SMITH"},{"data":"True Grit","floor":41,"key":"SMITH"},{"floor":49,"key":"REST"}],"neow_cost":"NONE","seed_source_timestamp":0,"circlet_count":0,"master_deck":["AscendersBane","Strike_R","Defend_R","Defend_R","Defend_R","Defend_R","Bash+1","Cleave","True Grit+1","Iron Wave","True Grit+1","Rampage+1","Uppercut+1","Dark Embrace","Feel No Pain","Clothesline+1","Feel No Pain+1","True Grit+1","Spot Weakness","Demon Form","Headbutt","Flame Barrier","Bludgeon","Corruption"],"special_seed":0,"relics":["Burning Blood","Bag of Marbles","PreservedInsect","Happy Flower","Vajra","Meat on the Bone","Mercury Hourglass","Snecko Eye","Mummified Hand","Red Skull","Sozu","Champion Belt","Kunai","Centennial Puzzle"],"potions_floor_usage":[38],"damage_taken":[{"damage":14.0,"enemies":"Jaw Worm","floor":1.0,"turns":5.0},{"damage":0.0,"enemies":"2 Louse","floor":3.0,"turns":3.0},{"damage":0.0,"enemies":"Cultist","floor":4.0,"turns":3.0},{"damage":43.0,"enemies":"3 Sentries","floor":7.0,"turns":10.0},{"damage":0.0,"enemies":"2 Fungi Beasts","floor":10.0,"turns":3.0},{"damage":8.0,"enemies":"Gremlin Nob","floor":14.0,"turns":3.0},{"damage":48.0,"enemies":"Slime Boss","floor":16.0,"turns":13.0},{"damage":1.0,"enemies":"2 Thieves","floor":18.0,"turns":2.0},{"damage":27.0,"enemies":"Spheric Guardian","floor":20.0,"turns":6.0},{"damage":26.0,"enemies":"Shelled Parasite and Fungi","floor":25.0,"turns":6.0},{"damage":13,"enemies":"Snake Plant","floor":28,"turns":2},{"damage":0,"enemies":"Cultist and Chosen","floor":31,"turns":5},{"damage":25,"enemies":"Automaton","floor":33,"turns":10},{"damage":37,"enemies":"3 Darklings","floor":35,"turns":6},{"damage":0,"enemies":"Orb Walker","floor":36,"turns":2},{"damage":1,"enemies":"Mind Bloom Boss Battle","floor":37,"turns":5},{"damage":46,"enemies":"3 Darklings","floor":38,"turns":6},{"damage":0,"enemies":"4 Shapes","floor":40,"turns":4},{"damage":0,"enemies":"Reptomancer","floor":44,"turns":3},{"damage":30,"enemies":"Spire Growth","floor":46,"turns":3},{"damage":20,"enemies":"Jaw Worm Horde","floor":48,"turns":3},{"damage":33,"enemies":"Donu and Deca","floor":50,"turns":10},{"damage":19,"enemies":"Time Eater","floor":51,"turns":8}],"seed_played":"-6920525760346589070","potions_obtained":[{"floor":3.0,"key":"EssenceOfSteel"},{"floor":7.0,"key":"BloodPotion"},{"floor":14.0,"key":"SkillPotion"},{"floor":20.0,"key":"Poison Potion"},{"floor":33,"key":"Energy Potion"}],"is_trial":false,"path_per_floor":["M","$","M","M","$","R","E","R","T","M","?","$","?","E","R","B",null,"M","$","M","?","T","R","?","M","T","R","M","R","?","M","R","B",null,"M","M","?","M","$","M","R","?","T","E","?","M","$","M","R","B","B",null],"character_chosen":"IRONCLAD","items_purchased":["Bag of Marbles","True Grit","Vajra","Corruption"],"campfire_rested":2,"item_purchase_floors":[2,2,12,39],"current_hp_per_floor":[60,60,66,72,72,72,35,35,35,41,41,41,41,51,51,21,62,67,67,46,25,25,49,49,41,41,41,46,46,46,52,52,45,71,52,58,63,35,35,53,53,53,53,59,59,47,47,45,69,54,53],"gold":177,"neow_bonus":"HUNDRED_GOLD","is_prod":false,"is_daily":false,"chose_seed":false,"campfire_upgraded":7,"win_rate":0,"timestamp":1541940545,"path_taken":["M","$","M","M","$","R","E","R","T","M","?","$","?","E","R","BOSS","M","$","?","?","?","R","?","M","T","R","?","R","?","?","R","BOSS","M","M","?","M","$","M","R","?","T","E","?","M","$","M","R","BOSS","BOSS"],"build_version":"2018-11-08","purchased_purges":3,"victory":true,"max_hp_per_floor":[75,75,75,75,75,75,75,75,75,75,75,75,75,75,75,75,75,75,75,75,80,80,80,80,80,80,80,80,80,80,80,80,80,80,80,80,80,80,80,80,80,80,80,80,80,80,80,80,80,80,80],"card_choices":[{"not_picked":["Havoc","Feel No Pain"],"picked":"Cleave","floor":1.0},{"not_picked":["Pommel Strike","Shrug It Off"],"picked":"Iron Wave","floor":3.0},{"not_picked":["Warcry","Intimidate"],"picked":"True Grit","floor":4.0},{"not_picked":["Juggernaut","Combust"],"picked":"Rampage","floor":7.0},{"not_picked":["Anger","Cleave"],"picked":"Uppercut","floor":10.0},{"not_picked":["Clothesline","Pummel","Body Slam"],"picked":"SKIP","floor":14.0},{"not_picked":["Double Tap","Fiend Fire"],"picked":"Dark Embrace","floor":16.0},{"not_picked":["Headbutt","Havoc"],"picked":"Feel No Pain","floor":18.0},{"not_picked":["Sentinel","Flame Barrier"],"picked":"Clothesline+1","floor":20.0},{"not_picked":["Reckless Charge+1","Perfected Strike","Anger"],"picked":"SKIP","floor":25.0},{"not_picked":["Infernal Blade","Clothesline+1"],"picked":"True Grit","floor":28},{"not_picked":["Power Through","Sentinel"],"picked":"Spot Weakness","floor":31},{"not_picked":["Juggernaut","Berserk"],"picked":"Demon Form","floor":33},{"not_picked":["Sentinel","Body Slam+1"],"picked":"Headbutt","floor":35},{"not_picked":["Perfected Strike+1","True Grit"],"picked":"Flame Barrier","floor":36},{"not_picked":["Wild Strike","Iron Wave"],"picked":"Bludgeon","floor":38},{"not_picked":["Sever Soul","True Grit","Havoc"],"picked":"SKIP","floor":40},{"not_picked":["Flex","Pummel","Immolate"],"picked":"SKIP","floor":44},{"not_picked":["Headbutt","Clash","Bloodletting"],"picked":"SKIP","floor":46},{"not_picked":["Perfected Strike","Sword Boomerang","Fire Breathing"],"picked":"SKIP","floor":48}],"player_experience":1062274,"relics_obtained":[{"floor":7.0,"key":"PreservedInsect"},{"floor":9.0,"key":"Happy Flower"},{"floor":14.0,"key":"Mercury Hourglass"},{"floor":22.0,"key":"Mummified Hand"},{"floor":26.0,"key":"Red Skull"},{"floor":37,"key":"Champion Belt"},{"floor":43,"key":"Kunai"},{"floor":44,"key":"Centennial Puzzle"}],"event_choices":[{"damage_healed":0.0,"max_hp_gain":0.0,"max_hp_loss":0.0,"gold_gain":73.0,"event_name":"Golden Wing","player_choice":"Gained Gold","floor":11.0,"gold_loss":0.0,"damage_taken":0.0},{"damage_healed":0.0,"max_hp_gain":0.0,"max_hp_loss":0.0,"gold_gain":0.0,"event_name":"WeMeetAgain","player_choice":"Gave Potion","floor":13.0,"gold_loss":0.0,"damage_taken":0.0,"relics_obtained":["Meat on the Bone"]},{"damage_healed":0.0,"max_hp_gain":5.0,"max_hp_loss":0.0,"gold_gain":0.0,"event_name":"Forgotten Altar","player_choice":"Shed Blood","floor":21.0,"gold_loss":0.0,"damage_taken":26.0},{"damage_healed":0.0,"max_hp_gain":0.0,"max_hp_loss":0.0,"gold_gain":0.0,"event_name":"Duplicator","player_choice":"Copied","floor":24.0,"gold_loss":0.0,"damage_taken":0.0,"cards_obtained":["Feel No Pain"]},{"cards_removed":["Strike_R"],"damage_healed":0,"gold_gain":0,"player_choice":"Purged","damage_taken":0,"max_hp_gain":0,"max_hp_loss":0,"event_name":"Purifier","floor":30,"gold_loss":0},{"damage_healed":0,"gold_gain":0,"player_choice":"Fight","damage_taken":0,"max_hp_gain":0,"max_hp_loss":0,"event_name":"MindBloom","floor":37,"gold_loss":0},{"damage_healed":0,"gold_gain":0,"player_choice":"Ignored","damage_taken":0,"max_hp_gain":0,"max_hp_loss":0,"event_name":"Mysterious Sphere","floor":42,"gold_loss":0},{"damage_healed":0,"gold_gain":0,"player_choice":"Ignored","damage_taken":0,"max_hp_gain":0,"max_hp_loss":0,"event_name":"Tomb of Lord Red Mask","floor":45,"gold_loss":0}],"is_beta":true,"boss_relics":[{"not_picked":["Calling Bell","Orrery"],"picked":"Snecko Eye"},{"not_picked":["Coffee Dripper","Runic Pyramid"],"picked":"Sozu"}],"items_purged_floors":[19,39,47],"is_endless":false,"potions_floor_spawned":[3,7,14,20,28,33,37,38,40,44,48],"ascension_level":20}