{"gold_per_floor":[115,115,115,134,150,183,183,196,244,14,25,25,35,64,64,64],"floor_reached":16,"playtime":834,"items_purged":[],"score":224,"play_id":"6c12d458-6e88-4a70-a0fa-832f83dd392a","local_time":"20190804172249","is_ascension_mode":true,"campfire_choices":[{"data":"Rainbow","floor":7.0,"key":"SMITH"},{"data":"Consume","floor":12.0,"key":"SMITH"},{"data":"Loop","floor":15,"key":"SMITH"}],"neow_cost":"NONE","seed_source_timestamp":3602107496197100,"circlet_count":0,"master_deck":["AscendersBane","Strike_B","Strike_B","Strike_B","Defend_B","Defend_B","Defend_B","Defend_B","Zap","Dualcast","Compile Driver","Steam","Rip and Tear","Go for the Eyes","Rainbow+1","Consume+1","Coolheaded","Loop+1","Glacier"],"special_seed":0,"relics":["Cracked Core","Mercury Hourglass","CultistMask","Oddly Smooth Stone","Dream Catcher","Membership Card","Emotion Chip"],"potions_floor_usage":[14,14],"damage_taken":[{"damage":2.0,"enemies":"Jaw Worm","floor":1.0,"turns":4.0},{"damage":2.0,"enemies":"2 Louse","floor":4.0,"turns":2.0},{"damage":0.0,"enemies":"Cultist","floor":5.0,"turns":2.0},{"damage":22.0,"enemies":"3 Sentries","floor":6.0,"turns":9.0},{"damage":0.0,"enemies":"2 Fungi Beasts","floor":8.0,"turns":2.0},{"damage":4.0,"enemies":"3 Louse","floor":11.0,"turns":2.0},{"damage":0.0,"enemies":"Exordium Wildlife","floor":13.0,"turns":2.0},{"damage":4,"enemies":"Lagavulin","floor":14,"turns":5},{"damage":36,"enemies":"The Guardian","floor":16,"turns":2}],"seed_played":"-771201792317021355","potions_obtained":[{"floor":1.0,"key":"Dexterity Potion"},{"floor":5.0,"key":"Regen Potion"},{"floor":6.0,"key":"FocusPotion"},{"floor":13.0,"key":"AttackPotion"}],"is_trial":false,"path_per_floor":["M","?","?","M","M","E","R","M","T","$","M","R","M","E","R","B"],"character_chosen":"DEFECT","items_purchased":["Membership Card"],"campfire_rested":0,"item_purchase_floors":[10],"current_hp_per_floor":[62,36,36,34,34,27,27,27,27,27,23,23,23,19,19,0],"gold":64,"neow_bonus":"TRANSFORM_CARD","is_prod":false,"is_daily":false,"chose_seed":false,"campfire_upgraded":3,"win_rate":0,"timestamp":1564964569,"path_taken":["M","?","?","M","M","E","R","M","T","$","M","R","M","E","R","BOSS"],"build_version":"2019-07-18","purchased_purges":0,"victory":false,"max_hp_per_floor":[71,71,71,71,71,71,71,71,71,71,71,71,71,71,71,71],"card_choices":[{"not_picked":["Force Field","Gash"],"picked":"Steam","floor":1.0},{"not_picked":["Turbo","Sunder"],"picked":"Rip and Tear","floor":4.0},{"not_picked":["Hologram","Leap"],"picked":"Go for the Eyes","floor":5.0},{"not_picked":["Skim","Reboot"],"picked":"Rainbow","floor":6.0},{"not_picked":["Beam Cell","Steam"],"picked":"Consume","floor":8.0},{"not_picked":["Recycle","Turbo"],"picked":"Coolheaded","floor":11.0},{"not_picked":["Hologram","BootSequence"],"picked":"Loop","floor":13.0},{"not_picked":["Cold Snap","Rip and Tear"],"picked":"Glacier","floor":14}],"player_experience":3513588,"relics_obtained":[{"floor":6.0,"key":"Oddly Smooth Stone"},{"floor":9.0,"key":"Dream Catcher"},{"floor":14,"key":"Emotion Chip"}],"event_choices":[{"damage_healed":0.0,"max_hp_gain":0.0,"max_hp_loss":0.0,"gold_gain":0.0,"event_name":"Scrap Ooze","player_choice":"Success","floor":2.0,"gold_loss":0.0,"damage_taken":26.0,"relics_obtained":["Mercury Hourglass"]},{"damage_healed":0.0,"max_hp_gain":0.0,"max_hp_loss":0.0,"gold_gain":0.0,"event_name":"FaceTrader","player_choice":"Trade","floor":3.0,"gold_loss":0.0,"damage_taken":0.0,"relics_obtained":["CultistMask"]}],"is_beta":true,"boss_relics":[],"items_purged_floors":[],"is_endless":false,"potions_floor_spawned":[1,5,6,13],"killed_by":"The Guardian","ascension_level":20}