{"gold_per_floor":[113,263,188,200,125,125,137,164,187,187,203,233,233,233,233,305,305,317,317,43,43],"floor_reached":21,"playtime":843,"items_purged":["Doubt"],"score":349,"play_id":"23a15bb1-7bdf-42a0-bdd2-3a623aea29e2","local_time":"20180805222610","is_ascension_mode":true,"campfire_choices":[{"data":"Zap","floor":6,"key":"SMITH"},{"data":"Defragment","floor":10,"key":"SMITH"},{"floor":13,"key":"REST"},{"floor":15,"key":"REST"}],"neow_cost":"","seed_source_timestamp":278612960058544,"circlet_count":0,"master_deck":["Strike_B","Strike_B+1","Strike_B","Defend_B","Defend_B","Defend_B","Defend_B+1","Zap+1","Dualcast","AscendersBane","Undo","Sweeping Beam","Defragment+1","Rip and Tear","Doom and Gloom","Glacier","All For One","White Noise","Ghostly","Ghostly","Ghostly","Ghostly","Ghostly","Self Repair"],"relics":["Cracked Core","Centennial Puzzle","Art of War","Lantern","Philosopher\u0027s Stone","Gremlin Horn"],"potions_floor_usage":[12,12],"damage_taken":[{"damage":5,"enemies":"Small Slimes","floor":1,"turns":3},{"damage":0,"enemies":"2 Louse","floor":4,"turns":2},{"damage":2,"enemies":"Jaw Worm","floor":7,"turns":5},{"damage":18,"enemies":"3 Sentries","floor":8,"turns":6},{"damage":15,"enemies":"Exordium Wildlife","floor":11,"turns":4},{"damage":12,"enemies":"Gremlin Nob","floor":12,"turns":5},{"damage":12,"enemies":"Hexaghost","floor":16,"turns":10},{"damage":13,"enemies":"Shell Parasite","floor":18,"turns":6},{"damage":38,"enemies":"3 Byrds","floor":21,"turns":5}],"seed_played":"9096686069188176594","potions_obtained":[{"floor":1,"key":"Block Potion"},{"floor":8,"key":"SpeedPotion"}],"is_trial":false,"path_per_floor":["M","?","$","M","?","R","M","E","T","R","M","E","R","?","R","B",null,"M","?","$"],"character_chosen":"DEFECT","items_purchased":["Self Repair","Gremlin Horn"],"campfire_rested":2,"item_purchase_floors":[20,20],"current_hp_per_floor":[59,59,59,59,59,59,57,39,39,39,24,12,33,12,33,21,59,46,35,35,0],"gold":43,"neow_bonus":"","is_prod":false,"is_daily":false,"chose_seed":false,"campfire_upgraded":2,"win_rate":0,"timestamp":1533533170,"path_taken":["M","?","$","M","?","R","M","E","T","R","?","E","R","?","R","BOSS","M","?","$","M"],"build_version":"2018-08-01","purchased_purges":1,"victory":false,"max_hp_per_floor":[71,71,71,71,71,71,71,71,71,71,71,71,71,71,71,71,71,71,35,35,35],"card_choices":[{"not_picked":["Redo","Heatsinks"],"picked":"Undo","floor":1},{"not_picked":["Storm","Leap"],"picked":"Sweeping Beam","floor":4},{"not_picked":["Streamline","Gash"],"picked":"Defragment","floor":7},{"not_picked":["Auto Shields","Skim"],"picked":"Rip and Tear","floor":8},{"not_picked":["Steam","Beam Cell"],"picked":"Doom and Gloom","floor":11},{"not_picked":["Steam","Beam Cell"],"picked":"Glacier","floor":12},{"not_picked":["Amplify","Reboot"],"picked":"All For One","floor":16},{"not_picked":["Chaos","Aggregate"],"picked":"White Noise","floor":18}],"player_experience":899131,"relics_obtained":[{"floor":8,"key":"Centennial Puzzle"},{"floor":9,"key":"Art of War"},{"floor":12,"key":"Lantern"}],"event_choices":[{"event_name":"Liars Game","player_choice":"agreed","floor":2,"damage_taken":0},{"event_name":"The Cleric","player_choice":"Card Removal","floor":5,"damage_taken":0},{"event_name":"Shining Light","player_choice":"Entered Light","floor":14,"damage_taken":0},{"event_name":"Ghosts","player_choice":"Became a Ghost","floor":19,"damage_taken":0}],"is_beta":true,"boss_relics":[{"not_picked":["Tiny House","Empty Cage"],"picked":"Philosopher\u0027s Stone"}],"items_purged_floors":[3],"is_endless":false,"potions_floor_spawned":[1,8],"killed_by":"3 Byrds","ascension_level":15}