{"gold_per_floor":[11,11,30,30,44,76,76,76],"floor_reached":8,"playtime":234,"items_purged":[],"score":112,"play_id":"266066c2-6a54-4ccb-8416-7dd34a697a51","local_time":"20190607230958","is_ascension_mode":true,"campfire_choices":[{"data":"Feed","floor":7,"key":"SMITH"}],"neow_cost":"NO_GOLD","seed_source_timestamp":3715315329287742,"circlet_count":0,"master_deck":["AscendersBane","Strike_R","Strike_R","Strike_R","Strike_R","Defend_R","Defend_R","Defend_R","Defend_R","Bash+1","Feed+1","Thunderclap","Spot Weakness","Clothesline","Disarm"],"relics":["Burning Blood","Paper Frog"],"potions_floor_usage":[8],"damage_taken":[{"damage":1,"enemies":"2 Louse","floor":1,"turns":2},{"damage":4,"enemies":"Small Slimes","floor":3,"turns":3},{"damage":12,"enemies":"Jaw Worm","floor":5,"turns":2},{"damage":45,"enemies":"Lagavulin","floor":6,"turns":7},{"damage":41,"enemies":"Gremlin Nob","floor":8,"turns":4}],"seed_played":"8138992160448934995","potions_obtained":[{"floor":6,"key":"Dexterity Potion"}],"is_trial":false,"path_per_floor":["M","?","M","?","M","E","R","E"],"character_chosen":"IRONCLAD","items_purchased":[],"campfire_rested":0,"item_purchase_floors":[],"current_hp_per_floor":[76,76,81,74,71,35,35,0],"gold":76,"neow_bonus":"THREE_RARE_CARDS","is_prod":false,"is_daily":false,"chose_seed":false,"campfire_upgraded":1,"win_rate":0,"timestamp":1559974198,"path_taken":["M","?","M","?","M","E","R","E"],"build_version":"2019-06-05","purchased_purges":0,"victory":false,"max_hp_per_floor":[78,78,81,81,84,87,87,87],"card_choices":[{"not_picked":["Barricade","Limit Break"],"picked":"Feed","floor":0},{"not_picked":["Perfected Strike","Pommel Strike"],"picked":"Thunderclap","floor":1},{"not_picked":["Sentinel","Searing Blow"],"picked":"Spot Weakness","floor":3},{"not_picked":["Thunderclap","Sentinel"],"picked":"Clothesline","floor":5},{"not_picked":["Clash","True Grit"],"picked":"Disarm","floor":6}],"player_experience":1325925,"relics_obtained":[{"floor":6,"key":"Paper Frog"}],"event_choices":[{"damage_healed":0,"gold_gain":0,"player_choice":"Grow","damage_taken":0,"max_hp_gain":0,"max_hp_loss":0,"event_name":"Living Wall","floor":2,"gold_loss":0,"cards_upgraded":["Bash"]},{"cards_removed":["Strike_R"],"damage_healed":0,"gold_gain":0,"player_choice":"Card Removal","damage_taken":7,"max_hp_gain":0,"max_hp_loss":0,"event_name":"Golden Wing","floor":4,"gold_loss":0}],"is_beta":true,"boss_relics":[],"items_purged_floors":[],"is_endless":false,"potions_floor_spawned":[6],"killed_by":"Gremlin Nob","ascension_level":20}