{"gold_per_floor":[119,119,129,75,90,90,122,122,122,122,122,155,169,169,169,242,292,307,61,61,61,78,78,96,96,96,96,106,126,126,21,21,21],"floor_reached":33,"playtime":1780,"items_purged":[],"score":506,"play_id":"1bea7790-83be-4e14-aa56-41b662ffa6dc","local_time":"20181218155353","is_ascension_mode":true,"campfire_choices":[{"data":"Zap","floor":6,"key":"SMITH"},{"floor":8,"key":"REST"},{"data":"Hologram","floor":10,"key":"SMITH"},{"floor":15,"key":"REST"},{"floor":23,"key":"REST"},{"data":"Defragment","floor":25,"key":"SMITH"},{"floor":27,"key":"REST"},{"floor":30,"key":"REST"},{"data":"Go for the Eyes","floor":32,"key":"SMITH"}],"neow_cost":"NONE","seed_source_timestamp":7651637255090642,"circlet_count":0,"master_deck":["AscendersBane","Strike_B+1","Defend_B","Defend_B","Defend_B","Defend_B","Zap+1","Dualcast","Compile Driver","Hologram+1","Sweeping Beam","Gash","Cold Snap","Go for the Eyes+1","Doom and Gloom","Echo Form","Gash","Reinforced Body","Melter","Multi-Cast","Storm","Defragment+1","Coolheaded+1","Core Surge"],"relics":["Cracked Core","NeowsBlessing","Dream Catcher","Du-Vu Doll","Matryoshka","Singing Bowl","Tiny House","Regal Pillow","Shuriken","Pen Nib"],"potions_floor_usage":[7,16,28,28,33,33,33],"damage_taken":[{"damage":0,"enemies":"Small Slimes","floor":1,"turns":1},{"damage":0,"enemies":"2 Louse","floor":3,"turns":1},{"damage":0,"enemies":"Jaw Worm","floor":5,"turns":1},{"damage":38,"enemies":"Gremlin Nob","floor":7,"turns":4},{"damage":25,"enemies":"3 Sentries","floor":12,"turns":7},{"damage":4,"enemies":"3 Louse","floor":13,"turns":2},{"damage":35,"enemies":"The Guardian","floor":16,"turns":13},{"damage":31,"enemies":"2 Thieves","floor":18,"turns":4},{"damage":8,"enemies":"Chosen","floor":22,"turns":7},{"damage":32,"enemies":"Snecko","floor":24,"turns":5},{"damage":57,"enemies":"3 Cultists","floor":28,"turns":5},{"damage":1,"enemies":"Centurion and Healer","floor":29,"turns":6},{"damage":60,"enemies":"Collector","floor":33,"turns":8}],"seed_played":"2710059158486755875","potions_obtained":[{"floor":7,"key":"FairyPotion"},{"floor":12,"key":"Fire Potion"},{"floor":16,"key":"Poison Potion"},{"floor":17,"key":"FearPotion"},{"floor":24,"key":"FearPotion"}],"is_trial":false,"path_per_floor":["M","?","M","$","M","R","E","R","T","R","$","E","M","?","R","B",null,"M","$","?","?","M","R","M","R","T","R","M","M","R","$","R","B"],"character_chosen":"DEFECT","items_purchased":["Strength Potion","Regal Pillow","Melter","EntropicBrew"],"campfire_rested":5,"item_purchase_floors":[4,19,19,31],"current_hp_per_floor":[64,53,53,53,53,53,15,36,36,36,36,11,7,7,28,1,59,28,28,28,28,20,59,27,27,27,67,10,11,52,52,52,0],"gold":21,"neow_bonus":"THREE_ENEMY_KILL","is_prod":false,"is_daily":false,"chose_seed":false,"campfire_upgraded":4,"win_rate":0,"timestamp":1545177233,"path_taken":["M","?","M","$","M","R","E","R","T","R","$","E","M","?","R","BOSS","M","$","?","?","M","R","M","R","T","R","M","M","R","$","R","BOSS"],"build_version":"2018-12-17","purchased_purges":0,"victory":false,"max_hp_per_floor":[71,71,71,71,71,71,71,71,71,71,71,71,71,71,71,71,76,76,76,76,76,76,78,78,78,78,80,80,82,84,84,84,84],"card_choices":[{"not_picked":["Go for the Eyes","Gash"],"picked":"Compile Driver","floor":1},{"not_picked":["Tempest","Force Field"],"picked":"Hologram","floor":3},{"not_picked":["Capacitor","Rebound","Turbo"],"picked":"SKIP","floor":5},{"not_picked":["Undo","Amplify"],"picked":"Sweeping Beam","floor":7},{"not_picked":["Double Energy","Chill"],"picked":"Gash","floor":8},{"not_picked":["Aggregate","Hologram"],"picked":"Cold Snap","floor":12},{"not_picked":["Beam Cell","Ball Lightning"],"picked":"Go for the Eyes","floor":13},{"not_picked":["Hologram","Undo"],"picked":"Doom and Gloom","floor":15},{"not_picked":["Reboot","Core Surge"],"picked":"Echo Form","floor":16},{"not_picked":["Streamline","Redo"],"picked":"Gash","floor":17},{"not_picked":["Turbo","Darkness"],"picked":"Reinforced Body","floor":18},{"not_picked":["Stack","Skim"],"picked":"Defragment","floor":22},{"not_picked":["Cold Snap","Stack","Auto Shields"],"picked":"Singing Bowl","floor":23},{"not_picked":["Static Discharge","Auto Shields+1"],"picked":"Coolheaded+1","floor":24},{"not_picked":["Redo","Steam+1","Leap"],"picked":"Singing Bowl","floor":27},{"not_picked":["Doom and Gloom","Stack"],"picked":"Core Surge","floor":28},{"not_picked":["Go for the Eyes","Redo","Chill"],"picked":"Singing Bowl","floor":29},{"not_picked":["Barrage","Lockon","Streamline"],"picked":"Singing Bowl","floor":30}],"player_experience":1109364,"relics_obtained":[{"floor":7,"key":"Du-Vu Doll"},{"floor":9,"key":"Matryoshka"},{"floor":12,"key":"Singing Bowl"},{"floor":26,"key":"Shuriken"},{"floor":26,"key":"Pen Nib"}],"event_choices":[{"damage_healed":0,"gold_gain":0,"player_choice":"Success","damage_taken":11,"relics_obtained":["Dream Catcher"],"max_hp_gain":0,"max_hp_loss":0,"event_name":"Scrap Ooze","floor":2,"gold_loss":0},{"damage_healed":0,"gold_gain":0,"player_choice":"Ignored","damage_taken":0,"max_hp_gain":0,"max_hp_loss":0,"event_name":"Golden Wing","floor":14,"gold_loss":0},{"damage_healed":0,"gold_gain":0,"cards_transformed":["Strike_B","Strike_B"],"player_choice":"Became Test Subject","damage_taken":0,"max_hp_gain":0,"max_hp_loss":0,"event_name":"Drug Dealer","floor":20,"gold_loss":0,"cards_obtained":["Multi-Cast","Storm"]},{"cards_removed":["Strike_B"],"damage_healed":0,"gold_gain":0,"player_choice":"Purged","damage_taken":0,"max_hp_gain":0,"max_hp_loss":0,"event_name":"Purifier","floor":21,"gold_loss":0}],"is_beta":true,"boss_relics":[{"not_picked":["Lizard Tail","Coffee Dripper"],"picked":"Tiny House"}],"items_purged_floors":[],"is_endless":false,"potions_floor_spawned":[7,12,16,18,24],"killed_by":"Collector","ascension_level":20}