{"gold_per_floor":[13,28,28,42,53,78,78,106,106,122,148,148,180,180,180,299,299,319,335,61,61,74,147,187,187,211,230,264,274,274,293,293,293],"floor_reached":33,"playtime":2583,"items_purged":["Strike_R"],"score":436,"play_id":"82486aa2-6894-4da1-9e31-552586d278d7","local_time":"20181224014113","is_ascension_mode":true,"campfire_choices":[{"data":"Havoc","floor":7.0,"key":"SMITH"},{"data":"Reaper","floor":12.0,"key":"SMITH"},{"floor":15.0,"key":"REST"},{"data":"Feed","floor":30.0,"key":"SMITH"},{"data":"Enlightenment","floor":32.0,"key":"SMITH"}],"neow_cost":"NO_GOLD","seed_source_timestamp":0,"circlet_count":0,"master_deck":["Strike_R","Strike_R","Strike_R","Strike_R","Defend_R","Defend_R","Defend_R","Defend_R","Bash","Enlightenment+1","Secret Technique","Metallicize+1","Shrug It Off","Evolve","Reaper+1","Havoc+1","Cleave","Cleave","Fiend Fire","Feed+1","Inflame+1","Metallicize","Ghostly","Ghostly","Ghostly","Ghostly","Ghostly","Shrug It Off+1","Dark Embrace","Iron Wave+1","Iron Wave+1","Reaper"],"special_seed":0,"relics":["Burning Blood","Bottled Lightning","Bottled Flame","Kunai","Pen Nib","Bronze Scales","Bloody Idol","Mark of Pain","Medical Kit","Tiny Chest","Red Mask","Bag of Marbles","Blood Vial"],"potions_floor_usage":[],"damage_taken":[{"damage":4.0,"enemies":"Jaw Worm","floor":1.0,"turns":4.0},{"damage":10.0,"enemies":"Cultist","floor":2.0,"turns":5.0},{"damage":2.0,"enemies":"2 Louse","floor":4.0,"turns":3.0},{"damage":3.0,"enemies":"Blue Slaver","floor":5.0,"turns":6.0},{"damage":31.0,"enemies":"3 Sentries","floor":6.0,"turns":13.0},{"damage":28.0,"enemies":"Lagavulin","floor":8.0,"turns":10.0},{"damage":1.0,"enemies":"2 Fungi Beasts","floor":10.0,"turns":4.0},{"damage":12.0,"enemies":"Gremlin Nob","floor":13.0,"turns":4.0},{"damage":19.0,"enemies":"Slime Boss","floor":16.0,"turns":7.0},{"damage":0.0,"enemies":"3 Byrds","floor":18.0,"turns":3.0},{"damage":0.0,"enemies":"Shell Parasite","floor":19.0,"turns":1.0},{"damage":3.0,"enemies":"Centurion and Healer","floor":22.0,"turns":8.0},{"damage":0.0,"enemies":"Book of Stabbing","floor":23.0,"turns":6.0},{"damage":6.0,"enemies":"Masked Bandits","floor":24.0,"turns":6.0},{"damage":0.0,"enemies":"Snake Plant","floor":27.0,"turns":5.0},{"damage":0.0,"enemies":"Gremlin Leader","floor":28.0,"turns":6.0},{"damage":10.0,"enemies":"Snecko","floor":29.0,"turns":7.0},{"damage":12.0,"enemies":"Shelled Parasite and Fungi","floor":31.0,"turns":6.0},{"damage":0,"enemies":"Automaton","floor":33,"turns":6}],"seed_played":"-3195987887910570485","potions_obtained":[{"floor":1.0,"key":"EssenceOfSteel"},{"floor":4.0,"key":"Weak Potion"},{"floor":6.0,"key":"Block Potion"},{"floor":8.0,"key":"FearPotion"},{"floor":10.0,"key":"EntropicBrew"},{"floor":18.0,"key":"FearPotion"},{"floor":23.0,"key":"FearPotion"},{"floor":24.0,"key":"EssenceOfSteel"},{"floor":27.0,"key":"AttackPotion"}],"is_trial":false,"path_per_floor":["M","M","?","M","M","E","R","E","T","M","T","R","E","?","R","B",null,"M","M","$","?","M","E","?","?","T","M","E","M","R","M","R","B"],"character_chosen":"IRONCLAD","items_purchased":["Medical Kit"],"campfire_rested":1,"item_purchase_floors":[20],"current_hp_per_floor":[80,76,76,80,80,63,63,45,45,58,58,58,52,32,56,63,80,83,83,83,41,44,47,50,50,50,50,50,50,50,49,49,50],"gold":293,"neow_bonus":"RANDOM_COLORLESS_2","is_prod":false,"is_daily":false,"chose_seed":false,"campfire_upgraded":4,"win_rate":0,"timestamp":1545633673,"path_taken":["M","M","?","?","M","E","R","E","T","M","?","R","E","?","R","BOSS","M","M","$","?","M","E","?","?","T","M","E","M","R","M","R","BOSS"],"build_version":"2018-12-20","purchased_purges":1,"victory":false,"max_hp_per_floor":[80,80,80,80,80,80,80,80,80,80,80,80,80,80,80,80,80,83,83,83,41,44,47,50,50,50,50,50,50,50,50,50,50],"card_choices":[{"not_picked":["Bloodletting","Headbutt"],"picked":"Metallicize","floor":1.0},{"not_picked":["Spot Weakness","Uppercut"],"picked":"Shrug It Off","floor":2.0},{"not_picked":["Flex","Iron Wave"],"picked":"Evolve","floor":4.0},{"not_picked":["Wild Strike","Iron Wave"],"picked":"Reaper","floor":5.0},{"not_picked":["Rupture","Burning Pact"],"picked":"Havoc","floor":6.0},{"not_picked":["Pummel","Combust"],"picked":"Cleave","floor":8.0},{"not_picked":["Perfected Strike","Warcry"],"picked":"Cleave","floor":10.0},{"not_picked":["Iron Wave","Headbutt"],"picked":"Fiend Fire","floor":13.0},{"not_picked":["Juggernaut","Double Tap"],"picked":"Feed","floor":16.0},{"not_picked":["Searing Blow+1","Shrug It Off+1"],"picked":"Inflame+1","floor":18.0},{"not_picked":["Body Slam","Flex"],"picked":"Metallicize","floor":19.0},{"not_picked":["Blood for Blood","Heavy Blade"],"picked":"Shrug It Off+1","floor":22.0},{"not_picked":["Metallicize","Cleave"],"picked":"Dark Embrace","floor":23.0},{"not_picked":["Perfected Strike+1","Heavy Blade"],"picked":"Iron Wave+1","floor":24.0},{"not_picked":["Body Slam+1","Ghostly Armor"],"picked":"Iron Wave+1","floor":27.0},{"not_picked":["Flex","Sword Boomerang"],"picked":"Reaper","floor":28.0},{"not_picked":["Burning Pact","Flex+1","Clothesline+1"],"picked":"SKIP","floor":29.0},{"not_picked":["Pommel Strike","Flex","Twin Strike"],"picked":"SKIP","floor":31.0}],"player_experience":193179,"relics_obtained":[{"floor":6.0,"key":"Bottled Lightning"},{"floor":8.0,"key":"Bottled Flame"},{"floor":9.0,"key":"Kunai"},{"floor":11.0,"key":"Pen Nib"},{"floor":13.0,"key":"Bronze Scales"},{"floor":23.0,"key":"Tiny Chest"},{"floor":24.0,"key":"Red Mask"},{"floor":26.0,"key":"Bag of Marbles"},{"floor":28.0,"key":"Blood Vial"}],"event_choices":[{"damage_healed":0.0,"max_hp_gain":0.0,"max_hp_loss":0.0,"gold_gain":0.0,"event_name":"Upgrade Shrine","player_choice":"Upgraded","floor":3.0,"gold_loss":0.0,"damage_taken":0.0,"cards_upgraded":["Metallicize"]},{"damage_healed":0.0,"max_hp_gain":0.0,"max_hp_loss":0.0,"gold_gain":0.0,"event_name":"Golden Idol","player_choice":"Take Damage","floor":14.0,"gold_loss":0.0,"damage_taken":20.0,"relics_obtained":["Golden Idol"]},{"damage_healed":0.0,"max_hp_gain":0.0,"max_hp_loss":42.0,"gold_gain":0.0,"event_name":"Ghosts","player_choice":"Became a Ghost","floor":21.0,"gold_loss":0.0,"damage_taken":0.0,"cards_obtained":["Ghostly","Ghostly","Ghostly","Ghostly","Ghostly"]},{"damage_healed":0.0,"max_hp_gain":0.0,"max_hp_loss":0.0,"gold_gain":0.0,"event_name":"Masked Bandits","player_choice":"Fought Bandits","floor":24.0,"gold_loss":0.0,"damage_taken":0.0},{"damage_healed":0.0,"max_hp_gain":0.0,"max_hp_loss":0.0,"gold_gain":0.0,"event_name":"Forgotten Altar","player_choice":"Gave Idol","floor":25.0,"relics_lost":["Golden Idol"],"gold_loss":0.0,"damage_taken":0.0,"relics_obtained":["Bloody Idol"]}],"is_beta":false,"boss_relics":[{"not_picked":["Astrolabe","Fusion Hammer"],"picked":"Mark of Pain"}],"items_purged_floors":[20],"is_endless":false,"potions_floor_spawned":[1,4,6,8,10,18,23,24,27],"killed_by":"Automaton","ascension_level":3}