{"gold_per_floor":[111,131,148,161,161,187,187,207,207,233,233,259,285,295,295,371,371,382,382,249,259,184,184,196,96,96,96,186,186],"floor_reached":29,"playtime":1581,"items_purged":["Perfected Strike","Bash"],"score":511,"play_id":"0aefc813-1ae5-4572-97db-767606d7f142","local_time":"20181110233428","is_ascension_mode":true,"campfire_choices":[{"floor":7,"key":"REST"},{"floor":11,"key":"REST"},{"data":"Metallicize","floor":15,"key":"SMITH"},{"data":"Armaments","floor":23,"key":"SMITH"},{"floor":27,"key":"REST"}],"neow_cost":"NONE","seed_source_timestamp":4396272289480196,"circlet_count":0,"master_deck":["AscendersBane","Defend_R","Defend_R","Defend_R","Defend_R","Madness","Spot Weakness","Flame Barrier","Metallicize+1","Battle Trance","Clothesline","Intimidate","Shrug It Off","Sword Boomerang","Whirlwind","Combust","Reaper","Armaments+1","Bite","Bite","Bite","Bite","Feel No Pain","True Grit"],"relics":["Burning Blood","Vajra","Pantograph","Smiling Mask","Odd Mushroom","Prayer Wheel","Mark of Pain","Mercury Hourglass"],"potions_floor_usage":[10,13,13,29,29],"damage_taken":[{"damage":9,"enemies":"2 Louse","floor":1,"turns":5},{"damage":0,"enemies":"Small Slimes","floor":2,"turns":3},{"damage":1,"enemies":"Cultist","floor":3,"turns":4},{"damage":21,"enemies":"Exordium Wildlife","floor":4,"turns":8},{"damage":58,"enemies":"Lagavulin","floor":6,"turns":9},{"damage":1,"enemies":"2 Fungi Beasts","floor":8,"turns":4},{"damage":39,"enemies":"Gremlin Nob","floor":10,"turns":6},{"damage":19,"enemies":"The Mushroom Lair","floor":12,"turns":6},{"damage":12,"enemies":"Lagavulin","floor":13,"turns":7},{"damage":5,"enemies":"Large Slime","floor":14,"turns":8},{"damage":18,"enemies":"The Guardian","floor":16,"turns":11},{"damage":7,"enemies":"Chosen","floor":18,"turns":5},{"damage":0,"enemies":"3 Byrds","floor":21,"turns":4},{"damage":46,"enemies":"Shelled Parasite and Fungi","floor":24,"turns":7},{"damage":42,"enemies":"Book of Stabbing","floor":29,"turns":5}],"seed_played":"4279179859362159463","potions_obtained":[{"floor":1,"key":"SkillPotion"},{"floor":3,"key":"Swift Potion"},{"floor":8,"key":"Dexterity Potion"},{"floor":12,"key":"Regen Potion"},{"floor":13,"key":"Fire Potion"},{"floor":16,"key":"Block Potion"}],"is_trial":false,"path_per_floor":["M","M","M","M","?","E","R","M","T","E","R","?","E","M","R","B",null,"M","?","$","M","?","R","M","$","T","R","?","E"],"character_chosen":"IRONCLAD","items_purchased":["Feel No Pain","True Grit"],"campfire_rested":3,"item_purchase_floors":[20,25],"current_hp_per_floor":[65,71,75,60,65,13,37,42,42,9,33,20,29,30,30,43,71,70,56,56,56,56,56,28,28,28,44,32,0],"gold":186,"neow_bonus":"RANDOM_COLORLESS","is_prod":false,"is_daily":false,"chose_seed":false,"campfire_upgraded":2,"win_rate":0,"timestamp":1541921668,"path_taken":["M","M","M","M","?","E","R","M","T","E","R","?","E","M","R","BOSS","M","?","$","M","?","R","M","$","T","R","?","E"],"build_version":"2018-11-08","purchased_purges":2,"victory":false,"max_hp_per_floor":[75,75,75,75,80,80,80,80,80,80,80,80,80,80,80,80,80,80,56,56,56,56,56,56,56,56,56,56,56],"card_choices":[{"not_picked":["Flex","Second Wind"],"picked":"Spot Weakness","floor":1},{"not_picked":["Corruption","Sever Soul"],"picked":"Flame Barrier","floor":2},{"not_picked":["Dual Wield","Intimidate"],"picked":"Perfected Strike","floor":3},{"not_picked":["Perfected Strike","Heavy Blade"],"picked":"Metallicize","floor":4},{"not_picked":["Warcry","Dark Embrace"],"picked":"Battle Trance","floor":6},{"not_picked":["Cleave","Pummel"],"picked":"Clothesline","floor":8},{"not_picked":["Clash","Bludgeon"],"picked":"Intimidate","floor":10},{"not_picked":["Anger","Wild Strike"],"picked":"Shrug It Off","floor":12},{"not_picked":["Blood for Blood","Hemokinesis"],"picked":"Sword Boomerang","floor":13},{"not_picked":["Infernal Blade","Cleave"],"picked":"Whirlwind","floor":14},{"not_picked":["Power Through","Iron Wave"],"picked":"Combust","floor":14},{"not_picked":["Double Tap","Berserk"],"picked":"Reaper","floor":16},{"not_picked":["Perfected Strike","Headbutt"],"picked":"Armaments","floor":18},{"not_picked":["Warcry","Thunderclap+1","Shrug It Off"],"picked":"SKIP","floor":18},{"not_picked":["Sword Boomerang","Clash","Wild Strike"],"picked":"SKIP","floor":21},{"not_picked":["Heavy Blade+1","Warcry","Twin Strike"],"picked":"SKIP","floor":21},{"not_picked":["Perfected Strike","Sword Boomerang","Whirlwind"],"picked":"SKIP","floor":24},{"not_picked":["Bloodletting+1","Anger","Cleave"],"picked":"SKIP","floor":24}],"player_experience":1055526,"relics_obtained":[{"floor":6,"key":"Vajra"},{"floor":9,"key":"Pantograph"},{"floor":10,"key":"Smiling Mask"},{"floor":12,"key":"Odd Mushroom"},{"floor":13,"key":"Prayer Wheel"},{"floor":26,"key":"Mercury Hourglass"}],"event_choices":[{"damage_healed":0,"gold_gain":0,"player_choice":"Donut","damage_taken":0,"max_hp_gain":5,"max_hp_loss":0,"event_name":"Big Fish","floor":5,"gold_loss":0},{"damage_healed":0,"gold_gain":0,"player_choice":"Fought Mushrooms","damage_taken":0,"max_hp_gain":0,"max_hp_loss":0,"event_name":"Mushrooms","floor":12,"gold_loss":0},{"damage_healed":0,"gold_gain":0,"player_choice":"Became a vampire","damage_taken":0,"max_hp_gain":0,"max_hp_loss":24,"event_name":"Vampires","floor":19,"gold_loss":0,"cards_obtained":["Bite","Bite","Bite","Bite","Bite"]},{"cards_removed":["Bite"],"damage_healed":0,"gold_gain":0,"player_choice":"Gave Gold","damage_taken":0,"max_hp_gain":0,"max_hp_loss":0,"event_name":"Beggar","floor":22,"gold_loss":75},{"damage_healed":0,"gold_gain":90,"player_choice":"GOLD ","damage_taken":12,"max_hp_gain":0,"max_hp_loss":0,"event_name":"Knowing Skull","floor":28,"potions_obtained":[],"gold_loss":0,"cards_obtained":[]}],"is_beta":true,"boss_relics":[{"not_picked":["Philosopher\u0027s Stone","Eternal Feather"],"picked":"Mark of Pain"}],"items_purged_floors":[20,25],"is_endless":false,"potions_floor_spawned":[1,3,8,12,13,16],"killed_by":"Book of Stabbing","ascension_level":20}