{"gold_per_floor":[116,191,206,206,222,284,284,284,310,310,41,71,87,97,97,198,198,218,218,317,61,61,61,86,86,110,123,123],"floor_reached":28,"playtime":1572,"items_purged":["Pain"],"score":378,"play_id":"31a77e54-1223-480b-b184-70a77c4a8fd1","local_time":"20190524214837","is_ascension_mode":true,"campfire_choices":[{"floor":8,"key":"REST"},{"data":"Zap","floor":10,"key":"SMITH"},{"floor":15,"key":"REST"},{"data":"Electrodynamics","floor":23,"key":"SMITH"},{"data":"Streamline","floor":25,"key":"SMITH"}],"neow_cost":"NONE","seed_source_timestamp":198660542350944,"circlet_count":0,"master_deck":["AscendersBane","Strike_B","Strike_B","Strike_B","Strike_B","Defend_B","Defend_B","Defend_B","Defend_B","Zap+1","Dualcast","Rebound","Steam Power","Coolheaded","Multi-Cast","Turbo","Self Repair","Streamline+1","Electrodynamics+1","Steam+1","Cold Snap","Hologram"],"relics":["Cracked Core","NeowsBlessing","Regal Pillow","Tiny Chest","WarpedTongs","Blood Vial","DataDisk","Cables","Black Star","Strawberry","Frozen Egg 2","Pocketwatch","Matryoshka","Blue Candle","Bag of Preparation"],"potions_floor_usage":[6,12,14,24,28],"damage_taken":[{"damage":0,"enemies":"Cultist","floor":1,"turns":1},{"damage":0,"enemies":"Small Slimes","floor":3,"turns":1},{"damage":0,"enemies":"Jaw Worm","floor":5,"turns":1},{"damage":48,"enemies":"3 Sentries","floor":6,"turns":8},{"damage":5,"enemies":"Lagavulin","floor":12,"turns":6},{"damage":10,"enemies":"Blue Slaver","floor":13,"turns":3},{"damage":10,"enemies":"Lots of Slimes","floor":14,"turns":3},{"damage":14,"enemies":"Slime Boss","floor":16,"turns":7},{"damage":3,"enemies":"Spheric Guardian","floor":18,"turns":3},{"damage":55,"enemies":"Book of Stabbing","floor":24,"turns":5},{"damage":0,"enemies":"3 Byrds","floor":27,"turns":1},{"damage":39,"enemies":"Shelled Parasite and Fungi","floor":28,"turns":5}],"seed_played":"-2186812281631101380","potions_obtained":[{"floor":3,"key":"Regen Potion"},{"floor":12,"key":"GamblersBrew"},{"floor":14,"key":"Ancient Potion"},{"floor":18,"key":"GamblersBrew"},{"floor":24,"key":"FearPotion"}],"is_trial":false,"path_per_floor":["M","?","M","?","M","E","?","R","T","R","$","E","M","M","R","B",null,"M","T","?","$","?","R","E","R","T","M","M"],"character_chosen":"DEFECT","items_purchased":["DataDisk","Poison Potion","Frozen Egg 2"],"campfire_rested":2,"item_purchase_floors":[11,11,21],"current_hp_per_floor":[68,57,57,39,39,6,6,43,43,43,43,40,32,31,68,56,70,69,76,76,76,76,76,30,30,30,32,0],"gold":123,"neow_bonus":"THREE_ENEMY_KILL","is_prod":false,"is_daily":false,"chose_seed":false,"campfire_upgraded":3,"win_rate":0,"timestamp":1558727317,"path_taken":["M","?","M","?","?","E","?","R","T","R","$","E","?","M","R","BOSS","M","?","?","$","?","R","E","R","T","M","?"],"build_version":"2019-05-24","purchased_purges":1,"victory":false,"max_hp_per_floor":[75,75,75,75,75,75,75,75,75,75,75,75,75,75,75,75,75,75,82,82,82,82,82,82,82,82,82,82],"card_choices":[{"not_picked":["Compile Driver","Recycle"],"picked":"Rebound","floor":1},{"not_picked":["Stack","Leap"],"picked":"Steam Power","floor":3},{"not_picked":["Rebound","Stack"],"picked":"Coolheaded","floor":5},{"not_picked":["Fission","Blizzard"],"picked":"Multi-Cast","floor":6},{"not_picked":["Coolheaded","Compile Driver"],"picked":"Turbo","floor":12},{"not_picked":["Hologram","Leap"],"picked":"Self Repair","floor":13},{"not_picked":["Amplify","Melter"],"picked":"Streamline","floor":14},{"not_picked":["Machine Learning","Amplify"],"picked":"Electrodynamics","floor":16},{"not_picked":["Hello World","Barrage"],"picked":"Steam+1","floor":18},{"not_picked":["Machine Learning+1","BootSequence"],"picked":"Cold Snap","floor":24},{"not_picked":["Gash+1","Aggregate+1"],"picked":"Hologram","floor":27}],"player_experience":599809,"relics_obtained":[{"floor":6,"key":"Tiny Chest"},{"floor":9,"key":"Blood Vial"},{"floor":12,"key":"Cables"},{"floor":19,"key":"Strawberry"},{"floor":24,"key":"Pocketwatch"},{"floor":24,"key":"Matryoshka"},{"floor":26,"key":"Blue Candle"},{"floor":26,"key":"Bag of Preparation"}],"event_choices":[{"damage_healed":0,"gold_gain":75,"player_choice":"Gather Gold","damage_taken":11,"max_hp_gain":0,"max_hp_loss":0,"event_name":"World of Goop","floor":2,"gold_loss":0},{"damage_healed":0,"gold_gain":0,"player_choice":"Success","damage_taken":18,"relics_obtained":["Regal Pillow"],"max_hp_gain":0,"max_hp_loss":0,"event_name":"Scrap Ooze","floor":4,"gold_loss":0},{"damage_healed":0,"gold_gain":0,"player_choice":"Rummage","damage_taken":0,"relics_obtained":["WarpedTongs"],"max_hp_gain":0,"max_hp_loss":0,"event_name":"Accursed Blacksmith","floor":7,"gold_loss":0,"cards_obtained":["Pain"]},{"damage_healed":0,"gold_gain":99,"player_choice":"Stole From Cult","damage_taken":0,"max_hp_gain":0,"max_hp_loss":0,"event_name":"Nest","floor":20,"gold_loss":0},{"damage_healed":0,"gold_gain":0,"player_choice":"0 cards matched","damage_taken":0,"max_hp_gain":0,"max_hp_loss":0,"event_name":"Match and Keep!","floor":22,"gold_loss":0,"cards_obtained":[]}],"is_beta":true,"boss_relics":[{"not_picked":["White Beast Statue","Empty Cage"],"picked":"Black Star"}],"items_purged_floors":[11],"is_endless":false,"potions_floor_spawned":[3,12,14,18,24],"killed_by":"Shelled Parasite and Fungi","ascension_level":11}