{"gold_per_floor":[113,113,38,52,22,22,22,22,47,63,78,78,3,23,23,102,102,119,135,135,135,135],"floor_reached":22,"playtime":1207,"items_purged":["Strike_R"],"score":348,"play_id":"e3bb3e32-3fd0-4c73-9ca9-b85b49d301d4","local_time":"20190618121022","is_ascension_mode":true,"campfire_choices":[{"data":"Clothesline","floor":6,"key":"SMITH"},{"data":"Bash","floor":8,"key":"SMITH"},{"data":"Sword Boomerang","floor":12,"key":"SMITH"},{"data":"Inflame","floor":15,"key":"SMITH"}],"neow_cost":"NONE","seed_source_timestamp":235614655808800,"circlet_count":0,"master_deck":["AscendersBane","Strike_R","Strike_R","Defend_R","Defend_R","Defend_R","Defend_R","Bash+1","Clothesline+1","Inflame+1","Sword Boomerang+1","Pommel Strike","Battle Trance","Metallicize","Limit Break","Heavy Blade+1","Inflame","J.A.X."],"relics":["Burning Blood","Dream Catcher","White Beast Statue","Nilry\u0027s Codex"],"potions_floor_usage":[14,16,16,19,22],"damage_taken":[{"damage":7,"enemies":"Jaw Worm","floor":1,"turns":3},{"damage":4,"enemies":"2 Louse","floor":4,"turns":4},{"damage":10,"enemies":"Small Slimes","floor":10,"turns":4},{"damage":12,"enemies":"Blue Slaver","floor":11,"turns":5},{"damage":0,"enemies":"2 Fungi Beasts","floor":14,"turns":2},{"damage":19,"enemies":"The Guardian","floor":16,"turns":12},{"damage":31,"enemies":"3 Byrds","floor":18,"turns":6},{"damage":29,"enemies":"Shell Parasite","floor":19,"turns":5},{"damage":19,"enemies":"Shelled Parasite and Fungi","floor":22,"turns":1}],"seed_played":"-6951694202023155975","potions_obtained":[{"floor":5,"key":"Ancient Potion"},{"floor":5,"key":"GamblersBrew"},{"floor":11,"key":"AttackPotion"},{"floor":14,"key":"BloodPotion"},{"floor":18,"key":"Regen Potion"},{"floor":19,"key":"PowerPotion"}],"is_trial":false,"path_per_floor":["M","?","?","M","?","R","$","R","T","M","M","R","$","M","R","B",null,"M","M","?","?","M"],"character_chosen":"IRONCLAD","items_purchased":[],"campfire_rested":0,"item_purchase_floors":[],"current_hp_per_floor":[67,60,60,62,62,62,62,62,62,58,52,52,52,58,58,62,72,47,38,38,17,0],"gold":135,"neow_bonus":"THREE_CARDS","is_prod":false,"is_daily":false,"chose_seed":false,"campfire_upgraded":4,"win_rate":0,"timestamp":1560885022,"path_taken":["M","?","?","M","?","R","$","R","T","M","M","R","$","M","R","BOSS","M","?","?","?","M"],"build_version":"2019-06-17v2","purchased_purges":1,"victory":false,"max_hp_per_floor":[75,75,75,75,75,75,75,75,75,75,75,75,75,75,75,75,75,75,75,75,75,75],"card_choices":[{"not_picked":["Cleave","Armaments"],"picked":"Clothesline","floor":0},{"not_picked":["Anger","Havoc"],"picked":"Inflame","floor":1},{"not_picked":["Bloodletting","Havoc"],"picked":"Sword Boomerang","floor":4},{"not_picked":["Sever Soul","Sentinel"],"picked":"Pommel Strike","floor":10},{"not_picked":["Flex","Hemokinesis"],"picked":"Battle Trance","floor":11},{"not_picked":["Power Through","Dual Wield"],"picked":"Metallicize","floor":14},{"not_picked":["Bludgeon","Offering"],"picked":"Limit Break","floor":16},{"not_picked":["True Grit","Battle Trance"],"picked":"Heavy Blade+1","floor":18},{"not_picked":["Battle Trance","Perfected Strike"],"picked":"Inflame","floor":19}],"player_experience":3456499,"relics_obtained":[{"floor":9,"key":"Dream Catcher"},{"floor":21,"key":"Nilry\u0027s Codex"}],"event_choices":[{"cards_removed":["Strike_R"],"damage_healed":0,"gold_gain":0,"player_choice":"Card Removal","damage_taken":7,"max_hp_gain":0,"max_hp_loss":0,"event_name":"Golden Wing","floor":2,"gold_loss":0},{"cards_removed":["Strike_R"],"damage_healed":0,"gold_gain":0,"player_choice":"Card Removal","damage_taken":0,"max_hp_gain":0,"max_hp_loss":0,"event_name":"The Cleric","floor":3,"gold_loss":75},{"damage_healed":0,"gold_gain":0,"player_choice":"Bought 2 Potions","damage_taken":0,"max_hp_gain":0,"max_hp_loss":0,"event_name":"The Woman in Blue","floor":5,"gold_loss":0},{"damage_healed":0,"gold_gain":0,"player_choice":"Obtain J.A.X.","damage_taken":0,"max_hp_gain":0,"max_hp_loss":0,"event_name":"Drug Dealer","floor":20,"gold_loss":0,"cards_obtained":["J.A.X."]},{"damage_healed":0,"gold_gain":0,"player_choice":"Obtained Book","damage_taken":21,"max_hp_gain":0,"max_hp_loss":0,"event_name":"Cursed Tome","floor":21,"gold_loss":0}],"is_beta":true,"boss_relics":[{"not_picked":["Orrery","Calling Bell"],"picked":"White Beast Statue"}],"items_purged_floors":[13],"is_endless":false,"potions_floor_spawned":[10,11,14,18,19],"killed_by":"Shelled Parasite and Fungi","ascension_level":20}