{"gold_per_floor":[117,135,149,164,175,207,221,12,12,87,87,114,127,45,45,144,144,158,172,172,185,9,9,37,37,63,63,63,76,103,137,137,239,239,259,481,500,500,424,424,215,215,215,242,242,63,80,95,95,95],"floor_reached":51,"playtime":2476,"items_purged":["Strike_R","Regret","Strike_R","Transmutation"],"score":1112,"play_id":"8c1ac96c-42bb-45c5-ae55-55b07079f841","local_time":"20190613175544","is_ascension_mode":true,"campfire_choices":[{"data":"Inflame","floor":15.0,"key":"SMITH"},{"data":"True Grit","floor":23.0,"key":"SMITH"},{"data":"Armaments","floor":25.0,"key":"SMITH"},{"data":"Shockwave","floor":28.0,"key":"SMITH"},{"data":"Whirlwind","floor":32.0,"key":"SMITH"},{"data":"Whirlwind","floor":40,"key":"SMITH"},{"data":"Clothesline","floor":42,"key":"SMITH"},{"data":"Shrug It Off","floor":49,"key":"SMITH"}],"neow_cost":"PERCENT_DAMAGE","seed_source_timestamp":97180827128376,"circlet_count":0,"master_deck":["AscendersBane","Strike_R","Strike_R+1","Strike_R","Defend_R","Defend_R","Defend_R","Bash","Thinking Ahead","Whirlwind+1","Shrug It Off","Whirlwind+1","Shrug It Off","Rampage","True Grit+1","Carnage","Inflame+1","Immolate+1","Armaments+1","Clumsy","Shockwave+1","Feel No Pain","Clumsy","Disarm","Clothesline+1","Exhume","Shame","Flame Barrier+1","Corruption+1","Shrug It Off+1"],"special_seed":0,"relics":["Burning Blood","Magic Flower","Membership Card","Meat on the Bone","Tiny Chest","Mummified Hand","Bottled Lightning","Cursed Key","Pantograph","Chemical X","Ancient Tea Set","Whetstone","Ornamental Fan","Red Mask","Velvet Choker","Darkstone Periapt","Bag of Marbles","Oddly Smooth Stone","Pocketwatch","Gremlin Horn","Strange Spoon"],"potions_floor_usage":[50,50],"damage_taken":[{"damage":1.0,"enemies":"Cultist","floor":1.0,"turns":3.0},{"damage":10.0,"enemies":"Small Slimes","floor":2.0,"turns":6.0},{"damage":0.0,"enemies":"2 Louse","floor":3.0,"turns":1.0},{"damage":4.0,"enemies":"2 Fungi Beasts","floor":4.0,"turns":4.0},{"damage":38.0,"enemies":"Exordium Wildlife","floor":5.0,"turns":7.0},{"damage":12.0,"enemies":"Lagavulin","floor":6.0,"turns":5.0},{"damage":6.0,"enemies":"3 Louse","floor":7.0,"turns":2.0},{"damage":35.0,"enemies":"Gremlin Nob","floor":10.0,"turns":5.0},{"damage":20.0,"enemies":"Lagavulin","floor":12.0,"turns":7.0},{"damage":6.0,"enemies":"Large Slime","floor":13.0,"turns":6.0},{"damage":44.0,"enemies":"The Guardian","floor":16.0,"turns":13.0},{"damage":0.0,"enemies":"Spheric Guardian","floor":18.0,"turns":3.0},{"damage":0.0,"enemies":"Chosen","floor":19.0,"turns":4.0},{"damage":17.0,"enemies":"Snake Plant","floor":21.0,"turns":2.0},{"damage":35.0,"enemies":"Book of Stabbing","floor":24.0,"turns":4.0},{"damage":8.0,"enemies":"Snecko","floor":29.0,"turns":3.0},{"damage":17.0,"enemies":"Gremlin Leader","floor":30.0,"turns":5.0},{"damage":0.0,"enemies":"Masked Bandits","floor":31.0,"turns":1.0},{"damage":21.0,"enemies":"Collector","floor":33.0,"turns":4.0},{"damage":9.0,"enemies":"3 Shapes","floor":35.0,"turns":2.0},{"damage":14,"enemies":"3 Darklings","floor":37,"turns":2},{"damage":19,"enemies":"Giant Head","floor":44,"turns":7},{"damage":6,"enemies":"4 Shapes","floor":47,"turns":1},{"damage":13,"enemies":"Maw","floor":48,"turns":6},{"damage":65,"enemies":"Donu and Deca","floor":50,"turns":5}],"seed_played":"4697838645421663743","potions_obtained":[{"floor":2.0,"key":"SteroidPotion"},{"floor":5.0,"key":"SpeedPotion"},{"floor":7.0,"key":"BloodPotion"},{"floor":16.0,"key":"GamblersBrew"},{"floor":31.0,"key":"Strength Potion"},{"floor":47,"key":"Swift Potion"}],"is_trial":false,"path_per_floor":["M","M","M","M","M","E","M","$","T","E","T","E","M","$","R","B",null,"M","M","T","M","$","R","E","R","T","?","R","M","E","?","R","B",null,"M","?","M","T","$","R","$","R","T","E","?","$","M","M","R","B",null],"character_chosen":"IRONCLAD","items_purchased":["Membership Card","Inflame","PowerPotion","Chemical X","Shockwave","Feel No Pain","Energy Potion","Bag of Marbles","Oddly Smooth Stone","Strange Spoon"],"campfire_rested":0,"item_purchase_floors":[8,14,14,22,22,22,39,41,41,46],"current_hp_per_floor":[56,52,58,60,28,22,25,25,25,29,29,36,57,57,57,40,70,79,80,80,72,72,72,64,64,64,64,64,65,57,66,66,68,77,77,77,72,72,72,72,72,72,78,68,68,68,71,67,67,48],"gold":95,"neow_bonus":"RANDOM_COLORLESS_2","is_prod":false,"is_daily":false,"chose_seed":false,"campfire_upgraded":8,"win_rate":0,"timestamp":1560462944,"path_taken":["M","M","M","M","M","E","M","$","T","E","?","E","M","?","R","BOSS","M","M","?","M","$","R","E","R","T","?","R","M","E","?","R","BOSS","M","?","M","?","$","R","$","R","T","E","?","$","M","M","R","BOSS"],"build_version":"2019-01-23","purchased_purges":4,"victory":true,"max_hp_per_floor":[80,80,80,80,80,80,80,80,80,80,80,80,80,80,80,80,80,80,80,80,80,80,80,80,80,80,80,80,80,80,80,80,80,80,80,80,80,80,80,80,80,80,86,86,86,86,86,86,86,86],"card_choices":[{"not_picked":["Perfected Strike","Anger"],"picked":"Whirlwind","floor":1.0},{"not_picked":["Cleave","Pommel Strike"],"picked":"Shrug It Off","floor":2.0},{"not_picked":["Sword Boomerang","Twin Strike","Body Slam"],"picked":"SKIP","floor":3.0},{"not_picked":["Flex","Battle Trance"],"picked":"Whirlwind","floor":4.0},{"not_picked":["Flex","Warcry"],"picked":"Shrug It Off","floor":5.0},{"not_picked":["Rupture","Wild Strike","Infernal Blade"],"picked":"SKIP","floor":6.0},{"not_picked":["Barricade","Iron Wave"],"picked":"Rampage","floor":7.0},{"not_picked":["Dual Wield","Entrench"],"picked":"True Grit","floor":10.0},{"not_picked":["Headbutt","Hemokinesis"],"picked":"Carnage","floor":12.0},{"not_picked":["Flex","Pummel","Second Wind"],"picked":"SKIP","floor":13.0},{"not_picked":["Juggernaut","Barricade"],"picked":"Immolate","floor":16.0},{"not_picked":["Feel No Pain+1","Entrench"],"picked":"Armaments","floor":18.0},{"not_picked":["Headbutt+1","Wild Strike+1","Twin Strike"],"picked":"SKIP","floor":19.0},{"not_picked":["Sword Boomerang+1","Heavy Blade","Iron Wave"],"picked":"SKIP","floor":21.0},{"not_picked":["Carnage+1","Pommel Strike","Bloodletting"],"picked":"SKIP","floor":24.0},{"not_picked":["Carnage","Iron Wave+1"],"picked":"Disarm","floor":29.0},{"not_picked":["Rupture+1","Havoc+1"],"picked":"Clothesline","floor":30.0},{"not_picked":["Immolate","Fiend Fire"],"picked":"Exhume","floor":33.0},{"not_picked":["Body Slam+1","Sentinel+1","Havoc"],"picked":"SKIP","floor":35.0},{"not_picked":["Warcry+1","Twin Strike+1","Battle Trance"],"picked":"SKIP","floor":37},{"not_picked":["Hemokinesis+1","Warcry+1"],"picked":"Flame Barrier+1","floor":44},{"not_picked":["Sword Boomerang","Clash+1"],"picked":"Corruption+1","floor":47},{"not_picked":["Anger+1","Heavy Blade"],"picked":"Shrug It Off","floor":48}],"player_experience":627167,"relics_obtained":[{"floor":6.0,"key":"Magic Flower"},{"floor":9.0,"key":"Meat on the Bone"},{"floor":10.0,"key":"Tiny Chest"},{"floor":11.0,"key":"Mummified Hand"},{"floor":12.0,"key":"Bottled Lightning"},{"floor":20.0,"key":"Pantograph"},{"floor":24.0,"key":"Ancient Tea Set"},{"floor":26.0,"key":"Whetstone"},{"floor":30.0,"key":"Ornamental Fan"},{"floor":31.0,"key":"Red Mask"},{"floor":38,"key":"Darkstone Periapt"},{"floor":43,"key":"Pocketwatch"},{"floor":44,"key":"Gremlin Horn"}],"event_choices":[{"damage_healed":0.0,"max_hp_gain":0.0,"max_hp_loss":0.0,"gold_gain":0.0,"event_name":"Masked Bandits","player_choice":"Fought Bandits","floor":31.0,"gold_loss":0.0,"damage_taken":0.0},{"damage_healed":0.0,"max_hp_gain":0.0,"max_hp_loss":0.0,"gold_gain":222.0,"event_name":"Tomb of Lord Red Mask","player_choice":"Wore Mask","floor":36.0,"gold_loss":0.0,"damage_taken":0.0},{"cards_removed":["Defend_R"],"damage_healed":0,"gold_gain":0,"player_choice":"Removed Skill","damage_taken":0,"max_hp_gain":0,"max_hp_loss":0,"event_name":"Falling","floor":45,"gold_loss":0}],"is_beta":false,"boss_relics":[{"not_picked":["Eternal Feather","Philosopher\u0027s Stone"],"picked":"Cursed Key"},{"not_picked":["Lizard Tail","Runic Dome"],"picked":"Velvet Choker"}],"items_purged_floors":[14,39,41,46],"is_endless":false,"potions_floor_spawned":[2,5,7,16,18,19,24,31,44,47,48],"ascension_level":11}