{"gold_per_floor":[214,231,250,268,268,268,268,301,327,327,340,370,152,216,216,216],"floor_reached":16,"playtime":713,"items_purged":["Strike_R"],"score":240,"play_id":"55b6232a-9f9e-44be-b2cd-ead4d5e02929","local_time":"20190402161238","is_ascension_mode":true,"campfire_choices":[{"data":"Bash","floor":6,"key":"SMITH"},{"floor":10,"key":"REST"},{"floor":15,"key":"REST"}],"neow_cost":"NONE","seed_source_timestamp":3622675351657635,"circlet_count":0,"master_deck":["AscendersBane","Strike_R","Strike_R","Strike_R","Strike_R","Defend_R","Defend_R","Defend_R","Defend_R","Bash+1","Carnage","Combust","Pommel Strike+1","Corruption","Iron Wave","Battle Trance","Shrug It Off"],"relics":["Burning Blood","Dream Catcher","Smiling Mask","Red Skull","Bag of Preparation","Tiny Chest"],"potions_floor_usage":[16,16],"damage_taken":[{"damage":7,"enemies":"Small Slimes","floor":1,"turns":6},{"damage":2,"enemies":"Cultist","floor":2,"turns":4},{"damage":5,"enemies":"Jaw Worm","floor":3,"turns":3},{"damage":10,"enemies":"Large Slime","floor":4,"turns":4},{"damage":44,"enemies":"Lagavulin","floor":8,"turns":5},{"damage":7,"enemies":"Looter","floor":11,"turns":3},{"damage":19,"enemies":"3 Sentries","floor":12,"turns":5},{"damage":34,"enemies":"Gremlin Nob","floor":14,"turns":4},{"damage":41,"enemies":"Hexaghost","floor":16,"turns":8}],"seed_played":"5767471200671793533","potions_obtained":[{"floor":2,"key":"Fire Potion"},{"floor":4,"key":"Ancient Potion"},{"floor":11,"key":"SpeedPotion"}],"is_trial":false,"path_per_floor":["M","M","M","M","?","R","?","E","T","R","M","E","$","E","R","B"],"character_chosen":"IRONCLAD","items_purchased":["Bag of Preparation"],"campfire_rested":2,"item_purchase_floors":[13],"current_hp_per_floor":[67,71,72,68,73,73,73,35,35,59,58,45,45,17,41,0],"gold":216,"neow_bonus":"HUNDRED_GOLD","is_prod":false,"is_daily":false,"chose_seed":false,"campfire_upgraded":1,"win_rate":0,"timestamp":1554246758,"path_taken":["M","M","M","M","?","R","?","E","T","R","M","E","$","E","R","BOSS"],"build_version":"2019-03-15","purchased_purges":1,"victory":false,"max_hp_per_floor":[75,75,75,75,80,80,80,80,80,80,80,80,80,80,80,80],"card_choices":[{"not_picked":["Sword Boomerang","Ghostly Armor"],"picked":"Carnage","floor":1},{"not_picked":["Iron Wave","Dual Wield"],"picked":"Combust","floor":2},{"not_picked":["Havoc","Wild Strike"],"picked":"Pommel Strike","floor":3},{"not_picked":["Twin Strike","Flex"],"picked":"Corruption","floor":4},{"not_picked":["Seeing Red","Perfected Strike","Infernal Blade"],"picked":"SKIP","floor":8},{"not_picked":["Twin Strike","Sword Boomerang","Iron Wave"],"picked":"SKIP","floor":11},{"not_picked":["Twin Strike","Sword Boomerang"],"picked":"Iron Wave","floor":11},{"not_picked":["Dropkick","Headbutt"],"picked":"Battle Trance","floor":12},{"not_picked":["Iron Wave","Second Wind"],"picked":"Shrug It Off","floor":14}],"player_experience":1252700,"relics_obtained":[{"floor":8,"key":"Dream Catcher"},{"floor":9,"key":"Smiling Mask"},{"floor":12,"key":"Red Skull"},{"floor":14,"key":"Tiny Chest"}],"event_choices":[{"damage_healed":0,"gold_gain":0,"player_choice":"Donut","damage_taken":0,"max_hp_gain":5,"max_hp_loss":0,"event_name":"Big Fish","floor":5,"gold_loss":0},{"damage_healed":0,"gold_gain":0,"player_choice":"Forge","damage_taken":0,"max_hp_gain":0,"max_hp_loss":0,"event_name":"Accursed Blacksmith","floor":7,"gold_loss":0,"cards_upgraded":["Pommel Strike"]}],"is_beta":true,"boss_relics":[],"items_purged_floors":[13],"is_endless":false,"potions_floor_spawned":[2,4,8,11,12],"killed_by":"Hexaghost","ascension_level":20}