{"gold_per_floor":[110,110,122,133,151,151,151,151,176,176,210,223,223],"floor_reached":13,"playtime":717,"items_purged":[],"score":170,"play_id":"e6619f01-88cc-42df-bf71-ac843ed28a3b","local_time":"20190114033634","is_ascension_mode":true,"campfire_choices":[{"data":"Dash","floor":6,"key":"SMITH"},{"data":"Neutralize","floor":7,"key":"SMITH"},{"data":"Sucker Punch","floor":8,"key":"SMITH"},{"data":"Blur","floor":10,"key":"SMITH"}],"neow_cost":"CURSE","seed_source_timestamp":6660366914250900,"circlet_count":0,"master_deck":["AscendersBane","Defend_G","Defend_G","Defend_G","Defend_G","Defend_G","Strike_G","Strike_G","Strike_G","Strike_G","Strike_G","Survivor","Neutralize+1","Shame","Blur+1","Sucker Punch+1","Dash+1","Acrobatics","Corpse Explosion","Backflip"],"special_seed":0,"relics":["Ring of the Snake","WingedGreaves","PreservedInsect","Dream Catcher"],"potions_floor_usage":[5],"damage_taken":[{"damage":2.0,"enemies":"2 Louse","floor":1.0,"turns":4.0},{"damage":9.0,"enemies":"Cultist","floor":3.0,"turns":5.0},{"damage":8.0,"enemies":"Small Slimes","floor":4.0,"turns":6.0},{"damage":21,"enemies":"Exordium Thugs","floor":5,"turns":6},{"damage":21,"enemies":"Gremlin Nob","floor":11,"turns":4},{"damage":5,"enemies":"3 Louse","floor":12,"turns":4},{"damage":10,"enemies":"Lagavulin","floor":13,"turns":6}],"seed_played":"3106809220845369890","potions_obtained":[{"floor":1.0,"key":"FearPotion"},{"floor":2.0,"key":"SmokeBomb"},{"floor":2.0,"key":"Regen Potion"}],"is_trial":false,"path_per_floor":["M","?","M","M","M","R","R","R","T","R","E","M","E"],"character_chosen":"THE_SILENT","items_purchased":[],"campfire_rested":0,"item_purchase_floors":[],"current_hp_per_floor":[57,57,48,55,34,34,34,34,34,34,13,8,0],"gold":223,"neow_bonus":"ONE_RARE_RELIC","is_prod":false,"is_daily":false,"chose_seed":false,"campfire_upgraded":4,"win_rate":0,"timestamp":1547465794,"path_taken":["M","?","M","M","M","R","R","R","T","R","E","?","E"],"build_version":"2019-01-10","purchased_purges":0,"victory":false,"max_hp_per_floor":[66,66,66,66,66,66,66,66,66,66,66,66,66],"card_choices":[{"not_picked":["Bane","Flechettes"],"picked":"Blur","floor":1.0},{"not_picked":["Blade Dance","Slice"],"picked":"Sucker Punch","floor":3.0},{"not_picked":["PiercingWail","Outmaneuver"],"picked":"Dash","floor":4.0},{"not_picked":["Prepared","Blade Dance"],"picked":"Acrobatics","floor":5},{"not_picked":["Bane","Poisoned Stab"],"picked":"Corpse Explosion","floor":11},{"not_picked":["Blade Dance","Choke"],"picked":"Backflip","floor":12}],"player_experience":3213378,"relics_obtained":[{"floor":9,"key":"PreservedInsect"},{"floor":11,"key":"Dream Catcher"}],"event_choices":[{"damage_healed":0.0,"max_hp_gain":0.0,"max_hp_loss":0.0,"gold_gain":0.0,"event_name":"Lab","player_choice":"Got Potions","floor":2.0,"gold_loss":0.0,"damage_taken":0.0}],"is_beta":true,"boss_relics":[],"items_purged_floors":[],"is_endless":false,"potions_floor_spawned":[1,3],"killed_by":"Lagavulin","ascension_level":20}