{"gold_per_floor":[18,18,34,34,52,52,78,78,104,8,22,172,37,72,72,72],"floor_reached":16,"playtime":755,"items_purged":["Doubt"],"score":200,"play_id":"a025b344-6c16-46ba-9b0b-4912264cb072","local_time":"20190314014057","is_ascension_mode":true,"campfire_choices":[{"data":"Headbutt","floor":6,"key":"SMITH"},{"floor":8,"key":"REST"},{"floor":15,"key":"REST"}],"neow_cost":"NO_GOLD","seed_source_timestamp":340319948759220,"circlet_count":0,"master_deck":["AscendersBane","Strike_R","Strike_R","Strike_R","Strike_R","Strike_R","Defend_R","Defend_R","Defend_R","Defend_R","Bash+1","Headbutt+1","Armaments","Shrug It Off","Inflame","Clothesline","Disarm"],"relics":["Burning Blood","GremlinMask","Smiling Mask","Lantern","Ginger"],"potions_floor_usage":[14,16],"damage_taken":[{"damage":4,"enemies":"Jaw Worm","floor":1,"turns":5},{"damage":7,"enemies":"Cultist","floor":3,"turns":4},{"damage":20,"enemies":"Small Slimes","floor":5,"turns":3},{"damage":49,"enemies":"3 Sentries","floor":7,"turns":12},{"damage":14,"enemies":"3 Louse","floor":11,"turns":5},{"damage":20,"enemies":"Gremlin Nob","floor":14,"turns":4},{"damage":63,"enemies":"Slime Boss","floor":16,"turns":8}],"seed_played":"-6388267865621722630","potions_obtained":[{"floor":3,"key":"GamblersBrew"},{"floor":11,"key":"LiquidBronze"}],"is_trial":false,"path_per_floor":["M","?","M","?","M","R","E","R","T","$","M","?","$","E","R","B"],"character_chosen":"IRONCLAD","items_purchased":["Shrug It Off","Inflame","Disarm"],"campfire_rested":2,"item_purchase_floors":[10,10,13],"current_hp_per_floor":[84,84,83,83,69,69,26,52,52,52,44,44,44,30,56,0],"gold":72,"neow_bonus":"TWENTY_PERCENT_HP_BONUS","is_prod":false,"is_daily":false,"chose_seed":false,"campfire_upgraded":1,"win_rate":0,"timestamp":1552524057,"path_taken":["M","?","?","?","?","R","E","R","T","$","M","?","$","E","R","BOSS"],"build_version":"2019-02-06","purchased_purges":1,"victory":false,"max_hp_per_floor":[89,89,89,89,89,89,89,89,89,89,89,89,89,89,89,89],"card_choices":[{"not_picked":["Armaments","Flex"],"picked":"Headbutt","floor":1},{"not_picked":["Pommel Strike","Fire Breathing"],"picked":"Armaments","floor":3},{"not_picked":["Wild Strike","Warcry","Infernal Blade"],"picked":"SKIP","floor":5},{"not_picked":["Feel No Pain","Clash","Combust"],"picked":"SKIP","floor":7},{"not_picked":["Heavy Blade","Pummel"],"picked":"Clothesline","floor":11},{"not_picked":["Sentinel","Headbutt","Bloodletting"],"picked":"SKIP","floor":14}],"player_experience":266681,"relics_obtained":[{"floor":7,"key":"Smiling Mask"},{"floor":9,"key":"Lantern"},{"floor":14,"key":"Ginger"}],"event_choices":[{"damage_healed":0,"gold_gain":0,"player_choice":"Trade","damage_taken":0,"relics_obtained":["GremlinMask"],"max_hp_gain":0,"max_hp_loss":0,"event_name":"FaceTrader","floor":2,"gold_loss":0},{"damage_healed":0,"gold_gain":0,"player_choice":"Upgraded","damage_taken":0,"max_hp_gain":0,"max_hp_loss":0,"event_name":"Upgrade Shrine","floor":4,"gold_loss":0,"cards_upgraded":["Bash"]},{"damage_healed":0,"gold_gain":150,"player_choice":"AGREE","damage_taken":0,"max_hp_gain":0,"max_hp_loss":0,"event_name":"Liars Game","floor":12,"gold_loss":0,"cards_obtained":["Doubt"]}],"is_beta":true,"boss_relics":[],"items_purged_floors":[13],"is_endless":false,"potions_floor_spawned":[3,11],"killed_by":"Slime Boss","ascension_level":17}