{"gold_per_floor":[113,124,136,136,21,55,55,0,0,30,30,45,45,45,45,45],"floor_reached":16,"playtime":526,"items_purged":[],"score":216,"play_id":"98a27b29-d3d7-4aeb-bdf6-79251e11dcbb","local_time":"20190204155055","is_ascension_mode":true,"campfire_choices":[{"data":"Searing Blow","floor":7,"key":"SMITH"},{"data":"Searing Blow+1","floor":11,"key":"SMITH"},{"data":"Searing Blow+2","floor":13,"key":"SMITH"},{"data":"Searing Blow+4","floor":15,"key":"SMITH"}],"neow_cost":"NONE","seed_source_timestamp":2482425898355073,"circlet_count":0,"master_deck":["AscendersBane","Strike_R+1","Strike_R","Strike_R","Strike_R","Strike_R","Defend_R","Defend_R","Defend_R","Defend_R+1","Bash","Wild Strike","Shrug It Off","Clothesline","Searing Blow+5","Armaments","Fiend Fire","Burning Pact","Disarm"],"relics":["Burning Blood","Torii","Peace Pipe","Art of War"],"potions_floor_usage":[6,10],"damage_taken":[{"damage":1,"enemies":"Small Slimes","floor":1,"turns":4},{"damage":7,"enemies":"2 Louse","floor":2,"turns":4},{"damage":0,"enemies":"Jaw Worm","floor":3,"turns":3},{"damage":29,"enemies":"3 Sentries","floor":6,"turns":9},{"damage":17,"enemies":"Gremlin Nob","floor":10,"turns":4},{"damage":11,"enemies":"Looter","floor":12,"turns":2},{"damage":22,"enemies":"Slime Boss","floor":16,"turns":3}],"seed_played":"-1650133698187067713","potions_obtained":[{"floor":3,"key":"Energy Potion"}],"is_trial":false,"path_per_floor":["M","M","M","?","$","E","R","$","T","E","R","M","R","?","R","B"],"character_chosen":"IRONCLAD","items_purchased":["Searing Blow","Armaments","SkillPotion"],"campfire_rested":0,"item_purchase_floors":[5,5,8],"current_hp_per_floor":[80,79,82,57,57,34,34,34,34,23,23,18,18,18,18,0],"gold":45,"neow_bonus":"TEN_PERCENT_HP_BONUS","is_prod":false,"is_daily":false,"chose_seed":false,"campfire_upgraded":4,"win_rate":0,"timestamp":1549324255,"path_taken":["M","M","M","?","$","E","R","$","T","E","R","M","R","?","R","BOSS"],"build_version":"2019-01-23","purchased_purges":0,"victory":false,"max_hp_per_floor":[82,82,82,82,82,82,82,82,82,82,82,82,82,82,82,82],"card_choices":[{"not_picked":["Second Wind","Body Slam"],"picked":"Wild Strike","floor":1},{"not_picked":["Sword Boomerang","Twin Strike"],"picked":"Shrug It Off","floor":2},{"not_picked":["Shockwave","Clash"],"picked":"Clothesline","floor":3},{"not_picked":["Twin Strike","Thunderclap"],"picked":"Fiend Fire","floor":6},{"not_picked":["Perfected Strike","Bloodletting"],"picked":"Burning Pact","floor":10},{"not_picked":["Anger","Headbutt"],"picked":"Disarm","floor":12}],"player_experience":1213313,"relics_obtained":[{"floor":6,"key":"Torii"},{"floor":9,"key":"Peace Pipe"},{"floor":10,"key":"Art of War"}],"event_choices":[{"damage_healed":0,"gold_gain":0,"player_choice":"Entered Light","damage_taken":25,"max_hp_gain":0,"max_hp_loss":0,"event_name":"Shining Light","floor":4,"gold_loss":0,"cards_upgraded":["Strike_R","Defend_R"]},{"damage_healed":0,"gold_gain":0,"player_choice":"Grow","damage_taken":0,"max_hp_gain":0,"max_hp_loss":0,"event_name":"Living Wall","floor":14,"gold_loss":0,"cards_upgraded":["Searing Blow"]}],"is_beta":true,"boss_relics":[],"items_purged_floors":[],"is_endless":false,"potions_floor_spawned":[3],"killed_by":"Slime Boss","ascension_level":20}