{"gold_per_floor":[112,112,112,150,162,207,219,231,266,292,304,345,357,387,399,515,527,556,667,696,708,738,784,796,834,870,882,923,950,978,1009,1021,1133,1145,1167,1179,1191,1215,1246,1258,1295,1307,1319,1331,1354,1383,937,955,955,955],"floor_reached":51,"playtime":6925,"items_purged":["Strike_R"],"score":1133,"play_id":"4e819bbd-2f9a-4891-8879-409de53247e9","local_time":"20190521140924","is_ascension_mode":true,"campfire_choices":[{"data":"Demon Form","floor":7.0,"key":"SMITH"},{"floor":13.0,"key":"REST"},{"data":"Flame Barrier","floor":15.0,"key":"SMITH"},{"data":"Immolate","floor":27.0,"key":"SMITH"},{"data":"Shockwave","floor":32.0,"key":"SMITH"},{"data":"Double Tap","floor":40,"key":"SMITH"},{"data":"Exhume","floor":42,"key":"SMITH"},{"data":"Strike_R","floor":44,"key":"PURGE"},{"floor":49,"key":"REST"}],"neow_cost":"NONE","seed_source_timestamp":0,"circlet_count":0,"master_deck":["Strike_R","Strike_R","Defend_R","Defend_R","Defend_R+1","Defend_R","Bash","Demon Form+1","Uppercut+1","Evolve+1","Shockwave+1","Power Through","Flame Barrier+1","Immolate+1","Armaments+1","Ghostly Armor+1","Reaper","Battle Trance","Double Tap+1","Heavy Blade+1","Exhume+1","Pummel","True Grit+1"],"special_seed":0,"relics":["Burning Blood","MawBank","Pen Nib","Bag of Preparation","Blood Vial","Bronze Scales","Mark of Pain","Pear","Bottled Lightning","Turnip","Ancient Tea Set","Thread and Needle","Sozu","Self Forming Clay","Peace Pipe","Anchor","Juzu Bracelet"],"potions_floor_usage":[],"damage_taken":[{"damage":0.0,"enemies":"Small Slimes","floor":1.0,"turns":3.0},{"damage":40.0,"enemies":"3 Sentries","floor":6.0,"turns":7.0},{"damage":4.0,"enemies":"Jaw Worm","floor":10.0,"turns":3.0},{"damage":15.0,"enemies":"Lagavulin","floor":12.0,"turns":5.0},{"damage":0.0,"enemies":"2 Louse","floor":14.0,"turns":2.0},{"damage":12.0,"enemies":"The Guardian","floor":16.0,"turns":10.0},{"damage":8.0,"enemies":"2 Thieves","floor":18.0,"turns":4.0},{"damage":16.0,"enemies":"Spheric Guardian","floor":20.0,"turns":4.0},{"damage":13.0,"enemies":"Snecko","floor":22.0,"turns":4.0},{"damage":23.0,"enemies":"Slavers","floor":23.0,"turns":5.0},{"damage":16.0,"enemies":"Book of Stabbing","floor":25.0,"turns":7.0},{"damage":14.0,"enemies":"Slavers","floor":28.0,"turns":2.0},{"damage":4.0,"enemies":"Cultist and Chosen","floor":29.0,"turns":5.0},{"damage":8.0,"enemies":"Centurion and Healer","floor":30.0,"turns":6.0},{"damage":0.0,"enemies":"Snecko","floor":31.0,"turns":4.0},{"damage":85.0,"enemies":"Champ","floor":33.0,"turns":11.0},{"damage":22,"enemies":"3 Darklings","floor":35,"turns":3},{"damage":4,"enemies":"3 Shapes","floor":38,"turns":5},{"damage":8,"enemies":"Writhing Mass","floor":39,"turns":7},{"damage":8,"enemies":"Reptomancer","floor":41,"turns":5},{"damage":0,"enemies":"Transient","floor":45,"turns":5},{"damage":28,"enemies":"Spire Growth","floor":46,"turns":7},{"damage":33,"enemies":"Writhing Mass","floor":48,"turns":5},{"damage":8,"enemies":"Awakened One","floor":50,"turns":10}],"seed_played":"7433862721932511501","potions_obtained":[{"floor":1.0,"key":"Explosive Potion"},{"floor":12.0,"key":"FearPotion"},{"floor":14.0,"key":"AttackPotion"},{"floor":20.0,"key":"Weak Potion"},{"floor":25.0,"key":"Swift Potion"},{"floor":29.0,"key":"AttackPotion"},{"floor":33.0,"key":"PowerPotion"}],"is_trial":false,"path_per_floor":["M","?","?","T","$","E","R","?","T","M","$","E","R","M","R","B",null,"M","?","M","?","M","E","T","E","T","R","E","M","M","M","R","B",null,"M","$","?","M","M","R","E","R","T","R","M","M","$","M","R","B",null],"character_chosen":"IRONCLAD","items_purchased":["Anchor","Juzu Bracelet","Pummel"],"campfire_rested":2,"item_purchase_floors":[47,47,47],"current_hp_per_floor":[78,78,71,71,71,37,37,21,21,25,25,18,42,50,50,46,72,72,72,64,64,59,54,54,46,46,46,58,65,90,90,90,50,80,90,90,90,90,88,88,88,88,88,88,90,87,87,73,90,88],"gold":955,"neow_bonus":"ONE_RANDOM_RARE_CARD","is_prod":false,"is_daily":false,"chose_seed":false,"campfire_upgraded":6,"win_rate":0,"timestamp":1558462164,"path_taken":["M","?","?","?","$","E","R","?","T","M","$","E","R","M","R","BOSS","M","?","M","?","M","E","?","E","T","R","E","M","M","M","R","BOSS","M","$","?","M","M","R","E","R","T","R","?","M","$","M","R","BOSS"],"build_version":"2019-01-23","purchased_purges":1,"victory":true,"max_hp_per_floor":[80,80,80,80,80,80,80,80,80,80,80,80,80,80,80,80,80,80,80,80,80,80,90,90,90,90,90,90,90,90,90,90,90,90,90,90,90,90,90,90,90,90,90,90,90,90,90,90,90,90],"card_choices":[{"not_picked":["Rage","Searing Blow"],"picked":"Uppercut","floor":1.0},{"not_picked":["Infernal Blade","Anger"],"picked":"Evolve","floor":6.0},{"not_picked":["Sword Boomerang","Cleave"],"picked":"Shockwave","floor":10.0},{"not_picked":["True Grit","Inflame"],"picked":"Power Through","floor":12.0},{"not_picked":["Dual Wield","Twin Strike"],"picked":"Flame Barrier","floor":14.0},{"not_picked":["Offering","Fiend Fire"],"picked":"Immolate","floor":16.0},{"not_picked":["Seeing Red+1","Perfected Strike"],"picked":"Armaments+1","floor":18.0},{"not_picked":["Body Slam+1","Twin Strike+1","Blood for Blood"],"picked":"SKIP","floor":20.0},{"not_picked":["Seeing Red","Evolve"],"picked":"Ghostly Armor+1","floor":22.0},{"not_picked":["Warcry","Shrug It Off"],"picked":"Reaper","floor":23.0},{"not_picked":["Body Slam","Armaments","Rage"],"picked":"SKIP","floor":25.0},{"not_picked":["Clash","Rupture"],"picked":"Battle Trance","floor":28.0},{"not_picked":["Armaments","Pommel Strike+1","Hemokinesis"],"picked":"SKIP","floor":29.0},{"not_picked":["Thunderclap","Metallicize+1","Clash"],"picked":"SKIP","floor":30.0},{"not_picked":["Warcry","Shrug It Off","Pommel Strike+1"],"picked":"SKIP","floor":31.0},{"not_picked":["Barricade","Reaper"],"picked":"Double Tap","floor":33.0},{"not_picked":["Wild Strike+1","Flex","Metallicize"],"picked":"SKIP","floor":35},{"not_picked":["Feel No Pain","Perfected Strike+1","Sentinel+1"],"picked":"SKIP","floor":38},{"not_picked":["Iron Wave+1","Disarm"],"picked":"Heavy Blade+1","floor":39},{"not_picked":["Hemokinesis+1","Second Wind"],"picked":"Exhume","floor":41},{"not_picked":["Iron Wave+1","Cleave+1","Power Through+1"],"picked":"SKIP","floor":45},{"not_picked":["Combust","Perfected Strike+1","Shrug It Off"],"picked":"SKIP","floor":46},{"not_picked":["Evolve+1","Body Slam"],"picked":"True Grit+1","floor":48}],"player_experience":545155,"relics_obtained":[{"floor":4.0,"key":"Pen Nib"},{"floor":6.0,"key":"Bag of Preparation"},{"floor":9.0,"key":"Blood Vial"},{"floor":12.0,"key":"Bronze Scales"},{"floor":23.0,"key":"Pear"},{"floor":24.0,"key":"Bottled Lightning"},{"floor":25.0,"key":"Turnip"},{"floor":26.0,"key":"Ancient Tea Set"},{"floor":28.0,"key":"Thread and Needle"},{"floor":41,"key":"Self Forming Clay"},{"floor":43,"key":"Peace Pipe"}],"event_choices":[{"damage_healed":0.0,"max_hp_gain":0.0,"max_hp_loss":0.0,"gold_gain":0.0,"event_name":"Living Wall","player_choice":"Grow","floor":2.0,"gold_loss":0.0,"damage_taken":0.0,"cards_upgraded":["Uppercut"]},{"damage_healed":0.0,"max_hp_gain":0.0,"max_hp_loss":0.0,"gold_gain":0.0,"event_name":"Scrap Ooze","player_choice":"Success","floor":3.0,"gold_loss":0.0,"damage_taken":7.0,"relics_obtained":["MawBank"]},{"damage_healed":0.0,"max_hp_gain":0.0,"max_hp_loss":0.0,"gold_gain":0.0,"event_name":"Shining Light","player_choice":"Entered Light","floor":8.0,"gold_loss":0.0,"damage_taken":16.0,"cards_upgraded":["Defend_R","Evolve"]},{"damage_healed":0.0,"max_hp_gain":0.0,"max_hp_loss":0.0,"gold_gain":99.0,"event_name":"Nest","player_choice":"Stole From Cult","floor":19.0,"gold_loss":0.0,"damage_taken":0.0},{"cards_removed":["Strike_R"],"damage_healed":0.0,"max_hp_gain":0.0,"max_hp_loss":0.0,"gold_gain":0.0,"event_name":"Back to Basics","player_choice":"Elegance","floor":21.0,"gold_loss":0.0,"damage_taken":0.0},{"damage_healed":0,"gold_gain":0,"player_choice":"Ignored","damage_taken":0,"max_hp_gain":0,"max_hp_loss":0,"event_name":"SecretPortal","floor":37,"gold_loss":0}],"is_beta":false,"boss_relics":[{"not_picked":["Busted Crown","Cursed Key"],"picked":"Mark of Pain"},{"not_picked":["Pandora\u0027s Box","Orrery"],"picked":"Sozu"}],"items_purged_floors":[47],"is_endless":false,"potions_floor_spawned":[1,12,14,20,25,29,30,33,38,46,48],"ascension_level":8}