{"gold_per_floor":[117,136,136,154,104,164,16,16,42,42,55,110,110,10,10,108,108,123,222,97,113,113,113,203,215,215,230,80,80,99,116,116,220,220,239,64,64,81,81,81,92,107,185,185,185,204,220,24,24,24],"floor_reached":51,"playtime":2016,"items_purged":["Strike_R","Strike_R","Strike_R","Defend_R","Clothesline"],"score":722,"play_id":"1a02fdaf-2f04-463d-b34d-2a5a9055b04d","local_time":"20190605010329","is_ascension_mode":false,"campfire_choices":[{"data":"Bash","floor":8.0,"key":"SMITH"},{"data":"Dropkick","floor":10.0,"key":"SMITH"},{"floor":15.0,"key":"REST"},{"data":"Dropkick","floor":23.0,"key":"SMITH"},{"data":"Offering","floor":29.0,"key":"SMITH"},{"floor":32.0,"key":"REST"},{"data":"Shrug It Off","floor":40,"key":"SMITH"},{"floor":45,"key":"RECALL"},{"floor":49,"key":"REST"}],"neow_cost":"NONE","seed_source_timestamp":604568154174100,"circlet_count":0,"master_deck":["Bash+1","Dropkick+1","Shrug It Off+1","Dropkick+1","Offering+1"],"special_seed":0,"relics":["Burning Blood","Tiny Chest","Pen Nib","Gremlin Horn","Letter Opener","Busted Crown","Champion Belt","Pandora\u0027s Box","Darkstone Periapt","Vajra"],"potions_floor_usage":[33,50,50],"damage_taken":[{"damage":1.0,"enemies":"Jaw Worm","floor":1.0,"turns":3.0},{"damage":8.0,"enemies":"2 Louse","floor":2.0,"turns":3.0},{"damage":3.0,"enemies":"Small Slimes","floor":4.0,"turns":4.0},{"damage":29.0,"enemies":"Lagavulin","floor":6.0,"turns":9.0},{"damage":2.0,"enemies":"Looter","floor":11.0,"turns":3.0},{"damage":37.0,"enemies":"3 Sentries","floor":12.0,"turns":10.0},{"damage":0.0,"enemies":"Slime Boss","floor":16.0,"turns":7.0},{"damage":26.0,"enemies":"Spheric Guardian","floor":18.0,"turns":4.0},{"damage":6.0,"enemies":"2 Thieves","floor":21.0,"turns":1.0},{"damage":6.0,"enemies":"Shelled Parasite and Fungi","floor":25.0,"turns":1.0},{"damage":6.0,"enemies":"Centurion and Healer","floor":27.0,"turns":2.0},{"damage":6.0,"enemies":"Snake Plant","floor":30.0,"turns":1.0},{"damage":6.0,"enemies":"Snecko","floor":31.0,"turns":1.0},{"damage":12,"enemies":"Automaton","floor":33,"turns":4},{"damage":6,"enemies":"3 Darklings","floor":35,"turns":1},{"damage":0,"enemies":"Orb Walker","floor":38,"turns":1},{"damage":12,"enemies":"3 Darklings","floor":41,"turns":2},{"damage":0,"enemies":"Maw","floor":42,"turns":1},{"damage":16,"enemies":"4 Shapes","floor":46,"turns":2},{"damage":0,"enemies":"Writhing Mass","floor":47,"turns":1},{"damage":21,"enemies":"Donu and Deca","floor":50,"turns":3}],"seed_played":"3387930637611955885","potions_obtained":[{"floor":1.0,"key":"LiquidBronze"},{"floor":4.0,"key":"Weak Potion"},{"floor":12.0,"key":"FearPotion"},{"floor":16.0,"key":"Strength Potion"},{"floor":18.0,"key":"FearPotion"},{"floor":38,"key":"PowerPotion"},{"floor":42,"key":"BloodPotion"},{"floor":46,"key":"SteroidPotion"}],"is_trial":false,"path_per_floor":["M","M","?","M","?","E","$","R","T","R","M","?","T","$","R","B",null,"M","?","$","M","?","R","?","M","T","M","$","R","M","M","R","B",null,"M","$","?","M","$","R","M","M","T","$","R","M","M","$","R","B",null],"character_chosen":"IRONCLAD","items_purchased":["Dropkick","Vajra","Energy Potion"],"campfire_rested":3,"item_purchase_floors":[7,48,48],"current_hp_per_floor":[80,78,78,80,80,57,57,57,57,57,61,30,30,30,54,60,80,60,60,60,60,60,60,44,44,44,44,44,44,44,44,68,62,80,80,80,80,80,80,80,74,80,80,80,80,70,76,76,80,65],"gold":24,"neow_bonus":"REMOVE_CARD","is_prod":false,"is_daily":false,"chose_seed":false,"campfire_upgraded":5,"win_rate":0,"timestamp":1559721809,"path_taken":["M","M","?","M","?","E","$","R","T","R","M","?","?","$","R","BOSS","M","?","$","M","?","R","?","?","T","M","$","R","M","M","R","BOSS","M","$","?","M","$","R","M","M","T","$","R","M","M","?","R","BOSS"],"build_version":"2019-01-23","purchased_purges":5,"victory":true,"max_hp_per_floor":[80,80,80,80,80,80,80,80,80,80,80,80,80,80,80,80,80,80,80,80,80,80,80,80,80,80,80,80,80,80,80,80,80,80,80,80,80,80,80,80,80,80,80,80,80,80,80,80,80,80],"card_choices":[{"not_picked":["Dual Wield","Warcry","Rage"],"picked":"SKIP","floor":1.0},{"not_picked":["Cleave","Clothesline"],"picked":"Dropkick","floor":2.0},{"not_picked":["Feel No Pain","True Grit"],"picked":"Shrug It Off","floor":4.0},{"not_picked":["Corruption","Evolve","Whirlwind"],"picked":"SKIP","floor":6.0},{"not_picked":["Searing Blow","Clash","Burning Pact"],"picked":"SKIP","floor":11.0},{"not_picked":["Dark Embrace","Feed"],"picked":"Offering","floor":16.0},{"not_picked":["Ghostly Armor+1"],"picked":"SKIP","floor":18.0},{"not_picked":["Shrug It Off+1"],"picked":"SKIP","floor":21.0},{"not_picked":["Anger"],"picked":"SKIP","floor":25.0},{"not_picked":["Anger"],"picked":"SKIP","floor":27.0},{"not_picked":["Clothesline"],"picked":"SKIP","floor":30.0},{"not_picked":["Evolve+1"],"picked":"SKIP","floor":31.0},{"not_picked":["Headbutt+1"],"picked":"SKIP","floor":35},{"not_picked":["Sword Boomerang+1"],"picked":"SKIP","floor":38},{"not_picked":["Headbutt"],"picked":"SKIP","floor":41},{"not_picked":["Rampage+1"],"picked":"SKIP","floor":42},{"not_picked":["Headbutt+1"],"picked":"SKIP","floor":46},{"not_picked":["Clothesline"],"picked":"SKIP","floor":47}],"player_experience":1273343,"relics_obtained":[{"floor":6.0,"key":"Tiny Chest"},{"floor":9.0,"key":"Pen Nib"},{"floor":13.0,"key":"Letter Opener"},{"floor":26.0,"key":"Champion Belt"},{"floor":43,"key":"Darkstone Periapt"}],"event_choices":[{"cards_removed":["Strike_R"],"damage_healed":0.0,"max_hp_gain":0.0,"max_hp_loss":0.0,"gold_gain":0.0,"event_name":"Living Wall","player_choice":"Forget","floor":3.0,"gold_loss":0.0,"damage_taken":0.0},{"cards_removed":["Defend_R"],"damage_healed":0.0,"max_hp_gain":0.0,"max_hp_loss":0.0,"gold_gain":0.0,"event_name":"The Cleric","player_choice":"Card Removal","floor":5.0,"gold_loss":50.0,"damage_taken":0.0},{"damage_healed":0.0,"max_hp_gain":0.0,"max_hp_loss":0.0,"gold_gain":30.0,"event_name":"Dead Adventurer","player_choice":"Searched \u00273\u0027 times","floor":12.0,"gold_loss":0.0,"damage_taken":0.0,"relics_obtained":["Gremlin Horn"]},{"damage_healed":0.0,"max_hp_gain":0.0,"max_hp_loss":0.0,"gold_gain":99.0,"event_name":"Nest","player_choice":"Stole From Cult","floor":19.0,"gold_loss":0.0,"damage_taken":0.0},{"damage_healed":0.0,"max_hp_gain":0.0,"max_hp_loss":0.0,"gold_gain":90.0,"event_name":"Knowing Skull","player_choice":"GOLD ","floor":24.0,"potions_obtained":[],"gold_loss":0.0,"damage_taken":16.0,"cards_obtained":[]},{"cards_removed":["Ghostly Armor"],"damage_healed":0,"gold_gain":0,"player_choice":"Offered Uncommon","damage_taken":0,"max_hp_gain":0,"max_hp_loss":0,"event_name":"Bonfire Elementals","floor":37,"gold_loss":0}],"is_beta":false,"boss_relics":[{"not_picked":["Black Blood","Tiny House"],"picked":"Busted Crown"},{"not_picked":["Fusion Hammer","Black Star"],"picked":"Pandora\u0027s Box"}],"items_purged_floors":[7,14,20,28,36],"is_endless":false,"potions_floor_spawned":[1,4,12,16,18,21,25,38,42,46],"ascension_level":0}