{"gold_per_floor":[113,263,23,23,39,39,70,94,94,94,19,19,19],"floor_reached":13,"playtime":201,"items_purged":["Doubt"],"score":212,"play_id":"79c33216-4a86-4430-b344-6c43c409e02a","local_time":"20190607024243","is_ascension_mode":true,"campfire_choices":[{"data":"Apotheosis","floor":6,"key":"SMITH"},{"data":"Feel No Pain","floor":10,"key":"SMITH"}],"neow_cost":"NONE","seed_source_timestamp":3641713612068823,"circlet_count":0,"master_deck":["AscendersBane","Strike_R","Strike_R","Strike_R","Strike_R","Strike_R","Defend_R","Defend_R","Defend_R","Defend_R","Bash","Inflame","Apotheosis+1","Feel No Pain+1","Shrug It Off","Immolate","Flame Barrier"],"relics":["Burning Blood","NeowsBlessing","Golden Idol","Bottled Tornado","Darkstone Periapt","Nunchaku"],"potions_floor_usage":[13],"damage_taken":[{"damage":0,"enemies":"Cultist","floor":1,"turns":1},{"damage":0,"enemies":"Small Slimes","floor":5,"turns":1},{"damage":0,"enemies":"Lagavulin","floor":7,"turns":1},{"damage":2,"enemies":"2 Louse","floor":8,"turns":3},{"damage":58,"enemies":"Gremlin Nob","floor":13,"turns":4}],"seed_played":"-791911611317751579","potions_obtained":[{"floor":5,"key":"BloodPotion"}],"is_trial":false,"path_per_floor":["M","?","$","?","M","R","E","M","T","R","$","?","E"],"character_chosen":"IRONCLAD","items_purchased":["Apotheosis","Feel No Pain"],"campfire_rested":0,"item_purchase_floors":[3,3],"current_hp_per_floor":[74,74,74,68,68,68,68,68,68,68,68,33,0],"gold":19,"neow_bonus":"THREE_ENEMY_KILL","is_prod":false,"is_daily":false,"chose_seed":false,"campfire_upgraded":2,"win_rate":0,"timestamp":1559900563,"path_taken":["M","?","$","?","M","R","E","M","T","R","$","?","E"],"build_version":"2019-06-05","purchased_purges":1,"victory":false,"max_hp_per_floor":[75,75,75,68,68,68,68,68,68,68,68,68,68],"card_choices":[{"not_picked":["Warcry","Iron Wave"],"picked":"Inflame","floor":1},{"not_picked":["Warcry","Twin Strike"],"picked":"Shrug It Off","floor":5},{"not_picked":["Corruption","Twin Strike"],"picked":"Immolate","floor":7},{"not_picked":["Flex","Armaments"],"picked":"Flame Barrier","floor":8}],"player_experience":1316828,"relics_obtained":[{"floor":7,"key":"Bottled Tornado"},{"floor":9,"key":"Darkstone Periapt"}],"event_choices":[{"damage_healed":0,"gold_gain":150,"player_choice":"AGREE","damage_taken":0,"max_hp_gain":0,"max_hp_loss":0,"event_name":"Liars Game","floor":2,"gold_loss":0,"cards_obtained":["Doubt"]},{"damage_healed":0,"gold_gain":0,"player_choice":"Lose Max HP","damage_taken":0,"relics_obtained":["Golden Idol"],"max_hp_gain":0,"max_hp_loss":7,"event_name":"Golden Idol","floor":4,"gold_loss":0},{"damage_healed":0,"gold_gain":0,"player_choice":"Success","damage_taken":35,"relics_obtained":["Nunchaku"],"max_hp_gain":0,"max_hp_loss":0,"event_name":"Scrap Ooze","floor":12,"gold_loss":0}],"is_beta":true,"boss_relics":[],"items_purged_floors":[11],"is_endless":false,"potions_floor_spawned":[5],"killed_by":"Gremlin Nob","ascension_level":20}