{"gold_per_floor":[116,116,132,132,149,182,193,193,193,227,10,10],"floor_reached":12,"playtime":798,"items_purged":["Pain"],"score":176,"play_id":"1d55b867-6ef9-4072-99cb-e8ad8648b281","local_time":"20190814235953","is_ascension_mode":true,"campfire_choices":[{"floor":8,"key":"REST"}],"neow_cost":"NONE","seed_source_timestamp":4489731764769700,"circlet_count":0,"master_deck":["AscendersBane","Strike_G","Strike_G","Strike_G","Strike_G","Strike_G","Defend_G","Defend_G","Defend_G","Defend_G","Defend_G","Survivor","Neutralize","Underhanded Strike","All Out Attack","Bouncing Flask","Dodge and Roll","Flying Knee","Dagger Spray","Predator","Cloak And Dagger","Prepared"],"special_seed":0,"relics":["Ring of the Snake","Orichalcum","WarpedTongs","Oddly Smooth Stone","Art of War","Ninja Scroll"],"potions_floor_usage":[7,10],"damage_taken":[{"damage":11.0,"enemies":"Jaw Worm","floor":1.0,"turns":6.0},{"damage":0.0,"enemies":"Cultist","floor":3.0,"turns":5.0},{"damage":7.0,"enemies":"Small Slimes","floor":5.0,"turns":3.0},{"damage":25.0,"enemies":"Lagavulin","floor":6.0,"turns":8.0},{"damage":13,"enemies":"Gremlin Gang","floor":7,"turns":4},{"damage":16,"enemies":"3 Sentries","floor":10,"turns":8},{"damage":7,"enemies":"Lagavulin","floor":12,"turns":3}],"seed_played":"-6713773532113248965","potions_obtained":[{"floor":3.0,"key":"Weak Potion"},{"floor":5.0,"key":"LiquidBronze"},{"floor":7,"key":"Energy Potion"}],"is_trial":false,"path_per_floor":["M","?","M","?","M","E","M","R","T","E","$","E"],"character_chosen":"THE_SILENT","items_purchased":["Predator","Cloak And Dagger","Prepared"],"campfire_rested":1,"item_purchase_floors":[11,11,11],"current_hp_per_floor":[48,48,48,48,41,16,3,22,22,6,6,0],"gold":10,"neow_bonus":"RANDOM_COMMON_RELIC","is_prod":false,"is_daily":false,"chose_seed":false,"campfire_upgraded":0,"win_rate":0,"timestamp":1565852393,"path_taken":["M","?","M","?","M","E","?","R","T","E","?","E"],"build_version":"2019-07-18","purchased_purges":1,"victory":false,"max_hp_per_floor":[66,66,66,66,66,66,66,66,66,66,66,66],"card_choices":[{"not_picked":["Outmaneuver","Acrobatics"],"picked":"Underhanded Strike","floor":1.0},{"not_picked":["Tactician","Outmaneuver"],"picked":"All Out Attack","floor":3.0},{"not_picked":["Blade Dance","Cloak And Dagger"],"picked":"Bouncing Flask","floor":5.0},{"not_picked":["Accuracy","Crippling Poison"],"picked":"Dodge and Roll","floor":6.0},{"not_picked":["Poisoned Stab","Outmaneuver"],"picked":"Flying Knee","floor":7},{"not_picked":["Night Terror","Outmaneuver"],"picked":"Dagger Spray","floor":10}],"player_experience":3529787,"relics_obtained":[{"floor":6.0,"key":"Oddly Smooth Stone"},{"floor":9,"key":"Art of War"},{"floor":10,"key":"Ninja Scroll"}],"event_choices":[{"damage_healed":0.0,"max_hp_gain":0.0,"max_hp_loss":0.0,"gold_gain":0.0,"event_name":"Liars Game","player_choice":"Ignored","floor":2.0,"gold_loss":0.0,"damage_taken":0.0},{"damage_healed":0.0,"max_hp_gain":0.0,"max_hp_loss":0.0,"gold_gain":0.0,"event_name":"Accursed Blacksmith","player_choice":"Rummage","floor":4.0,"gold_loss":0.0,"damage_taken":0.0,"relics_obtained":["WarpedTongs"],"cards_obtained":["Pain"]}],"is_beta":true,"boss_relics":[],"items_purged_floors":[11],"is_endless":false,"potions_floor_spawned":[3,5,7],"killed_by":"Lagavulin","ascension_level":20}