{"gold_per_floor":[209,227,247,247,9,34,45,45,68,102,16,16,33,133,133,237,287,298,331,50,65,78,78,104,104,128,128,128,3,19,19,19,19],"floor_reached":33,"playtime":2887,"items_purged":["Strike_R","Strike_R","Strike_R"],"score":328,"play_id":"8045a0a3-26ad-4802-aab8-97f0e2f1410f","local_time":"20181106184503","is_ascension_mode":true,"campfire_choices":[{"floor":8,"key":"REST"},{"floor":15,"key":"REST"},{"floor":23,"key":"REST"},{"floor":25,"key":"REST"},{"floor":32,"key":"REST"}],"neow_cost":"NONE","seed_source_timestamp":382813702236383,"circlet_count":0,"master_deck":["Strike_R","Defend_R","Defend_R","Defend_R","Defend_R","Bash","Armaments+1","Shockwave","Whirlwind","Battle Trance","Seeing Red","Intimidate","Inflame","True Grit","Infernal Blade+1","Iron Wave","Feed","Spot Weakness","Burning Pact+1","Double Tap","Shrug It Off","Dropkick","Impervious","Flex","Spot Weakness","Sword Boomerang+1"],"relics":["Burning Blood","Bag of Preparation","Bronze Scales","Blood Vial","Tiny House","Red Mask","Mummified Hand","Bag of Marbles"],"potions_floor_usage":[6,10,13,16,19,24,27,33],"damage_taken":[{"damage":9,"enemies":"2 Louse","floor":1,"turns":3},{"damage":7,"enemies":"Small Slimes","floor":2,"turns":4},{"damage":2,"enemies":"Cultist","floor":3,"turns":4},{"damage":26,"enemies":"3 Sentries","floor":6,"turns":4},{"damage":9,"enemies":"Blue Slaver","floor":7,"turns":4},{"damage":29,"enemies":"Gremlin Nob","floor":10,"turns":4},{"damage":18,"enemies":"Exordium Thugs","floor":13,"turns":6},{"damage":32,"enemies":"Hexaghost","floor":16,"turns":10},{"damage":0,"enemies":"3 Byrds","floor":18,"turns":3},{"damage":69,"enemies":"Masked Bandits","floor":19,"turns":7},{"damage":6,"enemies":"2 Thieves","floor":21,"turns":5},{"damage":14,"enemies":"Centurion and Healer","floor":22,"turns":6},{"damage":54,"enemies":"Book of Stabbing","floor":24,"turns":7},{"damage":0,"enemies":"Sentry and Sphere","floor":27,"turns":2},{"damage":25,"enemies":"Shelled Parasite and Fungi","floor":30,"turns":8},{"damage":61,"enemies":"Champ","floor":33,"turns":10}],"seed_played":"5527240184151354092","potions_obtained":[{"floor":2,"key":"SmokeBomb"},{"floor":6,"key":"Energy Potion"},{"floor":10,"key":"AttackPotion"},{"floor":13,"key":"Dexterity Potion"},{"floor":17,"key":"Poison Potion"},{"floor":18,"key":"Block Potion"}],"is_trial":false,"path_per_floor":["M","M","M","?","$","E","M","R","T","E","$","?","M","?","R","B",null,"M","?","$","M","M","R","E","R","T","M","?","$","M","$","R","B"],"character_chosen":"IRONCLAD","items_purchased":["Battle Trance","Seeing Red","Strength Potion","Infernal Blade","SpeedPotion","Shrug It Off","Dropkick","Swift Potion"],"campfire_rested":5,"item_purchase_floors":[5,5,5,11,11,20,20,20],"current_hp_per_floor":[77,76,80,85,85,65,62,85,85,62,62,62,52,52,77,53,90,93,30,30,32,26,53,7,34,34,42,42,42,28,28,56,0],"gold":19,"neow_bonus":"HUNDRED_GOLD","is_prod":false,"is_daily":false,"chose_seed":false,"campfire_upgraded":0,"win_rate":1,"timestamp":1541526303,"path_taken":["M","M","M","?","$","E","M","R","T","E","$","?","M","?","R","BOSS","M","?","$","M","M","R","E","R","T","M","?","$","?","$","R","BOSS"],"build_version":"2018-11-05","purchased_purges":3,"victory":false,"max_hp_per_floor":[80,80,80,85,85,85,85,85,85,85,85,85,85,85,85,85,90,93,93,93,93,93,93,93,93,93,93,93,93,96,96,96,96],"card_choices":[{"not_picked":["Iron Wave","Hemokinesis"],"picked":"Armaments","floor":1},{"not_picked":["Armaments","Iron Wave"],"picked":"Shockwave","floor":2},{"not_picked":["Heavy Blade","Warcry"],"picked":"Whirlwind","floor":3},{"not_picked":["Dark Embrace","Iron Wave"],"picked":"Intimidate","floor":6},{"not_picked":["Battle Trance","Clothesline"],"picked":"Inflame","floor":7},{"not_picked":["Heavy Blade","Disarm"],"picked":"True Grit","floor":10},{"not_picked":["Armaments","Thunderclap"],"picked":"Iron Wave","floor":13},{"not_picked":["Reaper","Berserk"],"picked":"Feed","floor":16},{"not_picked":["Armaments","Rage"],"picked":"Spot Weakness","floor":17},{"not_picked":["Perfected Strike","True Grit"],"picked":"Burning Pact+1","floor":18},{"not_picked":["Twin Strike","Anger"],"picked":"Double Tap","floor":19},{"not_picked":["Clothesline","Perfected Strike"],"picked":"Impervious","floor":21},{"not_picked":["Burning Pact","Uppercut+1"],"picked":"Flex","floor":22},{"not_picked":["Shockwave","Armaments+1"],"picked":"Spot Weakness","floor":24},{"not_picked":["Heavy Blade+1","Clothesline"],"picked":"Sword Boomerang+1","floor":30}],"player_experience":16679,"relics_obtained":[{"floor":6,"key":"Bag of Preparation"},{"floor":9,"key":"Bronze Scales"},{"floor":10,"key":"Blood Vial"},{"floor":19,"key":"Red Mask"},{"floor":24,"key":"Mummified Hand"},{"floor":26,"key":"Bag of Marbles"}],"event_choices":[{"damage_healed":0,"gold_gain":0,"player_choice":"Donut","damage_taken":0,"max_hp_gain":5,"max_hp_loss":0,"event_name":"Big Fish","floor":4,"gold_loss":0},{"damage_healed":0,"gold_gain":0,"player_choice":"Grow","damage_taken":0,"max_hp_gain":0,"max_hp_loss":0,"event_name":"Living Wall","floor":12,"gold_loss":0,"cards_upgraded":["Armaments"]},{"damage_healed":0,"gold_gain":100,"player_choice":"Pray","damage_taken":0,"max_hp_gain":0,"max_hp_loss":0,"event_name":"Golden Shrine","floor":14,"gold_loss":0},{"damage_healed":0,"gold_gain":0,"player_choice":"Fought Bandits","damage_taken":0,"max_hp_gain":0,"max_hp_loss":0,"event_name":"Masked Bandits","floor":19,"gold_loss":0},{"cards_removed":["Strike_R"],"damage_healed":0,"gold_gain":0,"player_choice":"Card Removal","damage_taken":0,"max_hp_gain":0,"max_hp_loss":0,"event_name":"Wheel of Change","floor":28,"gold_loss":0}],"is_beta":true,"boss_relics":[{"not_picked":["Eternal Feather","Snecko Eye"],"picked":"Tiny House"}],"items_purged_floors":[5,20,29],"is_endless":false,"potions_floor_spawned":[2,6,10,13,18,21,22],"killed_by":"Champ","ascension_level":2}