{"gold_per_floor":[115,56,70,17,17,45,45,70,70,82,113,113,128,144,144,218,218,228,228,228,240,53,53,66,66,66,66,79,79,79,79,79,79],"floor_reached":33,"playtime":1501,"items_purged":["Strike_R"],"score":518,"play_id":"a68add97-2c69-4e85-ac7d-237505d8a275","local_time":"20190312045255","is_ascension_mode":true,"campfire_choices":[{"floor":12,"key":"REST"},{"floor":15,"key":"REST"},{"data":"Armaments","floor":23,"key":"SMITH"},{"data":"Bash","floor":27,"key":"SMITH"},{"data":"J.A.X.","floor":32,"key":"SMITH"}],"neow_cost":"NONE","seed_source_timestamp":178288898388546,"circlet_count":0,"master_deck":["AscendersBane","Strike_R","Strike_R","Strike_R","Defend_R","Defend_R","Defend_R","Defend_R","Bash+1","Clothesline","True Grit","Shrug It Off","Headbutt","Armaments+1","Shrug It Off","Anger","Fiend Fire","Warcry+1","J.A.X.+1","Havoc"],"relics":["Burning Blood","NeowsBlessing","Dream Catcher","Bag of Marbles","Paper Frog","Bottled Flame","Busted Crown","Meat on the Bone","Self Forming Clay","Strawberry","Toxic Egg 2"],"potions_floor_usage":[10,14,24,33],"damage_taken":[{"damage":0,"enemies":"Small Slimes","floor":1,"turns":1},{"damage":0,"enemies":"Cultist","floor":3,"turns":1},{"damage":0,"enemies":"Gremlin Nob","floor":6,"turns":1},{"damage":49,"enemies":"3 Sentries","floor":8,"turns":11},{"damage":6,"enemies":"2 Louse","floor":10,"turns":3},{"damage":30,"enemies":"Gremlin Nob","floor":11,"turns":4},{"damage":18,"enemies":"Exordium Wildlife","floor":13,"turns":5},{"damage":6,"enemies":"Red Slaver","floor":14,"turns":4},{"damage":31,"enemies":"The Guardian","floor":16,"turns":12},{"damage":0,"enemies":"Chosen","floor":18,"turns":4},{"damage":14,"enemies":"Spheric Guardian","floor":21,"turns":4},{"damage":39,"enemies":"Centurion and Healer","floor":24,"turns":4},{"damage":3,"enemies":"Snake Plant","floor":28,"turns":2},{"damage":78,"enemies":"Champ","floor":33,"turns":10}],"seed_played":"4410788439937308987","potions_obtained":[{"floor":8,"key":"BloodPotion"},{"floor":13,"key":"Block Potion"},{"floor":14,"key":"Explosive Potion"},{"floor":16,"key":"BloodPotion"},{"floor":24,"key":"Regen Potion"}],"is_trial":false,"path_per_floor":["M","$","M","$","?","E","?","E","T","M","E","R","M","M","R","B",null,"M","?","T","M","$","R","M","?","T","R","M","T","$","T","R","B"],"character_chosen":"IRONCLAD","items_purchased":["Clothesline","True Grit","SmokeBomb"],"campfire_rested":2,"item_purchase_floors":[2,4,22],"current_hp_per_floor":[74,74,75,75,68,74,74,31,31,38,14,36,24,24,46,21,62,68,68,68,60,60,60,39,39,39,39,54,61,61,61,61,0],"gold":79,"neow_bonus":"THREE_ENEMY_KILL","is_prod":false,"is_daily":false,"chose_seed":false,"campfire_upgraded":3,"win_rate":0,"timestamp":1552362775,"path_taken":["M","$","M","$","?","E","?","E","T","M","E","R","?","M","R","BOSS","M","?","?","M","$","R","?","?","T","R","M","?","?","?","R","BOSS"],"build_version":"2019-02-06","purchased_purges":1,"victory":false,"max_hp_per_floor":[75,75,75,75,75,75,75,75,75,75,75,75,75,75,75,75,75,75,75,75,75,75,75,75,75,75,75,75,82,82,82,82,82],"card_choices":[{"not_picked":["Twin Strike","Perfected Strike","Clash"],"picked":"SKIP","floor":1},{"not_picked":["Warcry","Thunderclap","Sentinel"],"picked":"SKIP","floor":3},{"not_picked":["Anger","Havoc"],"picked":"Shrug It Off","floor":6},{"not_picked":["Power Through","Pommel Strike"],"picked":"Headbutt","floor":8},{"not_picked":["Burning Pact","Thunderclap","Second Wind"],"picked":"SKIP","floor":10},{"not_picked":["Perfected Strike","Barricade","Flame Barrier"],"picked":"SKIP","floor":11},{"not_picked":["Shrug It Off","Rage"],"picked":"Armaments","floor":12},{"not_picked":["Fire Breathing","Pommel Strike"],"picked":"Shrug It Off","floor":13},{"not_picked":["Sword Boomerang","Clash"],"picked":"Anger","floor":14},{"not_picked":["Juggernaut","Bludgeon"],"picked":"Fiend Fire","floor":16},{"not_picked":[],"picked":"Warcry+1","floor":18},{"not_picked":["Warcry"],"picked":"SKIP","floor":21},{"not_picked":["Wild Strike"],"picked":"SKIP","floor":24},{"not_picked":[],"picked":"Havoc","floor":28}],"player_experience":208941,"relics_obtained":[{"floor":6,"key":"Dream Catcher"},{"floor":8,"key":"Bag of Marbles"},{"floor":9,"key":"Paper Frog"},{"floor":11,"key":"Bottled Flame"},{"floor":20,"key":"Meat on the Bone"},{"floor":26,"key":"Self Forming Clay"},{"floor":29,"key":"Strawberry"},{"floor":31,"key":"Toxic Egg 2"}],"event_choices":[{"cards_removed":["Strike_R"],"damage_healed":0,"gold_gain":0,"player_choice":"Card Removal","damage_taken":7,"max_hp_gain":0,"max_hp_loss":0,"event_name":"Golden Wing","floor":5,"gold_loss":0},{"damage_healed":0,"gold_gain":0,"player_choice":"0 cards matched","damage_taken":0,"max_hp_gain":0,"max_hp_loss":0,"event_name":"Match and Keep!","floor":7,"gold_loss":0,"cards_obtained":[]},{"damage_healed":0,"gold_gain":0,"player_choice":"Obtain J.A.X.","damage_taken":0,"max_hp_gain":0,"max_hp_loss":0,"event_name":"Drug Dealer","floor":19,"gold_loss":0,"cards_obtained":["J.A.X."]},{"damage_healed":0,"gold_gain":0,"player_choice":"Ignored","damage_taken":0,"max_hp_gain":0,"max_hp_loss":0,"event_name":"Beggar","floor":25,"gold_loss":0}],"is_beta":true,"boss_relics":[{"not_picked":["Eternal Feather","Empty Cage"],"picked":"Busted Crown"}],"items_purged_floors":[22],"is_endless":false,"potions_floor_spawned":[8,13,14,16,18,21,24],"killed_by":"Champ","ascension_level":16}