{"gold_per_floor":[113,123,123,123,147,147,180,18,44,44,58,58,58,72,72,165,165,186,31,49,67,86,86,7,25,75,75,98,122,47,61,61,61],"floor_reached":33,"playtime":1439,"items_purged":["Strike_R"],"score":489,"play_id":"05cd1570-ff1c-4f85-ad86-8bccf41c6183","local_time":"20190319194303","is_ascension_mode":true,"campfire_choices":[{"floor":6,"key":"REST"},{"floor":10,"key":"REST"},{"floor":13,"key":"REST"},{"data":"Clothesline","floor":15,"key":"SMITH"},{"floor":23,"key":"REST"},{"floor":27,"key":"REST"},{"floor":32,"key":"REST"}],"neow_cost":"TEN_PERCENT_HP_LOSS","seed_source_timestamp":196376503856461,"circlet_count":0,"master_deck":["AscendersBane","Strike_R+1","Defend_R","Defend_R+1","Defend_R","Bash","Anger","Flame Barrier","Clothesline+1","Whirlwind","Immolate","Warcry+1","Armaments+1","Sword Boomerang+1","Spot Weakness","Flame Barrier","Ghostly Armor","Demon Form","Disarm","Flame Barrier+1","Flex+1","Headbutt"],"relics":["Burning Blood","FossilizedHelix","Golden Idol","Bronze Scales","Blood Vial","Bag of Marbles","Astrolabe","Vajra"],"potions_floor_usage":[16,16,21,31,33],"damage_taken":[{"damage":0,"enemies":"2 Louse","floor":1,"turns":4},{"damage":7,"enemies":"Small Slimes","floor":2,"turns":4},{"damage":0,"enemies":"Cultist","floor":5,"turns":4},{"damage":40,"enemies":"Gremlin Nob","floor":7,"turns":5},{"damage":0,"enemies":"Looter","floor":11,"turns":3},{"damage":0,"enemies":"3 Louse","floor":14,"turns":1},{"damage":59,"enemies":"Hexaghost","floor":16,"turns":11},{"damage":24,"enemies":"2 Thieves","floor":18,"turns":4},{"damage":13,"enemies":"Spheric Guardian","floor":20,"turns":4},{"damage":31,"enemies":"Centurion and Healer","floor":21,"turns":6},{"damage":6,"enemies":"3 Cultists","floor":22,"turns":3},{"damage":27,"enemies":"Cultist and Chosen","floor":25,"turns":7},{"damage":1,"enemies":"Snecko","floor":28,"turns":4},{"damage":28,"enemies":"Sentry and Sphere","floor":29,"turns":6},{"damage":17,"enemies":"Shelled Parasite and Fungi","floor":31,"turns":5},{"damage":47,"enemies":"Collector","floor":33,"turns":5}],"seed_played":"1114321647595942223","potions_obtained":[{"floor":5,"key":"Dexterity Potion"},{"floor":7,"key":"FearPotion"},{"floor":20,"key":"Swift Potion"},{"floor":28,"key":"LiquidBronze"},{"floor":31,"key":"FearPotion"}],"is_trial":false,"path_per_floor":["M","M","?","?","M","R","E","$","T","R","M","?","R","M","R","B",null,"M","$","M","M","M","R","$","M","T","R","M","M","?","M","R","B"],"character_chosen":"IRONCLAD","items_purchased":["Blood Vial","Spot Weakness","Disarm"],"campfire_rested":6,"item_purchase_floors":[8,19,24],"current_hp_per_floor":[68,67,44,24,30,50,16,16,16,36,44,44,64,68,68,15,55,39,39,34,11,13,33,33,14,14,34,41,21,21,12,32,0],"gold":61,"neow_bonus":"ONE_RARE_RELIC","is_prod":false,"is_daily":false,"chose_seed":false,"campfire_upgraded":1,"win_rate":0,"timestamp":1553020983,"path_taken":["M","M","?","?","M","R","E","$","T","R","M","?","R","M","R","BOSS","M","$","M","M","M","R","$","M","T","R","M","M","?","M","R","BOSS"],"build_version":"2019-03-15","purchased_purges":1,"victory":false,"max_hp_per_floor":[68,68,68,68,68,68,68,68,68,68,68,68,68,68,68,68,68,68,68,68,68,68,68,68,68,68,68,68,68,68,68,68,68],"card_choices":[{"not_picked":["True Grit","Flex"],"picked":"Anger","floor":1},{"not_picked":["Anger","Burning Pact"],"picked":"Flame Barrier","floor":2},{"not_picked":["Twin Strike","Pommel Strike"],"picked":"Clothesline","floor":5},{"not_picked":["Brutality","Iron Wave"],"picked":"Whirlwind","floor":7},{"not_picked":["Pummel","Whirlwind","Warcry"],"picked":"SKIP","floor":11},{"not_picked":["Seeing Red","Iron Wave","Searing Blow"],"picked":"SKIP","floor":14},{"not_picked":["Double Tap","Limit Break"],"picked":"Immolate","floor":16},{"not_picked":["Perfected Strike","Clothesline","Iron Wave"],"picked":"SKIP","floor":18},{"not_picked":["Flex","Perfected Strike"],"picked":"Flame Barrier","floor":20},{"not_picked":["Iron Wave","Twin Strike"],"picked":"Ghostly Armor","floor":21},{"not_picked":["Entrench","Reckless Charge"],"picked":"Demon Form","floor":22},{"not_picked":["Clash","Cleave"],"picked":"Flame Barrier+1","floor":25},{"not_picked":["Armaments","Twin Strike"],"picked":"Flex+1","floor":28},{"not_picked":["Seeing Red","Armaments","Perfected Strike"],"picked":"SKIP","floor":29},{"not_picked":["Burning Pact","Body Slam"],"picked":"Headbutt","floor":31}],"player_experience":330817,"relics_obtained":[{"floor":7,"key":"Bronze Scales"},{"floor":9,"key":"Bag of Marbles"},{"floor":26,"key":"Vajra"}],"event_choices":[{"damage_healed":0,"gold_gain":0,"player_choice":"Take Damage","damage_taken":23,"relics_obtained":["Golden Idol"],"max_hp_gain":0,"max_hp_loss":0,"event_name":"Golden Idol","floor":3,"gold_loss":0},{"damage_healed":0,"gold_gain":0,"player_choice":"Entered Light","damage_taken":20,"max_hp_gain":0,"max_hp_loss":0,"event_name":"Shining Light","floor":4,"gold_loss":0,"cards_upgraded":["Defend_R","Strike_R"]},{"damage_healed":0,"gold_gain":0,"player_choice":"Ignored","damage_taken":0,"max_hp_gain":0,"max_hp_loss":0,"event_name":"Liars Game","floor":12,"gold_loss":0},{"cards_removed":["Defend_R"],"damage_healed":0,"gold_gain":0,"player_choice":"Gave Gold","damage_taken":0,"max_hp_gain":0,"max_hp_loss":0,"event_name":"Beggar","floor":30,"gold_loss":75}],"is_beta":true,"boss_relics":[{"not_picked":["Orrery","Empty Cage"],"picked":"Astrolabe"}],"items_purged_floors":[19],"is_endless":false,"potions_floor_spawned":[5,7,11,20,28,31],"killed_by":"Collector","ascension_level":19}