{"gold_per_floor":[114,133,153,7,182,208,208,31,31,31,43,58,92,112,112,215,215,231,248,248],"floor_reached":20,"playtime":1310,"items_purged":["Strike_R"],"score":214,"play_id":"31d26b5f-15cb-40e5-b197-9aab48e55197","local_time":"20181108225020","is_ascension_mode":true,"campfire_choices":[{"floor":7,"key":"REST"},{"floor":15,"key":"REST"}],"neow_cost":"NONE","seed_source_timestamp":571911889593862,"circlet_count":0,"master_deck":["Strike_R","Strike_R","Strike_R","Strike_R","Defend_R","Defend_R","Defend_R","Defend_R","Bash","Armaments","True Grit","Iron Wave","Doubt","Disarm","Corruption","Headbutt+1","Twin Strike+1","Spot Weakness","Shrug It Off","Limit Break","Reaper+1","Spot Weakness","Whirlwind+1","Iron Wave+1","Dual Wield","Inflame","Thunderclap+1"],"relics":["Burning Blood","Bronze Scales","Molten Egg 2","Bottled Flame","Orichalcum","Boot","Orrery"],"potions_floor_usage":[6,16,16,20],"damage_taken":[{"damage":6,"enemies":"Jaw Worm","floor":1,"turns":5},{"damage":6,"enemies":"Cultist","floor":2,"turns":4},{"damage":14,"enemies":"2 Louse","floor":3,"turns":3},{"damage":39,"enemies":"Gremlin Nob","floor":6,"turns":6},{"damage":15,"enemies":"Lots of Slimes","floor":11,"turns":4},{"damage":3,"enemies":"2 Fungi Beasts","floor":12,"turns":3},{"damage":35,"enemies":"Lagavulin","floor":13,"turns":6},{"damage":5,"enemies":"Looter","floor":14,"turns":2},{"damage":39,"enemies":"The Guardian","floor":16,"turns":11},{"damage":55,"enemies":"Chosen","floor":18,"turns":7},{"damage":24,"enemies":"Spheric Guardian","floor":19,"turns":5},{"damage":45,"enemies":"Centurion and Healer","floor":20,"turns":5}],"seed_played":"-1886944010549322464","potions_obtained":[{"floor":1,"key":"Block Potion"},{"floor":6,"key":"GamblersBrew"},{"floor":13,"key":"BloodPotion"},{"floor":16,"key":"FairyPotion"},{"floor":19,"key":"Ancient Potion"}],"is_trial":false,"path_per_floor":["M","M","M","$","?","E","R","$","T","T","M","M","E","M","R","B",null,"M","M","M"],"character_chosen":"IRONCLAD","items_purchased":["Bronze Scales","Corruption","Headbutt+1"],"campfire_rested":2,"item_purchase_floors":[4,8,8],"current_hp_per_floor":[88,88,80,80,80,47,73,73,73,73,64,67,38,39,65,40,88,47,29,0],"gold":248,"neow_bonus":"TEN_PERCENT_HP_BONUS","is_prod":false,"is_daily":false,"chose_seed":false,"campfire_upgraded":0,"win_rate":0,"timestamp":1541713820,"path_taken":["M","M","M","$","?","E","R","$","T","?","M","M","E","M","R","BOSS","M","M","M"],"build_version":"2018-11-07","purchased_purges":1,"victory":false,"max_hp_per_floor":[88,88,88,88,88,88,88,88,88,88,88,88,88,88,88,88,88,88,88,88],"card_choices":[{"not_picked":["Dropkick","Twin Strike"],"picked":"Armaments","floor":1},{"not_picked":["Clash","Power Through"],"picked":"True Grit","floor":2},{"not_picked":["Anger","Second Wind"],"picked":"Iron Wave","floor":3},{"not_picked":["Whirlwind","Iron Wave"],"picked":"Disarm","floor":6},{"not_picked":["Seeing Red","Second Wind"],"picked":"Twin Strike+1","floor":11},{"not_picked":["Pommel Strike+1","Metallicize"],"picked":"Spot Weakness","floor":12},{"not_picked":["Blood for Blood+1","Entrench"],"picked":"Shrug It Off","floor":13},{"not_picked":["Thunderclap+1","Uppercut+1"],"picked":"Limit Break","floor":14},{"not_picked":["Berserk","Feed+1"],"picked":"Reaper+1","floor":16},{"not_picked":["Rampage+1","Second Wind"],"picked":"Spot Weakness","floor":17},{"not_picked":["Combust","Sever Soul+1"],"picked":"Whirlwind+1","floor":17},{"not_picked":["True Grit","Thunderclap+1"],"picked":"Iron Wave+1","floor":17},{"not_picked":["Fire Breathing","Cleave+1"],"picked":"Dual Wield","floor":17},{"not_picked":["Rupture","Twin Strike+1"],"picked":"Inflame","floor":18},{"not_picked":["Wild Strike+1","Warcry"],"picked":"Thunderclap+1","floor":19}],"player_experience":43956,"relics_obtained":[{"floor":6,"key":"Molten Egg 2"},{"floor":9,"key":"Bottled Flame"},{"floor":10,"key":"Orichalcum"},{"floor":13,"key":"Boot"}],"event_choices":[{"damage_healed":0,"gold_gain":175,"player_choice":"AGREE","damage_taken":0,"max_hp_gain":0,"max_hp_loss":0,"event_name":"Liars Game","floor":5,"gold_loss":0,"cards_obtained":["Doubt"]}],"is_beta":true,"boss_relics":[{"not_picked":["Black Blood","Fusion Hammer"],"picked":"Orrery"}],"items_purged_floors":[8],"is_endless":false,"potions_floor_spawned":[1,6,13,16,19],"killed_by":"Centurion and Healer","ascension_level":3}