{"gold_per_floor":[110,110,110,123,123,156,156,175,175,175,175,175,185,13,13,90,90,61,77,96,96],"floor_reached":21,"playtime":615,"items_purged":[],"score":408,"play_id":"15170cdb-dfd9-4179-aba8-c6b012a26841","local_time":"20190526030548","is_ascension_mode":true,"campfire_choices":[{"data":"Searing Blow","floor":7.0,"key":"SMITH"},{"data":"Searing Blow+1","floor":10.0,"key":"SMITH"},{"data":"Searing Blow+2","floor":12.0,"key":"SMITH"},{"data":"Searing Blow+3","floor":15.0,"key":"SMITH"}],"neow_cost":"NONE","seed_source_timestamp":0,"circlet_count":0,"master_deck":["AscendersBane","Strike_R","Strike_R","Strike_R+1","Strike_R","Strike_R","Defend_R","Defend_R+1","Defend_R","Defend_R","Bash+1","Combust","Searing Blow+4","Feel No Pain","Shrug It Off","Intimidate","Feed","Reaper","Headbutt"],"special_seed":0,"relics":["Burning Blood","NeowsBlessing","Ornamental Fan","Frozen Egg 2","Velvet Choker"],"potions_floor_usage":[20,20,21],"damage_taken":[{"damage":0.0,"enemies":"Cultist","floor":1.0,"turns":1.0},{"damage":0.0,"enemies":"2 Louse","floor":4.0,"turns":1.0},{"damage":0.0,"enemies":"3 Sentries","floor":6.0,"turns":2.0},{"damage":0.0,"enemies":"Jaw Worm","floor":8.0,"turns":3.0},{"damage":16.0,"enemies":"Lots of Slimes","floor":13.0,"turns":3.0},{"damage":51.0,"enemies":"Slime Boss","floor":16.0,"turns":9.0},{"damage":19.0,"enemies":"2 Thieves","floor":18.0,"turns":4.0},{"damage":24.0,"enemies":"Shell Parasite","floor":19.0,"turns":5.0},{"damage":45,"enemies":"Shelled Parasite and Fungi","floor":20,"turns":7},{"damage":19,"enemies":"Sentry and Sphere","floor":21,"turns":3}],"seed_played":"2348533302076991017","potions_obtained":[{"floor":6.0,"key":"GamblersBrew"},{"floor":18.0,"key":"GamblersBrew"},{"floor":20,"key":"Explosive Potion"}],"is_trial":false,"path_per_floor":["M","?","?","M","?","E","R","M","T","R","?","R","M","$","R","B",null,"M","M","M","M"],"character_chosen":"IRONCLAD","items_purchased":["Feed"],"campfire_rested":0,"item_purchase_floors":[14],"current_hp_per_floor":[74,74,74,75,52,58,58,64,64,64,75,75,65,65,65,23,64,59,48,12,0],"gold":96,"neow_bonus":"THREE_ENEMY_KILL","is_prod":false,"is_daily":false,"chose_seed":false,"campfire_upgraded":4,"win_rate":0,"timestamp":1558865148,"path_taken":["M","?","?","M","?","E","R","M","T","R","?","R","M","$","R","BOSS","M","M","M","?"],"build_version":"2019-05-24v2","purchased_purges":0,"victory":false,"max_hp_per_floor":[75,75,75,75,75,75,75,75,75,75,75,75,75,75,75,78,78,78,81,84,84],"card_choices":[{"not_picked":["Wild Strike","Cleave"],"picked":"Combust","floor":1.0},{"not_picked":["Cleave","Flex"],"picked":"Searing Blow","floor":4.0},{"not_picked":["Flex","Cleave"],"picked":"Feel No Pain","floor":6.0},{"not_picked":["Body Slam","Sever Soul"],"picked":"Shrug It Off","floor":8.0},{"not_picked":["Clash","True Grit"],"picked":"Intimidate","floor":13.0},{"not_picked":["Fiend Fire","Exhume"],"picked":"Reaper","floor":16.0},{"not_picked":["Clothesline","Feel No Pain+1"],"picked":"Headbutt","floor":18.0},{"not_picked":["Twin Strike","Second Wind","Pommel Strike"],"picked":"SKIP","floor":19.0},{"not_picked":["Evolve+1","Perfected Strike","Cleave+1"],"picked":"SKIP","floor":20}],"player_experience":1275375,"relics_obtained":[{"floor":6.0,"key":"Ornamental Fan"},{"floor":9.0,"key":"Frozen Egg 2"}],"event_choices":[{"damage_healed":0.0,"max_hp_gain":0.0,"max_hp_loss":0.0,"gold_gain":0.0,"event_name":"Living Wall","player_choice":"Grow","floor":2.0,"gold_loss":0.0,"damage_taken":0.0,"cards_upgraded":["Bash"]},{"damage_healed":0.0,"max_hp_gain":0.0,"max_hp_loss":0.0,"gold_gain":0.0,"event_name":"Liars Game","player_choice":"Ignored","floor":3.0,"gold_loss":0.0,"damage_taken":0.0},{"damage_healed":0.0,"max_hp_gain":0.0,"max_hp_loss":0.0,"gold_gain":0.0,"event_name":"Shining Light","player_choice":"Entered Light","floor":5.0,"gold_loss":0.0,"damage_taken":23.0,"cards_upgraded":["Strike_R","Defend_R"]},{"damage_healed":11.0,"max_hp_gain":0.0,"max_hp_loss":0.0,"gold_gain":0.0,"event_name":"Wheel of Change","player_choice":"Full Heal","floor":11.0,"gold_loss":0.0,"damage_taken":0.0}],"is_beta":true,"boss_relics":[{"not_picked":["Runic Cube","Philosopher\u0027s Stone"],"picked":"Velvet Choker"}],"items_purged_floors":[],"is_endless":false,"potions_floor_spawned":[6,18,20],"killed_by":"Sentry and Sphere","ascension_level":20}