{"gold_per_floor":[117,117,42,62,62,62,62,62,114,124,143,143,158,83,83,178,178,194,20,34,50,60,60,76,76,131,144,344,356,356,387,387,490,490,506,525,536,536,551,551,571,446,446,257,292,292,292,310,310,310],"floor_reached":50,"playtime":2584,"items_purged":["Defend_B","Defend_B","Strike_B","Defend_B"],"score":486,"play_id":"a0773d10-f26e-4a25-ba8d-f39f909aa2d1","local_time":"20190512235822","is_ascension_mode":false,"campfire_choices":[{"data":"Hyperbeam","floor":6.0,"key":"SMITH"},{"data":"Force Field","floor":8.0,"key":"SMITH"},{"data":"Enlightenment","floor":12.0,"key":"SMITH"},{"data":"Reinforced Body","floor":15.0,"key":"SMITH"},{"data":"Sunder","floor":23.0,"key":"SMITH"},{"data":"Hyperbeam","floor":25.0,"key":"SMITH"},{"data":"Undo","floor":30.0,"key":"SMITH"},{"data":"All For One","floor":32.0,"key":"SMITH"},{"data":"Hyperbeam","floor":40.0,"key":"SMITH"},{"floor":46.0,"key":"REST"},{"floor":49.0,"key":"REST"}],"neow_cost":"NONE","seed_source_timestamp":1289308668234200,"circlet_count":0,"master_deck":["Strike_B","Strike_B","Strike_B","Defend_B","Zap","Dualcast","Force Field+1","Hyperbeam+1","Enlightenment+1","Undo+1","Reinforced Body+1","Glacier","Hyperbeam+1","Sunder+1","All For One+1","Hyperbeam+1","Sunder","Sunder+1"],"special_seed":0,"relics":["Snecko Eye"],"potions_floor_usage":[50],"damage_taken":[{"damage":0.0,"enemies":"Small Slimes","floor":1.0,"turns":3.0},{"damage":0.0,"enemies":"Cultist","floor":4.0,"turns":4.0},{"damage":0.0,"enemies":"2 Louse","floor":10.0,"turns":1.0},{"damage":3.0,"enemies":"Large Slime","floor":11.0,"turns":4.0},{"damage":0.0,"enemies":"Gremlin Gang","floor":13.0,"turns":2.0},{"damage":2.0,"enemies":"The Guardian","floor":16.0,"turns":19.0},{"damage":0.0,"enemies":"Chosen","floor":18.0,"turns":3.0},{"damage":0.0,"enemies":"Shell Parasite","floor":20.0,"turns":2.0},{"damage":0.0,"enemies":"Snake Plant","floor":21.0,"turns":3.0},{"damage":0.0,"enemies":"Centurion and Healer","floor":22.0,"turns":4.0},{"damage":0.0,"enemies":"Chosen and Byrds","floor":24.0,"turns":3.0},{"damage":1.0,"enemies":"Shelled Parasite and Fungi","floor":27.0,"turns":3.0},{"damage":3.0,"enemies":"Cultist and Chosen","floor":29.0,"turns":4.0},{"damage":5.0,"enemies":"Slavers","floor":31.0,"turns":3.0},{"damage":7.0,"enemies":"Automaton","floor":33.0,"turns":6.0},{"damage":0.0,"enemies":"3 Shapes","floor":35.0,"turns":1.0},{"damage":0.0,"enemies":"Orb Walker","floor":36.0,"turns":2.0},{"damage":2.0,"enemies":"Jaw Worm Horde","floor":37.0,"turns":3.0},{"damage":0.0,"enemies":"Sphere and 2 Shapes","floor":39.0,"turns":2.0},{"damage":0.0,"enemies":"4 Shapes","floor":41.0,"turns":2.0},{"damage":46.0,"enemies":"Giant Head","floor":45.0,"turns":8.0},{"damage":3.0,"enemies":"Writhing Mass","floor":48.0,"turns":4.0},{"damage":85,"enemies":"Donu and Deca","floor":50,"turns":7}],"seed_played":"-9077276006723576585","potions_obtained":[{"floor":4.0,"key":"Ancient Potion"},{"floor":13.0,"key":"Weak Potion"},{"floor":16.0,"key":"SkillPotion"},{"floor":20.0,"key":"SteroidPotion"},{"floor":29.0,"key":"FocusPotion"},{"floor":31.0,"key":"SkillPotion"},{"floor":35.0,"key":"FearPotion"},{"floor":45.0,"key":"SkillPotion"}],"is_trial":false,"path_per_floor":["M","?","$","M","$","R","?","R","T","M","M","R","M","$","R","B",null,"M","$","M","M","M","R","M","R","T","M","?","M","R","E","R","B",null,"M","M","M","?","M","R","M","$","T","$","E","R","T","M","R","B"],"character_chosen":"DEFECT","items_purchased":["Undo","Sunder","Sunder"],"campfire_rested":2,"item_purchase_floors":[3,19,44],"current_hp_per_floor":[75,75,75,75,75,75,80,80,80,80,77,77,77,77,77,75,80,80,80,80,80,80,80,80,80,80,79,79,76,76,71,71,64,80,80,80,78,68,68,68,68,68,68,68,22,46,46,43,67,0],"gold":310,"neow_bonus":"BOSS_RELIC","is_prod":false,"is_daily":false,"chose_seed":false,"campfire_upgraded":9,"win_rate":0,"timestamp":1557730702,"path_taken":["M","?","$","?","?","R","?","R","T","M","M","R","M","$","R","BOSS","M","$","M","M","M","R","M","R","T","M","?","?","R","E","R","BOSS","M","?","M","?","M","R","M","$","T","$","E","R","?","M","R","BOSS"],"build_version":"2019-05-07","purchased_purges":4,"victory":false,"max_hp_per_floor":[75,75,75,75,75,75,80,80,80,80,80,80,80,80,80,80,80,80,80,80,80,80,80,80,80,80,80,80,80,80,80,80,80,80,80,80,80,80,80,80,80,80,80,80,80,80,80,80,80,80],"card_choices":[{"not_picked":["Ball Lightning","Conserve Battery"],"picked":"Force Field","floor":1.0},{"not_picked":["Compile Driver","Go for the Eyes","Rebound"],"picked":"SKIP","floor":4.0},{"not_picked":["FTL","Melter"],"picked":"Reinforced Body","floor":10.0},{"not_picked":["Compile Driver","Barrage"],"picked":"Glacier","floor":11.0},{"not_picked":["Steam","Hello World","Gash"],"picked":"SKIP","floor":13.0},{"not_picked":["Creative AI","Rainbow"],"picked":"Hyperbeam","floor":16.0},{"not_picked":["Ball Lightning","Steam","Beam Cell+1"],"picked":"SKIP","floor":18.0},{"not_picked":["Gash+1","Beam Cell+1","Static Discharge"],"picked":"SKIP","floor":20.0},{"not_picked":["Sweeping Beam","Lockon","Beam Cell+1"],"picked":"SKIP","floor":21.0},{"not_picked":["Cold Snap","Rainbow","Stack"],"picked":"SKIP","floor":22.0},{"not_picked":["Hologram","Coolheaded","Doom and Gloom"],"picked":"SKIP","floor":24.0},{"not_picked":["FTL","Beam Cell","Coolheaded+1"],"picked":"SKIP","floor":27.0},{"not_picked":["Loop+1","Gash","Rebound"],"picked":"SKIP","floor":29.0},{"not_picked":["Steam Power","Barrage"],"picked":"All For One","floor":31.0},{"not_picked":["Core Surge","Rainbow"],"picked":"Hyperbeam","floor":33.0},{"not_picked":["Gash","Aggregate+1","Capacitor"],"picked":"SKIP","floor":35.0},{"not_picked":["Loop+1","Consume","Streamline"],"picked":"SKIP","floor":36.0},{"not_picked":["Streamline+1","Gash+1","Barrage+1"],"picked":"SKIP","floor":37.0},{"not_picked":["Doom and Gloom+1","Consume","Streamline+1"],"picked":"SKIP","floor":39.0},{"not_picked":["Chill","Turbo","Ball Lightning+1"],"picked":"SKIP","floor":41.0},{"not_picked":["Gash+1","Go for the Eyes+1","Streamline+1"],"picked":"SKIP","floor":45.0},{"not_picked":["Consume+1","Static Discharge"],"picked":"Sunder+1","floor":48.0}],"player_experience":3441866,"relics_obtained":[],"event_choices":[{"damage_healed":0.0,"max_hp_gain":0.0,"max_hp_loss":0.0,"gold_gain":0.0,"event_name":"Match and Keep!","player_choice":"2 cards matched","floor":2.0,"gold_loss":0.0,"damage_taken":0.0,"cards_obtained":["Hyperbeam","Enlightenment"]},{"damage_healed":0.0,"max_hp_gain":5.0,"max_hp_loss":0.0,"gold_gain":0.0,"event_name":"Big Fish","player_choice":"Donut","floor":7.0,"gold_loss":0.0,"damage_taken":0.0},{"damage_healed":0.0,"max_hp_gain":0.0,"max_hp_loss":0.0,"gold_gain":200.0,"event_name":"Wheel of Change","player_choice":"Gold","floor":28.0,"gold_loss":0.0,"damage_taken":0.0},{"damage_healed":0.0,"max_hp_gain":0.0,"max_hp_loss":0.0,"gold_gain":0.0,"event_name":"SensoryStone","player_choice":"Memory 3","floor":38.0,"gold_loss":0.0,"damage_taken":10.0}],"is_beta":true,"boss_relics":[{"not_picked":["Lizard Tail","Runic Dome","Black Star"]},{"not_picked":["Calling Bell","Fusion Hammer","Pandora\u0027s Box"]}],"items_purged_floors":[14,19,42,44],"is_endless":false,"potions_floor_spawned":[4,13,16,20,29,31,35,45],"killed_by":"Donu and Deca","ascension_level":0}