{"gold_per_floor":[113,38,38,38,38,69,80,107,107,141,155,183,196,211,211,312,312,327,346,360,11,11,43,60,60,60,60,74,74,74,100,100,197,197,214,214,225,237,248,281,281,292,292,292,96,130,140,153,153,153,153,153,53,85,85],"floor_reached":56,"playtime":7396,"items_purged":["Defend_B","Writhe"],"score":1459,"play_id":"01e1c60d-38ae-46ec-959f-3873181cc449","local_time":"20190910015456","is_ascension_mode":true,"campfire_choices":[{"floor":15.0,"key":"RECALL"},{"floor":25,"key":"REST"},{"floor":27,"key":"REST"},{"data":"Echo Form","floor":30,"key":"SMITH"},{"floor":32,"key":"REST"},{"data":"Rainbow","floor":41,"key":"SMITH"},{"floor":44,"key":"DIG"},{"data":"Machine Learning","floor":49,"key":"SMITH"},{"floor":52,"key":"DIG"}],"neow_cost":"NONE","seed_source_timestamp":0,"circlet_count":0,"master_deck":["Strike_B","Defend_B","Zap","Dualcast","Loop+1","Fission+1","Leap+1","Sunder+1","Rainbow+1","Flash of Steel","Glacier","Seek","Rebound","Rainbow","Capacitor","Redo","Echo Form+1","Chill","Coolheaded+1","Cold Snap+1","Compile Driver","Defragment+1","FTL","Machine Learning+1","Buffer","Defragment+1","Blizzard+1","Defragment+1"],"special_seed":0,"relics":["Astrolabe","Shovel","Dream Catcher","Kunai","Bottled Lightning","PreservedInsect","Black Star","Lantern","OrangePellets","Ginger","Bottled Flame","Thread and Needle","MutagenicStrength","Boot","Incense Burner","Sozu","Letter Opener","Du-Vu Doll","Dodecahedron","Orichalcum","Medical Kit","Mummified Hand","Mercury Hourglass","Ornamental Fan","Bottled Tornado","Mango"],"potions_floor_usage":[33,33],"damage_taken":[{"damage":5.0,"enemies":"Small Slimes","floor":1.0,"turns":4.0},{"damage":4.0,"enemies":"3 Sentries","floor":6.0,"turns":6.0},{"damage":0.0,"enemies":"Jaw Worm","floor":7.0,"turns":2.0},{"damage":4.0,"enemies":"Gremlin Nob","floor":8.0,"turns":3.0},{"damage":0.0,"enemies":"Lagavulin","floor":10.0,"turns":6.0},{"damage":0.0,"enemies":"2 Louse","floor":11.0,"turns":1.0},{"damage":0.0,"enemies":"3 Sentries","floor":12.0,"turns":6.0},{"damage":4.0,"enemies":"Gremlin Gang","floor":13.0,"turns":3.0},{"damage":0.0,"enemies":"Large Slime","floor":14.0,"turns":5.0},{"damage":12.0,"enemies":"Slime Boss","floor":16.0,"turns":10.0},{"damage":9.0,"enemies":"Spheric Guardian","floor":18.0,"turns":4.0},{"damage":14.0,"enemies":"Shell Parasite","floor":19.0,"turns":8.0},{"damage":6.0,"enemies":"Centurion and Healer","floor":20.0,"turns":4.0},{"damage":30.0,"enemies":"Slavers","floor":23.0,"turns":6.0},{"damage":0.0,"enemies":"Chosen and Byrds","floor":24.0,"turns":6.0},{"damage":6,"enemies":"Cultist and Chosen","floor":28,"turns":6},{"damage":17,"enemies":"Gremlin Leader","floor":31,"turns":6},{"damage":0,"enemies":"Champ","floor":33,"turns":11},{"damage":0,"enemies":"3 Shapes","floor":35,"turns":3},{"damage":2,"enemies":"Orb Walker","floor":37,"turns":4},{"damage":6,"enemies":"4 Shapes","floor":38,"turns":5},{"damage":0,"enemies":"Spire Growth","floor":39,"turns":6},{"damage":0,"enemies":"Giant Head","floor":40,"turns":8},{"damage":2,"enemies":"Sphere and 2 Shapes","floor":42,"turns":4},{"damage":0,"enemies":"Nemesis","floor":46,"turns":7},{"damage":1,"enemies":"Jaw Worm Horde","floor":47,"turns":3},{"damage":0,"enemies":"3 Darklings","floor":48,"turns":4},{"damage":2,"enemies":"Donu and Deca","floor":50,"turns":7},{"damage":10,"enemies":"Shield and Spear","floor":54,"turns":3},{"damage":14,"enemies":"The Heart","floor":55,"turns":8}],"seed_played":"-5308123920709336841","potions_obtained":[{"floor":6.0,"key":"FairyPotion"},{"floor":7.0,"key":"GamblersBrew"},{"floor":14.0,"key":"AttackPotion"},{"floor":16.0,"key":"PowerPotion"},{"floor":19.0,"key":"Block Potion"},{"floor":24.0,"key":"Energy Potion"},{"floor":31,"key":"AttackPotion"}],"is_trial":false,"path_per_floor":["M","$","?","?","?","E","M","E","T","E","M","E","M","M","R","B",null,"M","M","M","$","?","E","M","R","T","R","M","?","R","E","R","B",null,"M","?","M","M","M","E","R","M","T","R","$","E","M","M","R","B",null,"R","$","E","B",null],"character_chosen":"DEFECT","items_purchased":["Lantern","OrangePellets","Medical Kit"],"campfire_rested":3,"item_purchase_floors":[21,21,45],"current_hp_per_floor":[70,70,70,63,63,59,59,55,55,55,55,55,51,51,51,39,75,66,52,46,46,46,16,16,38,38,60,54,54,54,37,59,59,75,75,75,73,67,67,67,67,65,65,65,65,65,64,64,64,62,75,75,75,79,65],"gold":85,"neow_bonus":"BOSS_RELIC","is_prod":false,"is_daily":false,"chose_seed":false,"campfire_upgraded":3,"win_rate":0,"timestamp":1568051696,"path_taken":["M","$","?","?","?","E","M","E","T","E","M","E","?","M","R","BOSS","M","M","M","$","?","E","M","R","T","R","M","?","R","E","R","BOSS","M","?","M","M","M","E","R","?","T","R","$","E","M","M","R","BOSS","R","$","E","BOSS"],"build_version":"2019-07-17","purchased_purges":2,"victory":true,"max_hp_per_floor":[75,75,75,75,75,75,75,75,75,75,75,75,75,75,75,75,75,75,75,75,75,75,75,75,75,75,75,75,75,75,75,75,75,75,75,75,75,75,75,75,75,75,75,75,75,75,75,75,75,75,75,75,75,89,89],"card_choices":[{"not_picked":["Ball Lightning","Hologram"],"picked":"Sunder","floor":1.0},{"not_picked":["Conserve Battery","Go for the Eyes","Scrape"],"picked":"SKIP","floor":6.0},{"not_picked":["Ball Lightning","Streamline","Hologram"],"picked":"SKIP","floor":7.0},{"not_picked":["Coolheaded","Turbo"],"picked":"Glacier","floor":8.0},{"not_picked":["BootSequence","Beam Cell"],"picked":"Seek","floor":10.0},{"not_picked":["Hologram","Hello World"],"picked":"Rebound","floor":11.0},{"not_picked":["Seek","Undo"],"picked":"Rainbow","floor":12.0},{"not_picked":["White Noise","Go for the Eyes"],"picked":"Capacitor","floor":13.0},{"not_picked":["Beam Cell","Conserve Battery"],"picked":"Redo","floor":14.0},{"not_picked":["Electrodynamics","Multi-Cast"],"picked":"Echo Form","floor":16.0},{"not_picked":["Self Repair","Streamline","Steam"],"picked":"SKIP","floor":18.0},{"not_picked":["Conserve Battery","Barrage"],"picked":"Chill","floor":19.0},{"not_picked":["Rebound","Leap"],"picked":"Coolheaded+1","floor":20.0},{"not_picked":["Sweeping Beam","Reinforced Body+1"],"picked":"Cold Snap+1","floor":23.0},{"not_picked":["Barrage+1","Leap"],"picked":"Compile Driver","floor":24.0},{"not_picked":["Reinforced Body","Hello World"],"picked":"Defragment+1","floor":25},{"not_picked":["Stack","Coolheaded+1"],"picked":"FTL","floor":27},{"not_picked":["Reinforced Body","Gash","Darkness+1"],"picked":"SKIP","floor":28},{"not_picked":["Go for the Eyes","Loop"],"picked":"Machine Learning","floor":31},{"not_picked":["All For One","Machine Learning"],"picked":"Buffer","floor":33},{"not_picked":["Compile Driver","Rebound+1"],"picked":"Defragment+1","floor":35},{"not_picked":["Turbo+1","Sunder","Sweeping Beam+1"],"picked":"SKIP","floor":37},{"not_picked":["Gash+1","Hologram","Self Repair+1"],"picked":"SKIP","floor":38},{"not_picked":["Storm","Rebound+1","Barrage"],"picked":"SKIP","floor":39},{"not_picked":["Cold Snap","Defragment"],"picked":"Blizzard+1","floor":40},{"not_picked":["Genetic Algorithm+1","Tempest","Turbo+1"],"picked":"SKIP","floor":42},{"not_picked":["Rebound","Gash+1","Barrage"],"picked":"SKIP","floor":46},{"not_picked":["Scrape","Rip and Tear+1"],"picked":"Defragment+1","floor":47},{"not_picked":["Gash","Conserve Battery","Cold Snap+1"],"picked":"SKIP","floor":48},{"not_picked":["Seek","Beam Cell+1","Steam Power"],"picked":"SKIP","floor":54}],"player_experience":85986,"relics_obtained":[{"floor":6.0,"key":"Shovel"},{"floor":8.0,"key":"Dream Catcher"},{"floor":9.0,"key":"Kunai"},{"floor":10.0,"key":"Bottled Lightning"},{"floor":12.0,"key":"PreservedInsect"},{"floor":23.0,"key":"Bottled Flame"},{"floor":23.0,"key":"Thread and Needle"},{"floor":31,"key":"Boot"},{"floor":31,"key":"Incense Burner"},{"floor":40,"key":"Letter Opener"},{"floor":40,"key":"Du-Vu Doll"},{"floor":43,"key":"Dodecahedron"},{"floor":44,"key":"Orichalcum"},{"floor":46,"key":"Mummified Hand"},{"floor":46,"key":"Mercury Hourglass"},{"floor":52,"key":"Ornamental Fan"},{"floor":54,"key":"Bottled Tornado"},{"floor":54,"key":"Mango"}],"event_choices":[{"damage_healed":0.0,"max_hp_gain":0.0,"max_hp_loss":0.0,"gold_gain":0.0,"event_name":"Living Wall","player_choice":"Grow","floor":3.0,"gold_loss":0.0,"damage_taken":0.0,"cards_upgraded":["Sunder"]},{"cards_removed":["Strike_B"],"damage_healed":0.0,"max_hp_gain":0.0,"max_hp_loss":0.0,"gold_gain":0.0,"event_name":"Golden Wing","player_choice":"Card Removal","floor":4.0,"gold_loss":0.0,"damage_taken":7.0},{"damage_healed":0.0,"max_hp_gain":0.0,"max_hp_loss":0.0,"gold_gain":0.0,"event_name":"Match and Keep!","player_choice":"2 cards matched","floor":5.0,"gold_loss":0.0,"damage_taken":0.0,"cards_obtained":["Rainbow","Flash of Steel"]},{"damage_healed":0.0,"max_hp_gain":0.0,"max_hp_loss":0.0,"gold_gain":0.0,"event_name":"The Mausoleum","player_choice":"Opened","floor":22.0,"gold_loss":0.0,"damage_taken":0.0,"relics_obtained":["Ginger"],"cards_obtained":["Writhe"]},{"damage_healed":0,"gold_gain":0,"player_choice":"Inject Mutagens","damage_taken":0,"relics_obtained":["MutagenicStrength"],"max_hp_gain":0,"max_hp_loss":0,"event_name":"Drug Dealer","floor":29,"gold_loss":0},{"cards_removed":["Defend_B"],"damage_healed":0,"gold_gain":0,"player_choice":"Offered Basic","damage_taken":0,"max_hp_gain":0,"max_hp_loss":0,"event_name":"Bonfire Elementals","floor":36,"gold_loss":0}],"is_beta":false,"boss_relics":[{"not_picked":["Coffee Dripper","Snecko Eye"],"picked":"Black Star"},{"not_picked":["Inserter","Orrery"],"picked":"Sozu"}],"items_purged_floors":[2,53],"is_endless":false,"potions_floor_spawned":[6,7,14,16,19,24,31,37,39,48],"ascension_level":1}