{"gold_per_floor":[113,125,143,163,182,182,201,218,218,218,218,218],"floor_reached":12,"playtime":473,"items_purged":[],"score":130,"play_id":"36cc2c04-1677-4f2e-ab10-b95a18e1cf70","local_time":"20180717031325","is_ascension_mode":true,"campfire_choices":[{"data":"Streamline","floor":6,"key":"SMITH"},{"data":"Beam Cell","floor":11,"key":"SMITH"}],"neow_cost":"","seed_source_timestamp":712351700930925,"circlet_count":0,"master_deck":["Strike_B","Strike_B","Strike_B","Strike_B","Defend_B","Defend_B","Defend_B","Defend_B","Zap","Dualcast","AscendersBane","Steam","Streamline+1","Self Repair","Coolheaded","Consume","Hyperbeam","Beam Cell+1"],"relics":["Cracked Core","Matryoshka","FaceOfCleric"],"potions_floor_usage":[],"damage_taken":[{"damage":0,"enemies":"Cultist","floor":1,"turns":3},{"damage":3,"enemies":"2 Louse","floor":2,"turns":2},{"damage":3,"enemies":"Jaw Worm","floor":3,"turns":3},{"damage":3,"enemies":"Large Slime","floor":4,"turns":5},{"damage":25,"enemies":"Gremlin Gang","floor":5,"turns":6},{"damage":6,"enemies":"3 Louse","floor":7,"turns":5},{"damage":4,"enemies":"Blue Slaver","floor":8,"turns":4},{"damage":35,"enemies":"Lagavulin","floor":12,"turns":7}],"seed_played":"-1441268328553097745","potions_obtained":[{"floor":1,"key":"SteroidPotion"},{"floor":7,"key":"EntropicBrew"}],"is_trial":false,"path_per_floor":["M","M","M","M","M","R","M","M","T","?","R"],"character_chosen":"DEFECT","items_purchased":[],"campfire_rested":0,"item_purchase_floors":[],"current_hp_per_floor":[64,61,58,62,44,44,38,34,34,34,34,0],"gold":218,"neow_bonus":"","is_prod":false,"is_daily":false,"chose_seed":false,"campfire_upgraded":2,"win_rate":0,"timestamp":1531822405,"path_taken":["M","M","M","M","M","R","M","M","T","?","R","E"],"build_version":"2018-07-16","purchased_purges":0,"victory":false,"max_hp_per_floor":[71,71,71,71,71,71,71,71,71,71,71,71],"card_choices":[{"not_picked":["Aggregate","Storm"],"picked":"Steam","floor":1},{"not_picked":["Melter","Stack"],"picked":"Streamline","floor":2},{"not_picked":["Recycle","Reprogram"],"picked":"Self Repair","floor":3},{"not_picked":["Self Repair","White Noise"],"picked":"Coolheaded","floor":4},{"not_picked":["Undo","Stack"],"picked":"Consume","floor":5},{"not_picked":["Go for the Eyes","Sweeping Beam"],"picked":"Hyperbeam","floor":7},{"not_picked":["Redo","Blizzard"],"picked":"Beam Cell","floor":8}],"player_experience":848646,"relics_obtained":[{"floor":9,"key":"Matryoshka"}],"event_choices":[{"event_name":"FaceTrader","player_choice":"Trade","floor":10,"damage_taken":0}],"boss_relics":[],"items_purged_floors":[],"is_endless":false,"potions_floor_spawned":[1,7,8],"killed_by":"Lagavulin","ascension_level":15}