{"gold_per_floor":[359,370,111,128,128,156,156,190,214,214,179,214,227,171,171,248,248,266,284,284,301,301,301,347,347],"floor_reached":25,"playtime":1925,"items_purged":["Strike_R"],"score":488,"play_id":"b8e06555-03b9-484c-b290-20c9641476e6","local_time":"20190701095810","is_ascension_mode":true,"campfire_choices":[{"data":"Whirlwind","floor":7.0,"key":"SMITH"},{"data":"Shrug It Off","floor":10.0,"key":"SMITH"},{"data":"Bash","floor":15.0,"key":"SMITH"},{"floor":23,"key":"REST"}],"neow_cost":"PERCENT_DAMAGE","seed_source_timestamp":636840370933200,"circlet_count":0,"master_deck":["AscendersBane","Strike_R","Strike_R+1","Strike_R","Strike_R+1","Defend_R","Defend_R","Defend_R","Defend_R","Bash+1","Reckless Charge","Shrug It Off+1","Whirlwind+1","Inflame","Shrug It Off","Flex","Inflame","Thunderclap","Sword Boomerang","Battle Trance","Reaper","Regret","Evolve","True Grit","RitualDagger","Intimidate","Rage"],"special_seed":0,"relics":["Burning Blood","Unceasing Top","Shuriken","PreservedInsect","Whetstone","Omamori","Calling Bell","Regal Pillow","The Courier","Calipers","Ancient Tea Set"],"potions_floor_usage":[21,25],"damage_taken":[{"damage":7.0,"enemies":"Cultist","floor":1.0,"turns":4.0},{"damage":7.0,"enemies":"Small Slimes","floor":2.0,"turns":3.0},{"damage":0.0,"enemies":"2 Louse","floor":4.0,"turns":2.0},{"damage":22.0,"enemies":"Gremlin Nob","floor":6.0,"turns":4.0},{"damage":30.0,"enemies":"Lagavulin","floor":8.0,"turns":6.0},{"damage":0.0,"enemies":"Gremlin Nob","floor":12.0,"turns":3.0},{"damage":1.0,"enemies":"2 Fungi Beasts","floor":13.0,"turns":2.0},{"damage":11.0,"enemies":"The Guardian","floor":16.0,"turns":9.0},{"damage":22.0,"enemies":"Chosen","floor":18.0,"turns":4.0},{"damage":52,"enemies":"Shell Parasite","floor":19,"turns":6},{"damage":29,"enemies":"3 Cultists","floor":21,"turns":5},{"damage":45,"enemies":"Book of Stabbing","floor":25,"turns":4}],"seed_played":"640525369715979811","potions_obtained":[{"floor":1.0,"key":"Weak Potion"},{"floor":6.0,"key":"Regen Potion"},{"floor":12.0,"key":"Block Potion"},{"floor":16.0,"key":"Fire Potion"},{"floor":21,"key":"PowerPotion"}],"is_trial":false,"path_per_floor":["M","M","$","M","T","E","R","E","T","R","?","E","M","?","R","B",null,"M","M","?","M","?","R","T","E"],"character_chosen":"IRONCLAD","items_purchased":["Whirlwind","Inflame","Shrug It Off"],"campfire_rested":1,"item_purchase_floors":[3,3,3],"current_hp_per_floor":[49,48,48,54,54,38,38,29,29,29,47,53,58,58,58,53,70,64,20,14,7,7,44,44,0],"gold":347,"neow_bonus":"TWO_FIFTY_GOLD","is_prod":false,"is_daily":false,"chose_seed":false,"campfire_upgraded":3,"win_rate":0,"timestamp":1562000290,"path_taken":["M","?","$","M","?","E","R","E","T","R","?","E","M","?","R","BOSS","M","M","?","M","?","R","?","E"],"build_version":"2019-06-30","purchased_purges":1,"victory":false,"max_hp_per_floor":[75,75,75,75,75,75,75,75,75,75,75,75,75,75,75,75,75,75,75,75,75,75,75,75,75],"card_choices":[{"not_picked":["Burning Pact","Havoc"],"picked":"Reckless Charge","floor":1.0},{"not_picked":["Heavy Blade","Wild Strike"],"picked":"Shrug It Off","floor":2.0},{"not_picked":["Twin Strike","Perfected Strike"],"picked":"Flex","floor":4.0},{"not_picked":["Clash","Blood for Blood"],"picked":"Inflame","floor":6.0},{"not_picked":["Wild Strike","Shockwave"],"picked":"Thunderclap","floor":8.0},{"not_picked":["Dark Embrace","Anger"],"picked":"Sword Boomerang","floor":12.0},{"not_picked":["Armaments","Burning Pact"],"picked":"Battle Trance","floor":13.0},{"not_picked":["Demon Form","Feed"],"picked":"Reaper","floor":16.0},{"not_picked":["Shrug It Off","Clothesline"],"picked":"Evolve","floor":18.0},{"not_picked":["Body Slam","Anger"],"picked":"True Grit","floor":19},{"not_picked":["Heavy Blade+1","Thunderclap"],"picked":"Intimidate","floor":21}],"player_experience":3464671,"relics_obtained":[{"floor":5.0,"key":"Unceasing Top"},{"floor":6.0,"key":"Shuriken"},{"floor":8.0,"key":"PreservedInsect"},{"floor":9.0,"key":"Whetstone"},{"floor":12.0,"key":"Omamori"},{"floor":17.0,"key":"Regal Pillow"},{"floor":17.0,"key":"The Courier"},{"floor":17.0,"key":"Calipers"},{"floor":24,"key":"Ancient Tea Set"}],"event_choices":[{"damage_healed":18.0,"max_hp_gain":0.0,"max_hp_loss":0.0,"gold_gain":0.0,"event_name":"The Cleric","player_choice":"Healed","floor":11.0,"gold_loss":35.0,"damage_taken":0.0},{"damage_healed":0.0,"max_hp_gain":0.0,"max_hp_loss":0.0,"gold_gain":0.0,"event_name":"World of Goop","player_choice":"Left Gold","floor":14.0,"gold_loss":56.0,"damage_taken":0.0},{"damage_healed":0,"gold_gain":0,"player_choice":"Joined the Cult","damage_taken":6,"max_hp_gain":0,"max_hp_loss":0,"event_name":"Nest","floor":20,"gold_loss":0,"cards_obtained":["RitualDagger"]},{"damage_healed":0,"gold_gain":0,"player_choice":"Read","damage_taken":0,"max_hp_gain":0,"max_hp_loss":0,"event_name":"The Library","floor":22,"gold_loss":0,"cards_obtained":["Rage"]}],"is_beta":true,"boss_relics":[{"not_picked":["Snecko Eye","White Beast Statue"],"picked":"Calling Bell"}],"items_purged_floors":[3],"is_endless":false,"potions_floor_spawned":[1,6,12,16,21],"killed_by":"Book of Stabbing","ascension_level":20}