{"gold_per_floor":[110,123,138,153,3,38,38,65,90,106,106,181,181,200,200,200],"floor_reached":16,"playtime":699,"items_purged":["Strike_R"],"score":224,"play_id":"0a423645-88eb-494c-bb04-3d7bb6b41008","local_time":"20181112202336","is_ascension_mode":true,"campfire_choices":[{"data":"Armaments","floor":7,"key":"SMITH"},{"floor":13,"key":"REST"},{"data":"Fiend Fire","floor":15,"key":"SMITH"}],"neow_cost":"NONE","seed_source_timestamp":4558502461974150,"circlet_count":0,"master_deck":["AscendersBane","Strike_R","Strike_R","Strike_R","Strike_R","Defend_R","Defend_R","Defend_R","Defend_R","Bash+1","Armaments+1","Spot Weakness","Iron Wave","Cleave","Bludgeon","Double Tap","Fiend Fire+1","Shrug It Off","Battle Trance"],"relics":["Burning Blood","Art of War","Juzu Bracelet","PreservedInsect"],"potions_floor_usage":[8,16,16],"damage_taken":[{"damage":2,"enemies":"2 Louse","floor":1,"turns":4},{"damage":7,"enemies":"Cultist","floor":2,"turns":4},{"damage":7,"enemies":"Jaw Worm","floor":3,"turns":5},{"damage":23,"enemies":"Lots of Slimes","floor":4,"turns":5},{"damage":35,"enemies":"3 Sentries","floor":6,"turns":7},{"damage":15,"enemies":"Lagavulin","floor":8,"turns":6},{"damage":10,"enemies":"3 Louse","floor":10,"turns":4},{"damage":3,"enemies":"2 Fungi Beasts","floor":14,"turns":3},{"damage":35,"enemies":"Hexaghost","floor":16,"turns":12}],"seed_played":"-2875095818773892128","potions_obtained":[{"floor":2,"key":"Strength Potion"},{"floor":3,"key":"SteroidPotion"},{"floor":10,"key":"Strength Potion"}],"is_trial":false,"path_per_floor":["M","M","M","M","$","E","R","E","T","M","?","?","R","M","R","B"],"character_chosen":"IRONCLAD","items_purchased":["Bludgeon"],"campfire_rested":1,"item_purchase_floors":[5],"current_hp_per_floor":[79,78,77,60,60,31,31,22,22,18,18,7,31,34,34,0],"gold":200,"neow_bonus":"TEN_PERCENT_HP_BONUS","is_prod":false,"is_daily":false,"chose_seed":false,"campfire_upgraded":2,"win_rate":0,"timestamp":1542083016,"path_taken":["M","M","M","M","$","E","R","E","T","M","?","?","R","M","R","BOSS"],"build_version":"2018-11-08","purchased_purges":1,"victory":false,"max_hp_per_floor":[82,82,82,82,82,82,82,82,82,82,82,82,82,82,82,82],"card_choices":[{"not_picked":["Shrug It Off","Headbutt"],"picked":"Armaments","floor":1},{"not_picked":["Havoc","Burning Pact"],"picked":"Spot Weakness","floor":2},{"not_picked":["Infernal Blade","Fire Breathing"],"picked":"Iron Wave","floor":3},{"not_picked":["Juggernaut","Sever Soul"],"picked":"Cleave","floor":4},{"not_picked":["Havoc","Perfected Strike"],"picked":"Double Tap","floor":6},{"not_picked":["Carnage","Headbutt"],"picked":"Fiend Fire","floor":8},{"not_picked":["Pommel Strike","Thunderclap"],"picked":"Shrug It Off","floor":10},{"not_picked":["Rampage","Spot Weakness"],"picked":"Battle Trance","floor":14}],"player_experience":1074499,"relics_obtained":[{"floor":6,"key":"Art of War"},{"floor":8,"key":"Juzu Bracelet"},{"floor":9,"key":"PreservedInsect"}],"event_choices":[{"damage_healed":0,"gold_gain":0,"player_choice":"Forge","damage_taken":0,"max_hp_gain":0,"max_hp_loss":0,"event_name":"Accursed Blacksmith","floor":11,"gold_loss":0,"cards_upgraded":["Bash"]},{"damage_healed":0,"gold_gain":75,"player_choice":"Gather Gold","damage_taken":11,"max_hp_gain":0,"max_hp_loss":0,"event_name":"World of Goop","floor":12,"gold_loss":0}],"is_beta":true,"boss_relics":[],"items_purged_floors":[5],"is_endless":false,"potions_floor_spawned":[2,3,6,10],"killed_by":"Hexaghost","ascension_level":20}