{"gold_per_floor":[115,131,146,163,177,177,211,211,289,289],"floor_reached":10,"playtime":338,"items_purged":[],"score":140,"play_id":"b3b98a12-34e7-4469-99aa-594ccff21cbb","local_time":"20190126024625","is_ascension_mode":true,"campfire_choices":[{"data":"Armaments","floor":6,"key":"SMITH"},{"data":"Barricade","floor":8,"key":"SMITH"}],"neow_cost":"NONE","seed_source_timestamp":1657943312127020,"circlet_count":0,"master_deck":["AscendersBane","Strike_R","Strike_R","Strike_R","Strike_R","Strike_R","Defend_R","Defend_R","Defend_R","Defend_R","Bash+1","Iron Wave","Barricade+1","Pommel Strike","Armaments+1","Fiend Fire"],"relics":["Burning Blood","Dream Catcher","Question Card"],"potions_floor_usage":[7,7],"damage_taken":[{"damage":1,"enemies":"Cultist","floor":1,"turns":3},{"damage":2,"enemies":"Small Slimes","floor":2,"turns":4},{"damage":4,"enemies":"Jaw Worm","floor":3,"turns":5},{"damage":9,"enemies":"Exordium Wildlife","floor":4,"turns":3},{"damage":19,"enemies":"Large Slime","floor":5,"turns":6},{"damage":36,"enemies":"Gremlin Nob","floor":7,"turns":5},{"damage":30,"enemies":"3 Sentries","floor":10,"turns":5}],"seed_played":"3218427841681912909","potions_obtained":[{"floor":1,"key":"LiquidBronze"},{"floor":4,"key":"EssenceOfSteel"}],"is_trial":false,"path_per_floor":["M","M","M","M","M","R","E","R","T","E"],"character_chosen":"IRONCLAD","items_purchased":[],"campfire_rested":0,"item_purchase_floors":[],"current_hp_per_floor":[73,75,75,72,59,59,29,29,29,0],"gold":289,"neow_bonus":"UPGRADE_CARD","is_prod":false,"is_daily":false,"chose_seed":false,"campfire_upgraded":2,"win_rate":0,"timestamp":1548499585,"path_taken":["M","M","M","M","M","R","E","R","T","E"],"build_version":"2019-01-23","purchased_purges":0,"victory":false,"max_hp_per_floor":[75,75,75,75,75,75,75,75,75,75],"card_choices":[{"not_picked":["Burning Pact","Flex"],"picked":"Iron Wave","floor":1},{"not_picked":["Warcry","Thunderclap"],"picked":"Barricade","floor":2},{"not_picked":["Cleave","Warcry"],"picked":"Pommel Strike","floor":3},{"not_picked":["Dual Wield","Sword Boomerang","Blood for Blood"],"picked":"SKIP","floor":4},{"not_picked":["Anger","Clash"],"picked":"Armaments","floor":5},{"not_picked":["Perfected Strike","Cleave"],"picked":"Fiend Fire","floor":7}],"player_experience":1211273,"relics_obtained":[{"floor":7,"key":"Dream Catcher"},{"floor":9,"key":"Question Card"}],"event_choices":[],"is_beta":true,"boss_relics":[],"items_purged_floors":[],"is_endless":false,"potions_floor_spawned":[1,4],"killed_by":"3 Sentries","ascension_level":20}