{"gold_per_floor":[219,234,15,0,0,28,28,45,45,45,78,78,106,106,106,237,237,255,5,25,25,46,46,46,46,46,46,46,46,46,46,46,151,151,164,164,9,9,26,26,61,61,87,117,135,145,160,192,192,192],"floor_reached":51,"playtime":5421,"items_purged":["Strike_P"],"score":1071,"play_id":"176a376c-53ad-409e-ba79-fa9ce4792cee","local_time":"20190914181234","is_ascension_mode":true,"campfire_choices":[{"data":"Establishment","floor":7,"key":"SMITH"},{"floor":10,"key":"REST"},{"data":"Ragnarok","floor":12,"key":"SMITH"},{"data":"Protect","floor":15,"key":"SMITH"},{"floor":23,"key":"REST"},{"data":"CleanseEvil","floor":27,"key":"SMITH"},{"data":"Vigilance","floor":29,"key":"SMITH"},{"data":"DevaForm","floor":32,"key":"SMITH"},{"data":"FlowState","floor":40,"key":"SMITH"},{"data":"Adaptation","floor":42,"key":"SMITH"},{"data":"Metaphysics","floor":49,"key":"SMITH"}],"neow_cost":"NONE","seed_source_timestamp":92321928919000,"circlet_count":0,"master_deck":["Strike_P+1","Defend_P+1","Defend_P+1","Defend_P+1","Defend_P+1","Eruption","Vigilance+1","CleanseEvil+1","ThirdEye","Establishment+1","FlowState+1","Ragnarok+1","FlyingSleeves","EmptyFist","Crescendo","WindmillStrike","Adaptation+1","Meditate","Protect+1","DevaForm+1","CarveReality","EmptyBody","CarveReality","ClearTheMind","J.A.X.","Protect+1","EmptyMind+1","Crescendo","Protect+1","Metaphysics+1"],"relics":["PureWater","Orrery","Blue Candle","Potion Belt","Pear","Dream Catcher","Bloody Idol","Philosopher\u0027s Stone","Gremlin Horn","SlaversCollar","Lee\u0027s Waffle","HornCleat","Akabeko","Pantograph","Pen Nib"],"potions_floor_usage":[6,11,16,16,33,33,35,44,48,50,50],"damage_taken":[{"damage":2,"enemies":"Cultist","floor":1,"turns":3},{"damage":3,"enemies":"2 Louse","floor":2,"turns":4},{"damage":10,"enemies":"3 Sentries","floor":6,"turns":7},{"damage":10,"enemies":"Small Slimes","floor":8,"turns":2},{"damage":1,"enemies":"Gremlin Nob","floor":11,"turns":3},{"damage":0,"enemies":"Lagavulin","floor":13,"turns":4},{"damage":3,"enemies":"Hexaghost","floor":16,"turns":7},{"damage":34,"enemies":"3 Byrds","floor":18,"turns":6},{"damage":4,"enemies":"Chosen","floor":20,"turns":3},{"damage":0,"enemies":"Centurion and Healer","floor":22,"turns":5},{"damage":7,"enemies":"Collector","floor":33,"turns":6},{"damage":56,"enemies":"3 Darklings","floor":35,"turns":5},{"damage":14,"enemies":"3 Shapes","floor":39,"turns":4},{"damage":5,"enemies":"Giant Head","floor":41,"turns":7},{"damage":3,"enemies":"Reptomancer","floor":44,"turns":5},{"damage":17,"enemies":"Transient","floor":45,"turns":5},{"damage":4,"enemies":"Maw","floor":46,"turns":6},{"damage":7,"enemies":"Writhing Mass","floor":47,"turns":5},{"damage":17,"enemies":"Nemesis","floor":48,"turns":5},{"damage":40,"enemies":"Awakened One","floor":50,"turns":9}],"seed_played":"-8385764336897206211","potions_obtained":[{"floor":1,"key":"AttackPotion"},{"floor":2,"key":"AttackPotion"},{"floor":11,"key":"PowerPotion"},{"floor":16,"key":"EssenceOfSteel"},{"floor":18,"key":"StancePotion"},{"floor":39,"key":"AttackPotion"},{"floor":45,"key":"Block Potion"},{"floor":48,"key":"Weak Potion"}],"is_trial":false,"path_per_floor":["M","M","$","?","?","E","R","M","T","R","E","R","E","?","R","B",null,"M","$","M","?","M","R","$","?","T","R","$","R","?","?","R","B",null,"M","?","$","?","M","R","E","R","T","E","M","M","M","E","R","B",null],"character_chosen":"WATCHER","items_purchased":["Orrery","Crescendo","Block Potion","Fruit Juice","StancePotion","Lee\u0027s Waffle"],"campfire_rested":2,"item_purchase_floors":[3,3,3,19,19,37],"current_hp_per_floor":[57,54,54,54,47,37,37,27,27,46,55,55,55,37,37,34,65,31,31,27,27,27,49,49,49,49,49,49,49,49,49,49,47,68,22,22,87,87,78,78,78,78,83,85,73,74,72,60,60,45],"gold":192,"neow_bonus":"HUNDRED_GOLD","is_prod":false,"is_daily":false,"chose_seed":false,"campfire_upgraded":9,"win_rate":0,"timestamp":1568477554,"path_taken":["M","M","$","?","?","E","R","M","T","R","E","R","E","?","R","BOSS","M","$","M","?","?","R","$","?","T","R","$","R","?","?","R","BOSS","M","?","$","?","?","R","E","R","T","E","M","M","M","E","R","BOSS"],"build_version":"2019-09-12","purchased_purges":1,"victory":true,"max_hp_per_floor":[65,65,65,65,65,65,65,65,65,65,75,75,75,75,75,75,75,75,75,75,75,75,75,75,75,75,75,75,75,75,75,75,75,75,80,80,87,87,87,87,87,87,87,87,87,87,87,87,87,87],"card_choices":[{"not_picked":["Scrawl","WaveOfTheHand"],"picked":"CleanseEvil","floor":1},{"not_picked":["FollowUp","CrushJoints"],"picked":"ThirdEye","floor":2},{"not_picked":["FlyingSleeves","CutThroughFate"],"picked":"Establishment","floor":3},{"not_picked":["CutThroughFate","CleanseEvil"],"picked":"FlowState","floor":3},{"not_picked":["Evaluate","FlyingSleeves"],"picked":"Ragnarok","floor":3},{"not_picked":["CleanseEvil","Halt"],"picked":"FlyingSleeves","floor":3},{"not_picked":["Sanctity","TalkToTheHand"],"picked":"EmptyFist","floor":3},{"not_picked":["Adaptation","JustLucky"],"picked":"WindmillStrike","floor":6},{"not_picked":["FlyingSleeves","Prostrate"],"picked":"Adaptation","floor":8},{"not_picked":["CleanseEvil","Worship"],"picked":"Meditate","floor":11},{"not_picked":["Devotion","Wish"],"picked":"Protect","floor":13},{"not_picked":["Metaphysics","Judgement"],"picked":"DevaForm","floor":16},{"not_picked":["Protect","Fasting"],"picked":"CarveReality","floor":18},{"not_picked":["JustLucky","CutThroughFate"],"picked":"EmptyBody","floor":20},{"not_picked":["ThirdEye","Sanctity+1"],"picked":"ClearTheMind","floor":22},{"not_picked":["FlurryOfBlows+1","JustLucky+1","CutThroughFate+1"],"picked":"SKIP","floor":35},{"not_picked":["BowlingBash+1","FlyingSleeves+1","EmptyFist"],"picked":"SKIP","floor":39},{"not_picked":["ForeignInfluence+1","Collect+1"],"picked":"EmptyMind+1","floor":41},{"not_picked":["FearNoEvil+1","Fasting+1","Consecrate"],"picked":"SKIP","floor":44},{"not_picked":["ClearTheMind+1","Protect+1","Perseverance+1"],"picked":"SKIP","floor":45},{"not_picked":["Consecrate+1","SandsOfTime"],"picked":"Crescendo","floor":46},{"not_picked":["FollowUp","EmptyFist+1"],"picked":"Protect+1","floor":47},{"not_picked":["WreathOfFlame+1","CutThroughFate"],"picked":"Metaphysics","floor":48}],"player_experience":670600,"relics_obtained":[{"floor":6,"key":"Blue Candle"},{"floor":9,"key":"Potion Belt"},{"floor":11,"key":"Pear"},{"floor":13,"key":"Dream Catcher"},{"floor":26,"key":"Gremlin Horn"},{"floor":41,"key":"HornCleat"},{"floor":43,"key":"Akabeko"},{"floor":44,"key":"Pantograph"},{"floor":48,"key":"Pen Nib"}],"event_choices":[{"damage_healed":0,"gold_gain":0,"player_choice":"Left Gold","damage_taken":0,"max_hp_gain":0,"max_hp_loss":0,"event_name":"World of Goop","floor":4,"gold_loss":15},{"cards_removed":["Strike_P"],"damage_healed":0,"gold_gain":0,"player_choice":"Card Removal","damage_taken":7,"max_hp_gain":0,"max_hp_loss":0,"event_name":"Golden Wing","floor":5,"gold_loss":0},{"damage_healed":0,"gold_gain":0,"player_choice":"Take Damage","damage_taken":18,"relics_obtained":["Golden Idol"],"max_hp_gain":0,"max_hp_loss":0,"event_name":"Golden Idol","floor":14,"gold_loss":0},{"damage_healed":0,"gold_gain":0,"cards_transformed":["Strike_P"],"player_choice":"Transformed","damage_taken":0,"max_hp_gain":0,"max_hp_loss":0,"event_name":"Transmorgrifier","floor":21,"gold_loss":0,"cards_obtained":["CarveReality"]},{"damage_healed":0,"gold_gain":0,"player_choice":"Obtain J.A.X.","damage_taken":0,"max_hp_gain":0,"max_hp_loss":0,"event_name":"Drug Dealer","floor":25,"gold_loss":0,"cards_obtained":["J.A.X."]},{"damage_healed":0,"gold_gain":0,"player_choice":"Gave Idol","damage_taken":0,"relics_obtained":["Bloody Idol"],"max_hp_gain":0,"max_hp_loss":0,"event_name":"Forgotten Altar","floor":30,"relics_lost":["Golden Idol"],"gold_loss":0},{"damage_healed":0,"gold_gain":0,"player_choice":"Simplicity","damage_taken":0,"max_hp_gain":0,"max_hp_loss":0,"event_name":"Back to Basics","floor":31,"gold_loss":0,"cards_upgraded":["Strike_P","Defend_P","Defend_P","Defend_P","Defend_P"]},{"damage_healed":0,"gold_gain":0,"player_choice":"Ignored","damage_taken":0,"max_hp_gain":0,"max_hp_loss":0,"event_name":"Tomb of Lord Red Mask","floor":36,"gold_loss":0},{"damage_healed":0,"gold_gain":0,"player_choice":"Copied","damage_taken":0,"max_hp_gain":0,"max_hp_loss":0,"event_name":"Duplicator","floor":38,"gold_loss":0,"cards_obtained":["Protect"]}],"is_beta":true,"boss_relics":[{"not_picked":["Empty Cage","Fusion Hammer"],"picked":"Philosopher\u0027s Stone"},{"not_picked":["SacredBark","Runic Dome"],"picked":"SlaversCollar"}],"items_purged_floors":[19],"is_endless":false,"potions_floor_spawned":[1,2,11,16,18,39,45,48],"ascension_level":8}