{"gold_per_floor":[115,290,300,400,412,221,221,57,57,67,67,17,17,44,44,141,141,141,141,240,240,94,94,124,124,124,0,14,14,46,62,62,62],"floor_reached":33,"playtime":1821,"items_purged":["Strike_R"],"score":486,"play_id":"0113f2ef-5f89-4517-87a8-0af47d26169c","local_time":"20190311164632","is_ascension_mode":true,"campfire_choices":[{"data":"Bash","floor":7,"key":"SMITH"},{"data":"Shrug It Off","floor":11,"key":"SMITH"},{"data":"Metallicize","floor":13,"key":"SMITH"},{"data":"Inflame","floor":15,"key":"SMITH"},{"data":"Demon Form","floor":23,"key":"SMITH"},{"data":"Seeing Red","floor":25,"key":"SMITH"},{"data":"Battle Trance","floor":32,"key":"SMITH"}],"neow_cost":"NONE","seed_source_timestamp":134390173306770,"circlet_count":0,"master_deck":["AscendersBane","Strike_R","Strike_R","Strike_R","Strike_R","Defend_R","Defend_R","Defend_R","Defend_R","Bash+1","Metallicize+1","Armaments","Battle Trance+1","Shrug It Off+1","Anger","Inflame+1","Demon Form+1","J.A.X.","Seeing Red+1","Combust+1","Burning Pact"],"relics":["Burning Blood","NeowsBlessing","Sling","Tiny Chest","Mummified Hand","Sundial","Busted Crown","Orichalcum","Centennial Puzzle","Meat on the Bone","Bottled Tornado"],"potions_floor_usage":[14,18,24,28,30,31],"damage_taken":[{"damage":0,"enemies":"Jaw Worm","floor":1,"turns":1},{"damage":5,"enemies":"Small Slimes","floor":3,"turns":2},{"damage":0,"enemies":"Cultist","floor":5,"turns":1},{"damage":15,"enemies":"Large Slime","floor":10,"turns":10},{"damage":11,"enemies":"Lagavulin","floor":14,"turns":4},{"damage":37,"enemies":"The Guardian","floor":16,"turns":11},{"damage":0,"enemies":"3 Byrds","floor":18,"turns":2},{"damage":32,"enemies":"Slavers","floor":24,"turns":4},{"damage":9,"enemies":"Shell Parasite","floor":28,"turns":4},{"damage":6,"enemies":"Gremlin Leader","floor":30,"turns":4},{"damage":9,"enemies":"Centurion and Healer","floor":31,"turns":5},{"damage":61,"enemies":"Automaton","floor":33,"turns":6}],"seed_played":"-4052641340373361629","potions_obtained":[{"floor":1,"key":"Energy Potion"},{"floor":3,"key":"SmokeBomb"},{"floor":16,"key":"Energy Potion"},{"floor":24,"key":"Energy Potion"},{"floor":30,"key":"Explosive Potion"}],"is_trial":false,"path_per_floor":["M","?","M","?","M","$","R","$","T","M","R","?","R","E","R","B",null,"M","?","?","?","$","R","E","R","T","$","M","$","E","M","R","B"],"character_chosen":"IRONCLAD","items_purchased":["Sling","Tiny Chest","Shrug It Off","Orichalcum","Explosive Potion"],"campfire_rested":0,"item_purchase_floors":[6,8,8,22,27],"current_hp_per_floor":[78,78,79,79,80,80,80,80,80,71,71,71,71,66,66,35,69,75,75,75,75,75,75,49,49,49,49,58,58,58,55,55,0],"gold":62,"neow_bonus":"THREE_ENEMY_KILL","is_prod":false,"is_daily":false,"chose_seed":false,"campfire_upgraded":7,"win_rate":0,"timestamp":1552319192,"path_taken":["M","?","M","?","M","$","R","$","T","?","R","?","R","E","R","BOSS","M","?","?","?","?","R","E","R","T","$","?","?","E","M","R","BOSS"],"build_version":"2019-02-06","purchased_purges":1,"victory":false,"max_hp_per_floor":[80,80,80,80,80,80,80,80,80,80,80,80,80,80,80,80,80,80,80,80,80,80,80,80,80,80,80,80,80,80,80,80,80],"card_choices":[{"not_picked":["Rampage","Cleave"],"picked":"Metallicize","floor":1},{"not_picked":["Clash","Burning Pact"],"picked":"Armaments","floor":3},{"not_picked":["Anger","Sword Boomerang"],"picked":"Battle Trance","floor":5},{"not_picked":["Thunderclap","Rupture"],"picked":"Anger","floor":10},{"not_picked":["Battle Trance","Havoc"],"picked":"Inflame","floor":14},{"not_picked":["Double Tap","Brutality"],"picked":"Demon Form","floor":16},{"not_picked":[],"picked":"Seeing Red","floor":24},{"not_picked":[],"picked":"Combust+1","floor":28},{"not_picked":["Cleave"],"picked":"SKIP","floor":30},{"not_picked":["Cleave"],"picked":"SKIP","floor":30},{"not_picked":[],"picked":"Burning Pact","floor":31}],"player_experience":167687,"relics_obtained":[{"floor":9,"key":"Mummified Hand"},{"floor":14,"key":"Sundial"},{"floor":24,"key":"Centennial Puzzle"},{"floor":26,"key":"Meat on the Bone"},{"floor":30,"key":"Bottled Tornado"}],"event_choices":[{"damage_healed":0,"gold_gain":175,"player_choice":"AGREE","damage_taken":0,"max_hp_gain":0,"max_hp_loss":0,"event_name":"Liars Game","floor":2,"gold_loss":0,"cards_obtained":["Doubt"]},{"damage_healed":0,"gold_gain":100,"player_choice":"Gold","damage_taken":0,"max_hp_gain":0,"max_hp_loss":0,"event_name":"Wheel of Change","floor":4,"gold_loss":0},{"cards_removed":["Doubt"],"damage_healed":0,"gold_gain":0,"player_choice":"Card Removal","damage_taken":0,"max_hp_gain":0,"max_hp_loss":0,"event_name":"The Cleric","floor":12,"gold_loss":50},{"damage_healed":0,"gold_gain":0,"player_choice":"Ignored","damage_taken":0,"max_hp_gain":0,"max_hp_loss":0,"event_name":"Ghosts","floor":19,"gold_loss":0},{"damage_healed":0,"gold_gain":99,"player_choice":"Stole From Cult","damage_taken":0,"max_hp_gain":0,"max_hp_loss":0,"event_name":"Nest","floor":20,"gold_loss":0},{"damage_healed":0,"gold_gain":0,"player_choice":"Obtain J.A.X.","damage_taken":0,"max_hp_gain":0,"max_hp_loss":0,"event_name":"Drug Dealer","floor":21,"gold_loss":0,"cards_obtained":["J.A.X."]}],"is_beta":true,"boss_relics":[{"not_picked":["Astrolabe","Orrery"],"picked":"Busted Crown"}],"items_purged_floors":[27],"is_endless":false,"potions_floor_spawned":[1,3,10,16,24,30],"killed_by":"Automaton","ascension_level":12}