{"gold_per_floor":[17,17,28,303,314,314,332,332,332,361,341,341,358,377,377,377],"floor_reached":16,"playtime":385,"items_purged":[],"score":173,"play_id":"80611096-d42e-4d03-8815-d8523d8cdf6a","local_time":"20190918025827","is_ascension_mode":true,"campfire_choices":[{"data":"Zap","floor":6,"key":"SMITH"},{"floor":12,"key":"REST"},{"floor":15,"key":"REST"}],"neow_cost":"NO_GOLD","seed_source_timestamp":14180053928100,"circlet_count":0,"master_deck":["AscendersBane","Strike_B","Strike_B","Strike_B","Defend_B","Defend_B","Defend_B","Zap+1","Dualcast","Redo","Blizzard","Glacier","Go for the Eyes","Regret","Coolheaded","Sweeping Beam","Amplify","Coolheaded"],"relics":["Cracked Core","Frozen Egg 2","CaptainsWheel"],"potions_floor_usage":[10,16],"damage_taken":[{"damage":7,"enemies":"Jaw Worm","floor":1,"turns":3},{"damage":1,"enemies":"Cultist","floor":3,"turns":5},{"damage":10,"enemies":"2 Louse","floor":5,"turns":3},{"damage":11,"enemies":"2 Fungi Beasts","floor":7,"turns":4},{"damage":18,"enemies":"3 Sentries","floor":10,"turns":8},{"damage":16,"enemies":"Exordium Thugs","floor":13,"turns":5},{"damage":7,"enemies":"Red Slaver","floor":14,"turns":3},{"damage":36,"enemies":"The Guardian","floor":16,"turns":5}],"seed_played":"1030500238906310092","potions_obtained":[{"floor":1,"key":"PowerPotion"},{"floor":3,"key":"Dexterity Potion"},{"floor":11,"key":"PowerPotion"}],"is_trial":false,"path_per_floor":["M","$","M","?","M","R","M","?","T","E","?","R","M","M","R","B"],"character_chosen":"DEFECT","items_purchased":[],"campfire_rested":2,"item_purchase_floors":[],"current_hp_per_floor":[57,57,56,56,46,46,35,35,35,17,17,38,22,15,36,0],"gold":377,"neow_bonus":"TRANSFORM_TWO_CARDS","is_prod":false,"is_daily":false,"chose_seed":false,"campfire_upgraded":1,"win_rate":0,"timestamp":1568793507,"path_taken":["M","$","M","?","?","R","M","?","T","E","?","R","?","M","R","BOSS"],"build_version":"2019-09-17","purchased_purges":0,"victory":false,"max_hp_per_floor":[71,71,71,71,71,71,71,71,71,71,71,71,71,71,71,71],"card_choices":[{"not_picked":["Doom and Gloom","Compile Driver"],"picked":"Glacier","floor":1},{"not_picked":["Leap","Lockon"],"picked":"Go for the Eyes","floor":3},{"not_picked":["Leap","Turbo"],"picked":"Coolheaded","floor":5},{"not_picked":["FTL","Turbo","Steam"],"picked":"SKIP","floor":7},{"not_picked":["Melter","Streamline"],"picked":"Sweeping Beam","floor":10},{"not_picked":["Turbo","Sweeping Beam"],"picked":"Amplify","floor":13},{"not_picked":["Melter","Beam Cell"],"picked":"Coolheaded","floor":14}],"player_experience":1386382,"relics_obtained":[{"floor":9,"key":"Frozen Egg 2"},{"floor":10,"key":"CaptainsWheel"}],"event_choices":[{"damage_healed":0,"gold_gain":275,"player_choice":"Desecrate","damage_taken":0,"max_hp_gain":0,"max_hp_loss":0,"event_name":"Golden Shrine","floor":4,"gold_loss":0,"cards_obtained":["Regret"]},{"damage_healed":0,"gold_gain":0,"player_choice":"Ignored","damage_taken":0,"max_hp_gain":0,"max_hp_loss":0,"event_name":"Golden Wing","floor":8,"gold_loss":0},{"damage_healed":0,"gold_gain":0,"player_choice":"Bought 1 Potion","damage_taken":0,"max_hp_gain":0,"max_hp_loss":0,"event_name":"The Woman in Blue","floor":11,"gold_loss":0}],"is_beta":true,"boss_relics":[],"items_purged_floors":[],"is_endless":false,"potions_floor_spawned":[1,3,13,14],"killed_by":"The Guardian","ascension_level":14}