{"gold_per_floor":[217,64,84,99,109,109,142,142,142,168,168,243,243,243,243,319,319,336,336,336,261,276,276,276,276,330,90,135,135,135,160,160,234,234,254,267,292,307,64,64,64,89,89,89,107,123,149,149,149,149],"floor_reached":51,"playtime":4307,"items_purged":["Strike_G+1"],"score":1158,"play_id":"8533c179-717a-4b43-8028-d3a3469d706f","local_time":"20180713234712","is_ascension_mode":true,"campfire_choices":[{"data":"Neutralize","floor":6,"key":"SMITH"},{"data":"A Thousand Cuts","floor":8,"key":"SMITH"},{"data":"Footwork","floor":11,"key":"SMITH"},{"floor":13,"key":"REST"},{"data":"Corpse Explosion","floor":15,"key":"SMITH"},{"data":"Skewer","floor":23,"key":"SMITH"},{"data":"Acrobatics","floor":25,"key":"SMITH"},{"floor":29,"key":"REST"},{"floor":32,"key":"REST"},{"floor":40,"key":"REST"},{"floor":44,"key":"REST"},{"floor":49,"key":"REST"}],"neow_cost":"NONE","seed_source_timestamp":436922680050996,"circlet_count":0,"master_deck":["Defend_G+1","Defend_G+1","Defend_G+1","Defend_G+1","Defend_G+1","Strike_G+1","Strike_G+1","Strike_G+1","Strike_G+1","Survivor","Neutralize+1","AscendersBane","Well Laid Plans","Corpse Explosion+1","Footwork+1","Backstab+1","Skewer+1","A Thousand Cuts+1","Blur","Tools of the Trade","Infinite Blades","Acrobatics+1","Malaise","Wraith Form v2","Acrobatics+1","Eviscerate","Bouncing Flask","Sucker Punch+1","Choke+1","Phantasmal Killer"],"relics":["Ring of the Snake","Bag of Marbles","Matryoshka","Sundial","Snecko Eye","Kunai","Tiny Chest","Mummified Hand","Ancient Tea Set","Juzu Bracelet","Bag of Preparation","Whetstone","White Beast Statue","Happy Flower","Gremlin Horn","Lantern","Pen Nib","Shuriken"],"potions_floor_usage":[7,10,16,33,47,50],"damage_taken":[{"damage":0,"enemies":"2 Louse","floor":1,"turns":3},{"damage":8,"enemies":"Small Slimes","floor":3,"turns":5},{"damage":5,"enemies":"Jaw Worm","floor":4,"turns":5},{"damage":0,"enemies":"Gremlin Gang","floor":5,"turns":4},{"damage":20,"enemies":"Gremlin Nob","floor":7,"turns":4},{"damage":9,"enemies":"Lagavulin","floor":10,"turns":6},{"damage":13,"enemies":"Hexaghost","floor":16,"turns":10},{"damage":15,"enemies":"2 Thieves","floor":18,"turns":3},{"damage":12,"enemies":"3 Byrds","floor":22,"turns":3},{"damage":8,"enemies":"Book of Stabbing","floor":31,"turns":5},{"damage":25,"enemies":"Champ","floor":33,"turns":17},{"damage":37,"enemies":"3 Darklings","floor":35,"turns":4},{"damage":0,"enemies":"3 Shapes","floor":36,"turns":2},{"damage":15,"enemies":"Transient","floor":38,"turns":5},{"damage":0,"enemies":"Giant Head","floor":42,"turns":6},{"damage":0,"enemies":"3 Darklings","floor":45,"turns":1},{"damage":0,"enemies":"Flame Bruiser 2 Orb","floor":46,"turns":3},{"damage":7,"enemies":"2 Orb Walkers","floor":47,"turns":3},{"damage":24,"enemies":"Awakened One","floor":50,"turns":9}],"seed_played":"-1984771914197440437","potions_obtained":[{"floor":3,"key":"EssenceOfSteel"},{"floor":4,"key":"AttackPotion"},{"floor":7,"key":"AttackPotion"},{"floor":10,"key":"PowerPotion"},{"floor":14,"key":"GhostInAJar"},{"floor":18,"key":"SpeedPotion"},{"floor":35,"key":"EssenceOfSteel"},{"floor":42,"key":"GhostInAJar"},{"floor":47,"key":"Weak Potion"}],"is_trial":false,"path_per_floor":["M","$","M","M","M","R","E","R","T","E","R","?","R","?","R","B",null,"M","?","?","$","M","R","$","R","T","$","T","R","?","E","R","B",null,"M","M","T","M","$","R","$","E","T","R","M","M","E","?","R","B"],"character_chosen":"THE_SILENT","items_purchased":["Corpse Explosion","Mummified Hand","Gremlin Horn"],"campfire_rested":6,"item_purchase_floors":[2,27,39],"current_hp_per_floor":[63,63,55,50,50,50,30,30,30,21,21,10,31,31,31,18,57,42,42,42,42,30,30,30,30,30,30,30,51,51,43,64,39,62,25,25,25,10,10,31,31,31,31,52,52,52,45,45,66,42],"gold":149,"neow_bonus":"HUNDRED_GOLD","is_prod":false,"is_daily":false,"chose_seed":false,"campfire_upgraded":6,"win_rate":0,"timestamp":1531550832,"path_taken":["M","$","M","M","M","R","E","R","T","E","R","?","R","?","R","BOSS","M","?","?","$","M","R","?","R","T","$","?","R","?","E","R","BOSS","M","M","?","M","$","R","$","E","T","R","M","M","E","?","R","BOSS"],"build_version":"2018-07-12","purchased_purges":1,"victory":true,"max_hp_per_floor":[70,70,70,70,70,70,70,70,70,70,70,70,70,70,70,70,70,70,70,70,70,70,70,70,70,70,70,70,70,70,70,70,70,70,70,70,70,70,70,70,70,70,70,70,70,70,70,70,70,70],"card_choices":[{"not_picked":["Poisoned Stab","Quick Slash"],"picked":"Well Laid Plans","floor":1},{"not_picked":["Endless Agony","Escape Plan"],"picked":"Footwork","floor":3},{"not_picked":["Prepared","Deadly Poison"],"picked":"Backstab","floor":4},{"not_picked":["Deadly Poison","Heel Hook"],"picked":"Skewer","floor":5},{"not_picked":["Calculated Gamble","Flying Knee"],"picked":"A Thousand Cuts","floor":7},{"not_picked":["Bane","Setup"],"picked":"Blur","floor":10},{"not_picked":["After Image","Storm of Steel"],"picked":"Tools of the Trade","floor":16},{"not_picked":["Finisher","Dagger Spray"],"picked":"Infinite Blades","floor":18},{"not_picked":["Prepared","Outmaneuver"],"picked":"Acrobatics","floor":22},{"not_picked":["Underhanded Strike","Accuracy+1"],"picked":"Malaise","floor":31},{"not_picked":["Unload","Doppelganger"],"picked":"Wraith Form v2","floor":33},{"not_picked":["Outmaneuver","Crippling Poison"],"picked":"Acrobatics+1","floor":35},{"not_picked":["Quick Slash+1","Riddle With Holes"],"picked":"Eviscerate","floor":36},{"not_picked":["Quick Slash","Riddle With Holes"],"picked":"Bouncing Flask","floor":38},{"not_picked":["Calculated Gamble+1","Prepared+1"],"picked":"Sucker Punch+1","floor":42},{"not_picked":["Prepared+1","Flechettes"],"picked":"Choke+1","floor":45},{"not_picked":["Flying Knee","Dash","Quick Slash"],"picked":"SKIP","floor":46},{"not_picked":["Flying Knee","Dash","Quick Slash"],"picked":"SKIP","floor":46},{"not_picked":["Concentrate","Backstab"],"picked":"Phantasmal Killer","floor":47}],"player_experience":827591,"relics_obtained":[{"floor":7,"key":"Bag of Marbles"},{"floor":9,"key":"Matryoshka"},{"floor":10,"key":"Sundial"},{"floor":26,"key":"Kunai"},{"floor":26,"key":"Tiny Chest"},{"floor":28,"key":"Ancient Tea Set"},{"floor":28,"key":"Juzu Bracelet"},{"floor":31,"key":"Whetstone"},{"floor":37,"key":"Happy Flower"},{"floor":42,"key":"Lantern"},{"floor":43,"key":"Pen Nib"},{"floor":47,"key":"Shuriken"}],"event_choices":[{"event_name":"World of Goop","player_choice":"Gather Gold","floor":12,"damage_taken":0},{"event_name":"The Lab","player_choice":"Got Potions","floor":14,"damage_taken":0},{"event_name":"Back to Basics","player_choice":"Simplicity","floor":19,"damage_taken":0},{"event_name":"Cursed Tome","player_choice":"Ignored","floor":20,"damage_taken":0},{"event_name":"Wheel of Change","player_choice":"Relic","floor":30,"damage_taken":0},{"event_name":"Mysterious Sphere","player_choice":"Ignore","floor":48,"damage_taken":0}],"boss_relics":[{"not_picked":["Lizard Tail","Coffee Dripper"],"picked":"Snecko Eye"},{"not_picked":["Runic Pyramid","Calling Bell"],"picked":"White Beast Statue"}],"items_purged_floors":[21],"is_endless":false,"potions_floor_spawned":[3,4,7,10,18,22,35,36,38,42,45,46,47],"ascension_level":13}