{"gold_per_floor":[113,113,130,130,143,143,170,231,231,231,231,21,49,49,49,128,128,146,60,60,73,73],"floor_reached":22,"playtime":618,"items_purged":[],"score":380,"play_id":"dd3a4b43-ceeb-4b1f-b460-c3bb4d9720a0","local_time":"20190126025652","is_ascension_mode":true,"campfire_choices":[{"data":"Bash","floor":6,"key":"SMITH"},{"data":"Heavy Blade","floor":10,"key":"SMITH"},{"data":"Apotheosis","floor":15,"key":"SMITH"}],"neow_cost":"NONE","seed_source_timestamp":1658290252252108,"circlet_count":0,"master_deck":["AscendersBane","Strike_R","Strike_R","Strike_R","Strike_R","Strike_R","Defend_R","Defend_R","Defend_R","Defend_R","Bash+1","Iron Wave","Reckless Charge","Spot Weakness","Heavy Blade+1","Reaper","Apotheosis+1","True Grit","Feed","Metallicize","Shrug It Off"],"relics":["Burning Blood","NeowsBlessing","Mummified Hand","Sundial","Gremlin Horn","Singing Bowl","Oddly Smooth Stone","Cursed Key"],"potions_floor_usage":[7,13],"damage_taken":[{"damage":0,"enemies":"Jaw Worm","floor":1,"turns":1},{"damage":0,"enemies":"Cultist","floor":3,"turns":1},{"damage":0,"enemies":"2 Louse","floor":5,"turns":1},{"damage":20,"enemies":"Lagavulin","floor":7,"turns":5},{"damage":3,"enemies":"Gremlin Nob","floor":8,"turns":3},{"damage":20,"enemies":"3 Sentries","floor":13,"turns":7},{"damage":55,"enemies":"Slime Boss","floor":16,"turns":8},{"damage":21,"enemies":"Shell Parasite","floor":18,"turns":3},{"damage":16,"enemies":"Spheric Guardian","floor":21,"turns":5},{"damage":58,"enemies":"Shelled Parasite and Fungi","floor":22,"turns":6}],"seed_played":"8813564315539553165","potions_obtained":[{"floor":1,"key":"Strength Potion"},{"floor":7,"key":"Explosive Potion"},{"floor":8,"key":"Ancient Potion"}],"is_trial":false,"path_per_floor":["M","?","M","T","M","R","E","?","T","R","T","$","E","?","R","B",null,"M","$","?","M","M"],"character_chosen":"IRONCLAD","items_purchased":["Apotheosis","Metallicize"],"campfire_rested":0,"item_purchase_floors":[12,19],"current_hp_per_floor":[74,63,69,69,75,75,61,64,64,64,64,64,55,60,60,50,73,64,64,64,54,0],"gold":73,"neow_bonus":"THREE_ENEMY_KILL","is_prod":false,"is_daily":false,"chose_seed":false,"campfire_upgraded":3,"win_rate":0,"timestamp":1548500212,"path_taken":["M","?","?","?","M","R","E","?","T","R","?","$","E","?","R","BOSS","M","$","?","M","M"],"build_version":"2019-01-23","purchased_purges":0,"victory":false,"max_hp_per_floor":[75,75,75,75,75,75,75,75,75,75,75,75,75,80,80,80,80,86,86,86,86,86],"card_choices":[{"not_picked":["Seeing Red","Entrench"],"picked":"Iron Wave","floor":1},{"not_picked":["Wild Strike","Sword Boomerang"],"picked":"Reckless Charge","floor":3},{"not_picked":["True Grit","Power Through"],"picked":"Spot Weakness","floor":5},{"not_picked":["Combust","Headbutt"],"picked":"Heavy Blade","floor":7},{"not_picked":["Clothesline","True Grit"],"picked":"Reaper","floor":8},{"not_picked":["Clash","Rampage"],"picked":"True Grit","floor":13},{"not_picked":["Offering","Juggernaut"],"picked":"Feed","floor":16},{"not_picked":["Spot Weakness","Cleave","Infernal Blade"],"picked":"Singing Bowl","floor":18},{"not_picked":["Reckless Charge","Havoc"],"picked":"Shrug It Off","floor":21}],"player_experience":1211611,"relics_obtained":[{"floor":4,"key":"Mummified Hand"},{"floor":7,"key":"Sundial"},{"floor":8,"key":"Gremlin Horn"},{"floor":9,"key":"Singing Bowl"},{"floor":13,"key":"Oddly Smooth Stone"}],"event_choices":[{"damage_healed":0,"gold_gain":0,"player_choice":"Damaged","damage_taken":11,"max_hp_gain":0,"max_hp_loss":0,"event_name":"Wheel of Change","floor":2,"gold_loss":0},{"damage_healed":0,"gold_gain":30,"player_choice":"Searched \u00273\u0027 times","damage_taken":0,"max_hp_gain":0,"max_hp_loss":0,"event_name":"Dead Adventurer","floor":8,"gold_loss":0},{"damage_healed":0,"gold_gain":0,"player_choice":"Donut","damage_taken":0,"max_hp_gain":5,"max_hp_loss":0,"event_name":"Big Fish","floor":14,"gold_loss":0},{"damage_healed":0,"gold_gain":0,"player_choice":"Ignored","damage_taken":0,"max_hp_gain":0,"max_hp_loss":0,"event_name":"Beggar","floor":20,"gold_loss":0}],"is_beta":true,"boss_relics":[{"not_picked":["Busted Crown","Ectoplasm"],"picked":"Cursed Key"}],"items_purged_floors":[],"is_endless":false,"potions_floor_spawned":[1,7,8],"killed_by":"Shelled Parasite and Fungi","ascension_level":20}