{"gold_per_floor":[13,28,28,41,60,60,85,85,85,97,126,145,171,181,181,260,260,280,16,29,29,46,46,61,72,119,154,168,7,7,23,23,99,99,110,110,120,120,136,165,176,176,227,261,289,401,413,440,452,464,476],"floor_reached":51,"playtime":3765,"items_purged":[],"score":1460,"play_id":"14e35a47-8ac1-4d42-bef2-3fb1809e5849","local_time":"20190607163051","is_ascension_mode":true,"campfire_choices":[{"data":"Bash","floor":6,"key":"SMITH"},{"data":"Double Tap","floor":8,"key":"SMITH"},{"data":"Pommel Strike","floor":15,"key":"SMITH"},{"floor":23,"key":"REST"},{"floor":30,"key":"REST"},{"floor":32,"key":"REST"},{"floor":42,"key":"REST"},{"floor":47,"key":"RECALL"},{"floor":49,"key":"REST"}],"neow_cost":"NO_GOLD","seed_source_timestamp":3687834867089921,"circlet_count":0,"master_deck":["AscendersBane","Strike_R","Strike_R","Strike_R","Defend_R","Defend_R","Defend_R","Defend_R","Bash+1","Thunderclap","Pommel Strike+1","Cleave","Double Tap+1","Metallicize","Flex","Shrug It Off","Metallicize","Feed","Evolve","Warcry+1","Power Through","Rage","Demon Form","Metallicize+1","Writhe","Inflame+1","Anger","Feel No Pain","Battle Trance"],"relics":["Burning Blood","Champion Belt","Red Skull","Blue Candle","Bird Faced Urn","Vajra","Fusion Hammer","Kunai","Orichalcum","Sundial","Pen Nib","Runic Cube","Lantern","MawBank","Du-Vu Doll"],"potions_floor_usage":[7,11,11,25,27,40,40],"damage_taken":[{"damage":2,"enemies":"2 Louse","floor":1,"turns":4},{"damage":8,"enemies":"Cultist","floor":2,"turns":4},{"damage":2,"enemies":"Jaw Worm","floor":4,"turns":4},{"damage":7,"enemies":"Gremlin Gang","floor":5,"turns":4},{"damage":20,"enemies":"3 Sentries","floor":7,"turns":4},{"damage":0,"enemies":"Lots of Slimes","floor":10,"turns":1},{"damage":8,"enemies":"Gremlin Nob","floor":11,"turns":3},{"damage":5,"enemies":"3 Louse","floor":12,"turns":3},{"damage":21,"enemies":"3 Sentries","floor":13,"turns":5},{"damage":15,"enemies":"Exordium Wildlife","floor":14,"turns":3},{"damage":41,"enemies":"Hexaghost","floor":16,"turns":12},{"damage":13,"enemies":"Spheric Guardian","floor":18,"turns":6},{"damage":12,"enemies":"Shell Parasite","floor":20,"turns":8},{"damage":33,"enemies":"Shelled Parasite and Fungi","floor":22,"turns":6},{"damage":3,"enemies":"Centurion and Healer","floor":24,"turns":6},{"damage":42,"enemies":"Chosen and Byrds","floor":25,"turns":7},{"damage":16,"enemies":"Book of Stabbing","floor":27,"turns":4},{"damage":12,"enemies":"Cultist and Chosen","floor":28,"turns":9},{"damage":34,"enemies":"Snake Plant","floor":31,"turns":9},{"damage":69,"enemies":"Champ","floor":33,"turns":18},{"damage":30,"enemies":"3 Shapes","floor":35,"turns":15},{"damage":18,"enemies":"3 Darklings","floor":37,"turns":6},{"damage":56,"enemies":"4 Shapes","floor":39,"turns":5},{"damage":57,"enemies":"Reptomancer","floor":40,"turns":10},{"damage":53,"enemies":"Spire Growth","floor":41,"turns":6},{"damage":19,"enemies":"Nemesis","floor":44,"turns":5},{"damage":34,"enemies":"Transient","floor":45,"turns":6},{"damage":6,"enemies":"Mind Bloom Boss Battle","floor":46,"turns":8},{"damage":24,"enemies":"4 Shapes","floor":48,"turns":7},{"damage":64,"enemies":"Donu and Deca","floor":50,"turns":11},{"damage":38,"enemies":"Awakened One","floor":51,"turns":3}],"seed_played":"-5803056251654197332","potions_obtained":[{"floor":1,"key":"Swift Potion"},{"floor":4,"key":"Swift Potion"},{"floor":5,"key":"FearPotion"},{"floor":7,"key":"Poison Potion"},{"floor":13,"key":"Weak Potion"},{"floor":18,"key":"Regen Potion"},{"floor":25,"key":"Energy Potion"},{"floor":28,"key":"Swift Potion"},{"floor":31,"key":"Regen Potion"},{"floor":40,"key":"GamblersBrew"},{"floor":44,"key":"Weak Potion"},{"floor":48,"key":"LiquidBronze"}],"is_trial":false,"path_per_floor":["M","M","?","M","M","R","E","R","T","M","E","M","E","M","R","B",null,"M","$","M","?","M","R","M","M","T","E","M","$","R","M","R","B",null,"M","?","M","?","M","E","M","R","T","E","M","?","R","M","R","B","B"],"character_chosen":"IRONCLAD","items_purchased":["Kunai","Pen Nib"],"campfire_rested":5,"item_purchase_floors":[19,29],"current_hp_per_floor":[72,70,70,74,73,73,59,59,59,65,63,66,53,46,46,15,60,60,60,63,63,45,70,80,53,53,50,53,53,81,62,91,34,83,70,90,86,86,47,60,23,54,54,51,33,48,48,42,74,33,0],"gold":476,"neow_bonus":"ONE_RARE_RELIC","is_prod":false,"is_daily":false,"chose_seed":false,"campfire_upgraded":3,"win_rate":0,"timestamp":1559950251,"path_taken":["M","M","?","?","M","R","E","R","T","M","E","M","E","M","R","BOSS","M","$","M","?","?","R","M","M","T","E","M","$","R","?","R","BOSS","M","?","M","?","M","E","M","R","T","E","M","?","R","M","R","BOSS","BOSS"],"build_version":"2019-06-05","purchased_purges":0,"victory":false,"max_hp_per_floor":[75,75,75,75,75,75,75,75,75,75,75,75,75,75,75,75,75,78,78,81,81,84,84,87,90,90,93,96,96,96,99,99,99,99,102,102,102,102,105,105,105,105,105,105,105,108,108,108,108,111,111],"card_choices":[{"not_picked":["Infernal Blade","Rampage"],"picked":"Thunderclap","floor":1},{"not_picked":["Twin Strike","Clash"],"picked":"Pommel Strike","floor":2},{"not_picked":["Power Through","Perfected Strike"],"picked":"Cleave","floor":4},{"not_picked":["Perfected Strike","Thunderclap"],"picked":"Double Tap","floor":5},{"not_picked":["Body Slam","Corruption"],"picked":"Intimidate","floor":7},{"not_picked":["Cleave","Body Slam","Pommel Strike"],"picked":"SKIP","floor":10},{"not_picked":["Blood for Blood","Armaments"],"picked":"Metallicize","floor":11},{"not_picked":["Iron Wave","Intimidate"],"picked":"Flex","floor":12},{"not_picked":["Body Slam","Searing Blow"],"picked":"Shrug It Off","floor":13},{"not_picked":["Brutality","Uppercut"],"picked":"Metallicize","floor":14},{"not_picked":["Double Tap","Bludgeon"],"picked":"Feed","floor":16},{"not_picked":["Carnage","Infernal Blade"],"picked":"Evolve","floor":18},{"not_picked":["Wild Strike","Perfected Strike"],"picked":"Warcry+1","floor":20},{"not_picked":["Flex","Clash+1"],"picked":"Power Through","floor":22},{"not_picked":["Iron Wave","Pommel Strike","Fire Breathing"],"picked":"SKIP","floor":24},{"not_picked":["Warcry","Second Wind+1"],"picked":"Rage","floor":25},{"not_picked":["Havoc","Wild Strike","Heavy Blade"],"picked":"SKIP","floor":27},{"not_picked":["Bloodletting","Fire Breathing+1","Thunderclap"],"picked":"SKIP","floor":28},{"not_picked":["Entrench","Iron Wave","Pommel Strike"],"picked":"SKIP","floor":31},{"not_picked":["Entrench","Iron Wave","Pommel Strike"],"picked":"SKIP","floor":31},{"not_picked":["Brutality","Juggernaut"],"picked":"Demon Form","floor":33},{"not_picked":["Anger","Sever Soul"],"picked":"Metallicize+1","floor":35},{"not_picked":["Warcry+1","Infernal Blade"],"picked":"Inflame+1","floor":37},{"not_picked":["Twin Strike","Clothesline"],"picked":"Anger","floor":39},{"not_picked":["Evolve+1","Armaments","Corruption+1"],"picked":"SKIP","floor":40},{"not_picked":["Warcry","Clash","Armaments"],"picked":"SKIP","floor":41},{"not_picked":["Heavy Blade","Thunderclap+1"],"picked":"Feel No Pain","floor":44},{"not_picked":["Shrug It Off","Twin Strike","Wild Strike"],"picked":"SKIP","floor":45},{"not_picked":["Feed","Flame Barrier"],"picked":"Battle Trance","floor":46},{"not_picked":["Uppercut","Pommel Strike","Clothesline+1"],"picked":"SKIP","floor":48}],"player_experience":1322160,"relics_obtained":[{"floor":7,"key":"Red Skull"},{"floor":9,"key":"Blue Candle"},{"floor":11,"key":"Bird Faced Urn"},{"floor":13,"key":"Vajra"},{"floor":26,"key":"Orichalcum"},{"floor":27,"key":"Sundial"},{"floor":40,"key":"Lantern"},{"floor":44,"key":"MawBank"},{"floor":46,"key":"Du-Vu Doll"}],"event_choices":[{"cards_removed":["Strike_R"],"damage_healed":0,"gold_gain":0,"player_choice":"Purged","damage_taken":0,"max_hp_gain":0,"max_hp_loss":0,"event_name":"Purifier","floor":3,"gold_loss":0},{"cards_removed":["Strike_R"],"damage_healed":0,"gold_gain":0,"player_choice":"Purged","damage_taken":0,"max_hp_gain":0,"max_hp_loss":0,"event_name":"Purifier","floor":21,"gold_loss":0},{"damage_healed":20,"gold_gain":0,"player_choice":"Writhe","damage_taken":0,"max_hp_gain":0,"max_hp_loss":0,"event_name":"Winding Halls","floor":36,"gold_loss":0,"cards_obtained":["Writhe"]},{"cards_removed":["Intimidate"],"damage_healed":0,"gold_gain":0,"player_choice":"Removed Skill","damage_taken":0,"max_hp_gain":0,"max_hp_loss":0,"event_name":"Falling","floor":38,"gold_loss":0},{"damage_healed":0,"gold_gain":0,"player_choice":"Fight","damage_taken":0,"max_hp_gain":0,"max_hp_loss":0,"event_name":"MindBloom","floor":46,"gold_loss":0}],"is_beta":true,"boss_relics":[{"not_picked":["White Beast Statue","Black Blood"],"picked":"Fusion Hammer"},{"not_picked":["Busted Crown","Philosopher\u0027s Stone"],"picked":"Runic Cube"}],"items_purged_floors":[],"is_endless":false,"potions_floor_spawned":[1,4,5,7,13,18,25,28,31,39,40,44,45,48],"killed_by":"Awakened One","ascension_level":20}