{"gold_per_floor":[117,135,150,109,66,66,101,101,124,124,189,209,209,224,224,297,297,314,327,327,252,252,280,280],"floor_reached":24,"playtime":1023,"items_purged":["Strike_B"],"score":473,"play_id":"bfb5cfa9-b988-440c-8c22-282397ee1a54","local_time":"20181224170006","is_ascension_mode":true,"campfire_choices":[{"data":"Zap","floor":6,"key":"SMITH"},{"floor":10,"key":"REST"},{"data":"Coolheaded","floor":13,"key":"SMITH"},{"data":"Buffer","floor":15,"key":"SMITH"}],"neow_cost":"NONE","seed_source_timestamp":8174769178762600,"circlet_count":0,"master_deck":["AscendersBane","Strike_B","Strike_B","Strike_B","Defend_B","Defend_B","Defend_B+1","Defend_B","Zap+1","Dualcast","Cold Snap","Coolheaded+1","Streamline","Glacier+1","Loop","Buffer+1","Ball Lightning","Gash","Thunder Strike","Redo"],"relics":["Cracked Core","Strawberry","PreservedInsect","Tiny Chest","Busted Crown","Lantern"],"potions_floor_usage":[7,23,23,23,24],"damage_taken":[{"damage":1,"enemies":"Cultist","floor":1,"turns":3},{"damage":2,"enemies":"Small Slimes","floor":2,"turns":4},{"damage":5,"enemies":"Jaw Worm","floor":3,"turns":4},{"damage":15,"enemies":"Lagavulin","floor":7,"turns":6},{"damage":16,"enemies":"3 Sentries","floor":11,"turns":7},{"damage":0,"enemies":"Looter","floor":12,"turns":3},{"damage":2,"enemies":"Red Slaver","floor":14,"turns":3},{"damage":51,"enemies":"Slime Boss","floor":16,"turns":15},{"damage":8,"enemies":"2 Thieves","floor":18,"turns":4},{"damage":11,"enemies":"Shell Parasite","floor":19,"turns":5},{"damage":25,"enemies":"Slavers","floor":23,"turns":6},{"damage":15,"enemies":"Sentry and Sphere","floor":24,"turns":4}],"seed_played":"-4917600981478932055","potions_obtained":[{"floor":2,"key":"FearPotion"},{"floor":12,"key":"FairyPotion"},{"floor":16,"key":"EntropicBrew"},{"floor":18,"key":"GamblersBrew"},{"floor":19,"key":"SpeedPotion"}],"is_trial":false,"path_per_floor":["M","M","M","$","$","R","E","?","T","R","E","M","R","M","R","B",null,"M","M","?","$","?","E","M"],"character_chosen":"DEFECT","items_purchased":["Glacier","Loop"],"campfire_rested":1,"item_purchase_floors":[4,5],"current_hp_per_floor":[70,68,63,63,63,63,55,29,29,54,38,38,38,36,36,8,66,58,47,64,64,39,14,0],"gold":280,"neow_bonus":"TEN_PERCENT_HP_BONUS","is_prod":false,"is_daily":false,"chose_seed":false,"campfire_upgraded":3,"win_rate":0,"timestamp":1545699606,"path_taken":["M","M","M","?","$","R","E","?","T","R","E","M","R","M","R","BOSS","M","M","?","$","?","E","M"],"build_version":"2018-12-20","purchased_purges":1,"victory":false,"max_hp_per_floor":[78,78,78,78,78,78,85,85,85,85,85,85,85,85,85,85,85,85,85,85,85,90,90,90],"card_choices":[{"not_picked":["Go for the Eyes","Beam Cell"],"picked":"Cold Snap","floor":1},{"not_picked":["Redo","Stack"],"picked":"Coolheaded","floor":2},{"not_picked":["Hologram","Go for the Eyes"],"picked":"Streamline","floor":3},{"not_picked":["Tempest","Compile Driver"],"picked":"Buffer","floor":7},{"not_picked":["Rebound","Beam Cell"],"picked":"Ball Lightning","floor":11},{"not_picked":["Leap","Streamline"],"picked":"Gash","floor":12},{"not_picked":["Steam","Steam Power","Rebound"],"picked":"SKIP","floor":14},{"not_picked":["Hyperbeam","Reboot"],"picked":"Thunder Strike","floor":16},{"not_picked":[],"picked":"Redo","floor":18},{"not_picked":["Gash"],"picked":"SKIP","floor":19},{"not_picked":["Storm"],"picked":"SKIP","floor":23}],"player_experience":1133391,"relics_obtained":[{"floor":7,"key":"Strawberry"},{"floor":9,"key":"PreservedInsect"},{"floor":11,"key":"Tiny Chest"},{"floor":23,"key":"Lantern"}],"event_choices":[{"damage_healed":0,"gold_gain":0,"player_choice":"Entered Light","damage_taken":26,"max_hp_gain":0,"max_hp_loss":0,"event_name":"Shining Light","floor":8,"gold_loss":0,"cards_upgraded":["Glacier","Defend_B"]},{"damage_healed":17,"gold_gain":0,"player_choice":"Heal","damage_taken":0,"max_hp_gain":0,"max_hp_loss":0,"event_name":"The Library","floor":20,"gold_loss":0},{"damage_healed":0,"gold_gain":0,"player_choice":"Shed Blood","damage_taken":30,"max_hp_gain":5,"max_hp_loss":0,"event_name":"Forgotten Altar","floor":22,"gold_loss":0}],"is_beta":true,"boss_relics":[{"not_picked":["FrozenCore","Black Star"],"picked":"Busted Crown"}],"items_purged_floors":[21],"is_endless":false,"potions_floor_spawned":[2,12,16,18,19],"killed_by":"Sentry and Sphere","ascension_level":20}