{"gold_per_floor":[16,35,35,35,55,55,73,73,122,134,146,174,39,73,73,175,175,188,188,188,214,228,228,246,82,106,120,41,57,5,5,5,106,106,126,126,145,145,145],"floor_reached":39,"playtime":3334,"items_purged":["Berserk"],"score":404,"play_id":"0e31c859-bd9c-4a2e-abd0-694f92c8c75b","local_time":"20181102173737","is_ascension_mode":false,"campfire_choices":[{"data":"Infernal Blade","floor":6,"key":"SMITH"},{"data":"Demon Form","floor":8,"key":"SMITH"},{"floor":15,"key":"REST"},{"data":"Armaments","floor":23,"key":"SMITH"},{"floor":32,"key":"REST"}],"neow_cost":"NO_GOLD","seed_source_timestamp":32715689097817,"circlet_count":0,"master_deck":["Defend_R","Defend_R","Defend_R","Defend_R","Bash","Demon Form+1","Infernal Blade+1","Anger","Clash","Anger","Juggernaut","Ghostly Armor","Armaments+1","Bite","Bite","Bite","Bite","Bite","Necronomicurse","Iron Wave+1","Enlightenment","Ghostly Armor","Heavy Blade","Fire Breathing+1","Barricade","Heavy Blade+1","Enlightenment","Shrug It Off","Writhe"],"relics":["Burning Blood","MawBank","Question Card","Lantern","Dream Catcher","Busted Crown","Necronomicon","PreservedInsect","Anchor","Mark of Pain"],"potions_floor_usage":[12,14,24,33,33,33,39],"damage_taken":[{"damage":13,"enemies":"Small Slimes","floor":1,"turns":4},{"damage":0,"enemies":"2 Louse","floor":2,"turns":4},{"damage":7,"enemies":"Jaw Worm","floor":5,"turns":5},{"damage":25,"enemies":"Exordium Thugs","floor":7,"turns":5},{"damage":6,"enemies":"Exordium Wildlife","floor":12,"turns":3},{"damage":15,"enemies":"Lagavulin","floor":14,"turns":6},{"damage":26,"enemies":"Slime Boss","floor":16,"turns":6},{"damage":12,"enemies":"Shell Parasite","floor":18,"turns":4},{"damage":31,"enemies":"2 Thieves","floor":22,"turns":5},{"damage":18,"enemies":"Centurion and Healer","floor":24,"turns":7},{"damage":31,"enemies":"Snake Plant","floor":27,"turns":5},{"damage":22,"enemies":"Cultist and Chosen","floor":29,"turns":7},{"damage":32,"enemies":"Collector","floor":33,"turns":9},{"damage":18,"enemies":"3 Shapes","floor":35,"turns":5},{"damage":49,"enemies":"3 Darklings","floor":37,"turns":8},{"damage":46,"enemies":"Spire Growth","floor":39,"turns":5}],"seed_played":"-3016967505717818829","potions_obtained":[{"floor":5,"key":"Dexterity Potion"},{"floor":7,"key":"Ancient Potion"},{"floor":12,"key":"Weak Potion"},{"floor":24,"key":"Weak Potion"},{"floor":29,"key":"Block Potion"},{"floor":33,"key":"Ancient Potion"},{"floor":35,"key":"LiquidBronze"},{"floor":37,"key":"Fire Potion"}],"is_trial":false,"path_per_floor":["M","M","?","?","M","R","M","R","T","?","T","M","$","E","R","B",null,"M","?","?","T","M","R","M","$","T","M","$","M","$","?","R","B",null,"M","?","M","?","M"],"character_chosen":"IRONCLAD","items_purchased":["Lantern","Enlightenment","Ghostly Armor","Block Potion"],"campfire_rested":2,"item_purchase_floors":[13,25,28,30],"current_hp_per_floor":[73,79,72,77,76,76,57,57,57,57,57,57,57,48,73,53,85,79,59,43,43,31,31,32,32,32,17,17,15,15,20,37,24,59,49,49,22,37,0],"gold":145,"neow_bonus":"THREE_RARE_CARDS","is_prod":false,"is_daily":false,"chose_seed":false,"campfire_upgraded":3,"win_rate":0.0,"timestamp":1541176657,"path_taken":["M","M","?","?","M","R","M","R","T","?","?","M","$","E","R","BOSS","M","?","?","?","M","R","?","$","T","M","?","M","$","?","R","BOSS","M","?","M","?","?"],"build_version":"2018-11-01","purchased_purges":1,"victory":false,"max_hp_per_floor":[80,80,80,85,85,85,85,85,85,85,85,85,85,85,85,85,85,85,59,59,59,59,59,59,59,59,59,59,59,59,59,59,59,59,59,59,59,59,59],"card_choices":[{"not_picked":["Feed","Berserk"],"picked":"Demon Form","floor":0},{"not_picked":["Clothesline","Clash","Anger"],"picked":"SKIP","floor":1},{"not_picked":["Thunderclap","Flame Barrier"],"picked":"Infernal Blade","floor":2},{"not_picked":["Pommel Strike","Thunderclap"],"picked":"Cleave","floor":5},{"not_picked":["Twin Strike","Perfected Strike"],"picked":"Anger","floor":7},{"not_picked":["Headbutt","Warcry","Sword Boomerang"],"picked":"Anger","floor":12},{"not_picked":["Disarm","Reckless Charge","Headbutt"],"picked":"Juggernaut","floor":14},{"not_picked":["Fire Breathing","Headbutt","Pommel Strike"],"picked":"Ghostly Armor","floor":15},{"not_picked":["Offering","Demon Form","Brutality"],"picked":"Berserk","floor":16},{"not_picked":["Clothesline"],"picked":"Armaments","floor":18},{"not_picked":["Twin Strike","Corruption"],"picked":"SKIP","floor":22},{"not_picked":["Flame Barrier"],"picked":"Iron Wave+1","floor":24},{"not_picked":["Sword Boomerang","Flex+1"],"picked":"SKIP","floor":27},{"not_picked":["Cleave"],"picked":"Heavy Blade","floor":29},{"not_picked":["Dark Embrace"],"picked":"Fire Breathing+1","floor":32},{"not_picked":["Bludgeon"],"picked":"Barricade","floor":33},{"not_picked":["Flex+1"],"picked":"Heavy Blade+1","floor":35},{"not_picked":["Dark Shackles"],"picked":"Enlightenment","floor":36},{"not_picked":["Iron Wave"],"picked":"Shrug It Off","floor":37}],"player_experience":8968,"relics_obtained":[{"floor":9,"key":"MawBank"},{"floor":11,"key":"Question Card"},{"floor":14,"key":"Dream Catcher"},{"floor":20,"key":"Necronomicon"},{"floor":21,"key":"PreservedInsect"},{"floor":26,"key":"Anchor"}],"event_choices":[{"cards_removed":["Strike_R"],"damage_healed":0,"gold_gain":0,"player_choice":"Card Removal","damage_taken":7,"max_hp_gain":0,"max_hp_loss":0,"event_name":"Golden Wing","floor":3,"gold_loss":0},{"damage_healed":0,"gold_gain":0,"player_choice":"Donut","damage_taken":0,"max_hp_gain":5,"max_hp_loss":0,"event_name":"Big Fish","floor":4,"gold_loss":0},{"damage_healed":0,"gold_gain":0,"cards_transformed":["Strike_R"],"player_choice":"Change","damage_taken":0,"max_hp_gain":0,"max_hp_loss":0,"event_name":"Living Wall","floor":10,"gold_loss":0,"cards_obtained":["Clash"]},{"damage_healed":0,"gold_gain":0,"player_choice":"Became a vampire","damage_taken":0,"max_hp_gain":0,"max_hp_loss":26,"event_name":"Vampires","floor":19,"gold_loss":0,"cards_obtained":["Bite","Bite","Bite","Bite","Bite"]},{"damage_healed":0,"gold_gain":0,"player_choice":"Obtained Book","damage_taken":16,"max_hp_gain":0,"max_hp_loss":0,"event_name":"Cursed Tome","floor":20,"gold_loss":0},{"cards_removed":["Cleave"],"damage_healed":5,"gold_gain":0,"player_choice":"Offered Common","damage_taken":0,"max_hp_gain":0,"max_hp_loss":0,"event_name":"Bonfire Elementals","floor":31,"gold_loss":0},{"cards_removed":["Cleave"],"damage_healed":5,"gold_gain":0,"player_choice":"Offered Special","damage_taken":0,"max_hp_gain":0,"max_hp_loss":0,"event_name":"Bonfire Elementals","floor":31,"gold_loss":0},{"damage_healed":0,"gold_gain":0,"player_choice":"Memory 1","damage_taken":0,"max_hp_gain":0,"max_hp_loss":0,"event_name":"SensoryStone","floor":36,"gold_loss":0},{"damage_healed":15,"gold_gain":0,"player_choice":"Writhe","damage_taken":0,"max_hp_gain":0,"max_hp_loss":0,"event_name":"Winding Halls","floor":38,"gold_loss":0,"cards_obtained":["Writhe"]}],"is_beta":false,"boss_relics":[{"not_picked":["Black Blood","Coffee Dripper"],"picked":"Busted Crown"},{"not_picked":["Philosopher\u0027s Stone","Fusion Hammer"],"picked":"Mark of Pain"}],"items_purged_floors":[25],"is_endless":false,"potions_floor_spawned":[5,7,12,24,29,33,35,37],"killed_by":"Spire Growth","ascension_level":0}