{"gold_per_floor":[118,118,133,47,47,47,82,157,157,157,170,170,184,224,224,224],"floor_reached":16,"playtime":741,"items_purged":[],"score":246,"play_id":"196ff54d-167f-48ef-979b-44225dbf8bcb","local_time":"20181023223813","is_ascension_mode":true,"campfire_choices":[{"data":"Neutralize","floor":6,"key":"SMITH"},{"floor":10,"key":"REST"},{"data":"Noxious Fumes","floor":12,"key":"SMITH"},{"floor":15,"key":"REST"}],"neow_cost":"NONE","seed_source_timestamp":2834937742777034,"circlet_count":0,"master_deck":["Defend_G","Defend_G","Defend_G","Defend_G","Defend_G","Strike_G","Strike_G","Strike_G","Strike_G","Survivor","Neutralize+1","AscendersBane","Deadly Poison","Noxious Fumes+1","Well Laid Plans","Night Terror","Cloak And Dagger","Dagger Spray+1","Heel Hook+1"],"relics":["Ring of the Snake","NeowsBlessing","Golden Idol","Bag of Marbles","Molten Egg 2","Blue Candle"],"potions_floor_usage":[16,16],"damage_taken":[{"damage":0,"enemies":"Small Slimes","floor":1,"turns":1},{"damage":0,"enemies":"Cultist","floor":3,"turns":1},{"damage":0,"enemies":"3 Sentries","floor":7,"turns":2},{"damage":2,"enemies":"Jaw Worm","floor":11,"turns":5},{"damage":20,"enemies":"Large Slime","floor":13,"turns":7},{"damage":10,"enemies":"Lagavulin","floor":14,"turns":6},{"damage":31,"enemies":"Slime Boss","floor":16,"turns":8}],"seed_played":"7647500438343738996","potions_obtained":[{"floor":3,"key":"PowerPotion"},{"floor":13,"key":"AttackPotion"}],"is_trial":false,"path_per_floor":["M","?","M","$","?","R","E","?","T","R","M","R","M","E","R"],"character_chosen":"THE_SILENT","items_purchased":["Well Laid Plans"],"campfire_rested":2,"item_purchase_floors":[4],"current_hp_per_floor":[59,59,59,59,36,36,36,25,25,44,42,42,22,12,31,0],"gold":224,"neow_bonus":"THREE_ENEMY_KILL","is_prod":false,"is_daily":false,"chose_seed":false,"campfire_upgraded":2,"win_rate":0,"timestamp":1540359493,"path_taken":["M","?","M","$","?","R","E","?","T","R","M","R","M","E","R","BOSS"],"build_version":"2018-10-22","purchased_purges":0,"victory":false,"max_hp_per_floor":[66,66,66,66,66,66,66,66,66,66,66,66,66,66,66,66],"card_choices":[{"not_picked":["Eviscerate","PiercingWail"],"picked":"Deadly Poison","floor":1},{"not_picked":["Sucker Punch","Deflect"],"picked":"Noxious Fumes","floor":3},{"not_picked":["Terror","Dodge and Roll"],"picked":"Night Terror","floor":7},{"not_picked":["Outmaneuver","Prepared"],"picked":"Cloak And Dagger","floor":11},{"not_picked":["Acrobatics","Caltrops"],"picked":"Dagger Spray+1","floor":13},{"not_picked":["Backflip","Acrobatics"],"picked":"Heel Hook+1","floor":14}],"player_experience":972091,"relics_obtained":[{"floor":7,"key":"Bag of Marbles"},{"floor":9,"key":"Molten Egg 2"},{"floor":14,"key":"Blue Candle"}],"event_choices":[{"cards_removed":["Strike_G"],"damage_healed":0,"gold_gain":0,"player_choice":"Purged","damage_taken":0,"max_hp_gain":0,"max_hp_loss":0,"event_name":"Purifier","floor":2,"gold_loss":0},{"damage_healed":0,"gold_gain":0,"player_choice":"Take Damage","damage_taken":23,"relics_obtained":["Golden Idol"],"max_hp_gain":0,"max_hp_loss":0,"event_name":"Golden Idol","floor":5,"gold_loss":0},{"damage_healed":0,"gold_gain":75,"player_choice":"Gather Gold","damage_taken":11,"max_hp_gain":0,"max_hp_loss":0,"event_name":"World of Goop","floor":8,"gold_loss":0}],"is_beta":true,"boss_relics":[],"items_purged_floors":[],"is_endless":false,"potions_floor_spawned":[3,13],"killed_by":"Slime Boss","ascension_level":17}