{"gold_per_floor":[109,284,234,234,254,287,299,312,312,312,328,131,141,186,186,286,286,302,577,147,163,178,189,189,201,201,216,236,236,236,34,34,34],"floor_reached":33,"playtime":1514,"items_purged":["Strike_G","Regret","Pain"],"score":251,"play_id":"8801b8b8-d559-42f8-9e83-3bd420638fe1","local_time":"20190425154340","is_ascension_mode":false,"campfire_choices":[{"data":"Dagger Spray","floor":10.0,"key":"SMITH"},{"data":"Bouncing Flask","floor":15.0,"key":"SMITH"},{"floor":24,"key":"REST"},{"data":"Catalyst","floor":30,"key":"SMITH"},{"floor":32,"key":"REST"}],"neow_cost":"NONE","seed_source_timestamp":16619466129614,"circlet_count":0,"master_deck":["Defend_G","Defend_G","Defend_G","Defend_G","Defend_G","Strike_G","Strike_G","Strike_G","Strike_G","Survivor","Neutralize+1","Dagger Spray+1","Cloak And Dagger","Bouncing Flask+1","PiercingWail","Well Laid Plans","Deadly Poison","Die Die Die","Catalyst+1","Sadistic Nature","Dark Shackles","Dodge and Roll","Catalyst"],"special_seed":0,"relics":["Busted Crown","WarpedTongs"],"potions_floor_usage":[],"damage_taken":[{"damage":0.0,"enemies":"Small Slimes","floor":1.0,"turns":4.0},{"damage":0.0,"enemies":"2 Louse","floor":5.0,"turns":2.0},{"damage":14.0,"enemies":"3 Sentries","floor":6.0,"turns":7.0},{"damage":0.0,"enemies":"Cultist","floor":7.0,"turns":4.0},{"damage":0.0,"enemies":"Exordium Thugs","floor":8.0,"turns":5.0},{"damage":0.0,"enemies":"Large Slime","floor":11.0,"turns":7.0},{"damage":3.0,"enemies":"Red Slaver","floor":13.0,"turns":4.0},{"damage":14.0,"enemies":"Slime Boss","floor":16.0,"turns":11.0},{"damage":4,"enemies":"Shell Parasite","floor":18,"turns":5},{"damage":16,"enemies":"2 Thieves","floor":21,"turns":4},{"damage":3,"enemies":"Centurion and Healer","floor":22,"turns":6},{"damage":11,"enemies":"Sentry and Sphere","floor":23,"turns":6},{"damage":7,"enemies":"Snecko","floor":25,"turns":5},{"damage":8,"enemies":"Snake Plant","floor":27,"turns":4},{"damage":6,"enemies":"Chosen and Byrds","floor":28,"turns":7},{"damage":59,"enemies":"Collector","floor":33,"turns":7}],"seed_played":"8027982753634870172","potions_obtained":[{"floor":1.0,"key":"SneckoOil"},{"floor":11.0,"key":"Energy Potion"},{"floor":13.0,"key":"Fire Potion"},{"floor":16.0,"key":"Dexterity Potion"}],"is_trial":false,"path_per_floor":["M","?","?","?","M","E","M","M","T","R","M","$","M","T","R","B",null,"M","?","$","M","M","M","R","M","T","M","M","?","R","$","R","B"],"character_chosen":"THE_SILENT","items_purchased":["PiercingWail","Well Laid Plans","Catalyst","Sadistic Nature","Dark Shackles","GamblersBrew"],"campfire_rested":2,"item_purchase_floors":[12,12,20,20,20,31],"current_hp_per_floor":[70,70,70,70,70,56,56,56,56,56,56,56,53,53,53,39,70,66,66,66,50,47,36,57,50,50,42,36,36,36,36,57,0],"gold":34,"neow_bonus":"BOSS_RELIC","is_prod":false,"is_daily":false,"chose_seed":false,"campfire_upgraded":3,"win_rate":0,"timestamp":1556221420,"path_taken":["M","?","?","?","M","E","M","M","T","R","?","$","M","?","R","BOSS","M","?","$","M","M","?","R","M","T","M","M","?","R","$","R","BOSS"],"build_version":"2019-01-23","purchased_purges":3,"victory":false,"max_hp_per_floor":[70,70,70,70,70,70,70,70,70,70,70,70,70,70,70,70,70,70,70,70,70,70,70,70,70,70,70,70,70,70,70,70,70],"card_choices":[{"not_picked":[],"picked":"Dagger Spray","floor":1.0},{"not_picked":["Concentrate"],"picked":"SKIP","floor":5.0},{"not_picked":["Slice"],"picked":"SKIP","floor":6.0},{"not_picked":[],"picked":"Cloak And Dagger","floor":7.0},{"not_picked":["Underhanded Strike"],"picked":"SKIP","floor":8.0},{"not_picked":[],"picked":"Bouncing Flask","floor":11.0},{"not_picked":[],"picked":"Deadly Poison","floor":13.0},{"not_picked":[],"picked":"Die Die Die","floor":16.0},{"not_picked":["Underhanded Strike"],"picked":"SKIP","floor":18},{"not_picked":["Underhanded Strike+1"],"picked":"SKIP","floor":21},{"not_picked":["Reflex"],"picked":"SKIP","floor":22},{"not_picked":[],"picked":"Dodge and Roll","floor":23},{"not_picked":["Flying Knee"],"picked":"SKIP","floor":25},{"not_picked":["Setup"],"picked":"SKIP","floor":27},{"not_picked":[],"picked":"Catalyst","floor":28}],"player_experience":533714,"relics_obtained":[],"event_choices":[{"damage_healed":0.0,"max_hp_gain":0.0,"max_hp_loss":0.0,"gold_gain":175.0,"event_name":"Liars Game","player_choice":"AGREE","floor":2.0,"gold_loss":0.0,"damage_taken":0.0,"cards_obtained":["Doubt"]},{"cards_removed":["Doubt"],"damage_healed":0.0,"max_hp_gain":0.0,"max_hp_loss":0.0,"gold_gain":0.0,"event_name":"The Cleric","player_choice":"Card Removal","floor":3.0,"gold_loss":50.0,"damage_taken":0.0},{"damage_healed":0.0,"max_hp_gain":0.0,"max_hp_loss":0.0,"gold_gain":0.0,"event_name":"Upgrade Shrine","player_choice":"Upgraded","floor":4.0,"gold_loss":0.0,"damage_taken":0.0,"cards_upgraded":["Neutralize"]},{"damage_healed":0,"gold_gain":275,"player_choice":"Desecrate","damage_taken":0,"max_hp_gain":0,"max_hp_loss":0,"event_name":"Golden Shrine","floor":19,"gold_loss":0,"cards_obtained":["Regret"]},{"damage_healed":0,"gold_gain":0,"player_choice":"Rummage","damage_taken":0,"relics_obtained":["WarpedTongs"],"max_hp_gain":0,"max_hp_loss":0,"event_name":"Accursed Blacksmith","floor":29,"gold_loss":0,"cards_obtained":["Pain"]}],"is_beta":false,"boss_relics":[{"not_picked":["Sozu","Calling Bell","Astrolabe"]}],"items_purged_floors":[12,20,31],"is_endless":false,"potions_floor_spawned":[1,11,13,16,21,22,27],"killed_by":"Collector","ascension_level":0}