{"gold_per_floor":[117,117,140,69,82,82,141,141,141,168,12,31,49,60,60,163,163,175,175,186,197,122,149,149,183,228,261,261,261,8,37,37,136,136,152,171,184,184,204,233,233,252,252,268,285,302,331,350,350,350,350,350,41,76,76],"floor_reached":55,"playtime":4546,"items_purged":["Defend_B"],"score":929,"play_id":"ddd0d608-0de4-4243-9e7e-8d8aace24805","local_time":"20181227182904","is_ascension_mode":true,"campfire_choices":[{"data":"Sunder","floor":6.0,"key":"SMITH"},{"data":"Conserve Battery","floor":8.0,"key":"SMITH"},{"floor":15.0,"key":"REST"},{"data":"Electrodynamics","floor":24.0,"key":"SMITH"},{"data":"Reboot","floor":29.0,"key":"SMITH"},{"floor":32.0,"key":"REST"},{"floor":41.0,"key":"RECALL"},{"floor":49.0,"key":"REST"},{"floor":52.0,"key":"REST"}],"neow_cost":"PERCENT_DAMAGE","seed_source_timestamp":412523561153252,"circlet_count":0,"master_deck":["Defend_B","Defend_B","Defend_B","Zap","Echo Form+1","Auto Shields","Sunder+1","Conserve Battery+1","Ball Lightning","Echo Form","Capacitor","Self Repair","Capacitor","Electrodynamics+1","Cold Snap+1","Ball Lightning+1","Streamline+1","Cold Snap+1","Conserve Battery","Barrage","Reboot+1","Bite","Bite","Bite","Bite","Bite","FTL","Thunder Strike","Madness","Madness","Defragment","Seek","Reprogram+1","Force Field","Buffer","Core Surge"],"special_seed":0,"relics":["Cracked Core","Centennial Puzzle","Tiny Chest","Lantern","Potion Belt","Astrolabe","Mummified Hand","Bag of Preparation","Strawberry","Art of War","Sling","Meat on the Bone","Fusion Hammer","Regal Pillow","Bottled Lightning","Vajra","Ornamental Fan"],"potions_floor_usage":[55],"damage_taken":[{"damage":4.0,"enemies":"2 Louse","floor":1.0,"turns":3.0},{"damage":0.0,"enemies":"Jaw Worm","floor":5.0,"turns":1.0},{"damage":14.0,"enemies":"Gremlin Nob","floor":7.0,"turns":3.0},{"damage":18.0,"enemies":"3 Sentries","floor":10.0,"turns":5.0},{"damage":0.0,"enemies":"Small Slimes","floor":12.0,"turns":3.0},{"damage":13.0,"enemies":"Blue Slaver","floor":13.0,"turns":3.0},{"damage":8.0,"enemies":"3 Louse","floor":14.0,"turns":2.0},{"damage":16.0,"enemies":"Hexaghost","floor":16.0,"turns":9.0},{"damage":14.0,"enemies":"Spheric Guardian","floor":18.0,"turns":4.0},{"damage":12.0,"enemies":"Shell Parasite","floor":20.0,"turns":5.0},{"damage":9.0,"enemies":"Snake Plant","floor":21.0,"turns":4.0},{"damage":26.0,"enemies":"Slavers","floor":23.0,"turns":5.0},{"damage":18.0,"enemies":"Gremlin Leader","floor":25.0,"turns":5.0},{"damage":12.0,"enemies":"Slavers","floor":27.0,"turns":6.0},{"damage":17.0,"enemies":"Book of Stabbing","floor":31.0,"turns":5.0},{"damage":60.0,"enemies":"Automaton","floor":33.0,"turns":7.0},{"damage":23.0,"enemies":"3 Darklings","floor":35.0,"turns":3.0},{"damage":6.0,"enemies":"Orb Walker","floor":36.0,"turns":3.0},{"damage":9.0,"enemies":"Maw","floor":37.0,"turns":5.0},{"damage":21.0,"enemies":"Spire Growth","floor":39.0,"turns":3.0},{"damage":14.0,"enemies":"Giant Head","floor":40.0,"turns":6.0},{"damage":20.0,"enemies":"Sphere and 2 Shapes","floor":42.0,"turns":4.0},{"damage":13.0,"enemies":"Jaw Worm Horde","floor":44.0,"turns":2.0},{"damage":25.0,"enemies":"3 Darklings","floor":45.0,"turns":3.0},{"damage":5.0,"enemies":"Maw","floor":46.0,"turns":6.0},{"damage":15.0,"enemies":"Reptomancer","floor":47.0,"turns":5.0},{"damage":39.0,"enemies":"Spire Growth","floor":48.0,"turns":4.0},{"damage":39.0,"enemies":"Donu and Deca","floor":50.0,"turns":6.0},{"damage":18.0,"enemies":"Shield and Spear","floor":54.0,"turns":6.0},{"damage":64,"enemies":"The Heart","floor":55,"turns":3}],"seed_played":"4875374677268527036","potions_obtained":[{"floor":1.0,"key":"Energy Potion"},{"floor":7.0,"key":"Weak Potion"},{"floor":12.0,"key":"FocusPotion"},{"floor":14.0,"key":"SteroidPotion"},{"floor":19.0,"key":"Strength Potion"},{"floor":19.0,"key":"Fruit Juice"},{"floor":19.0,"key":"AttackPotion"},{"floor":20.0,"key":"Block Potion"},{"floor":23.0,"key":"SpeedPotion"},{"floor":25.0,"key":"Explosive Potion"},{"floor":33.0,"key":"FocusPotion"},{"floor":36.0,"key":"SteroidPotion"},{"floor":40.0,"key":"AttackPotion"},{"floor":42.0,"key":"Block Potion"},{"floor":45.0,"key":"SpeedPotion"},{"floor":46.0,"key":"Explosive Potion"},{"floor":54.0,"key":"SteroidPotion"}],"is_trial":false,"path_per_floor":["M","?","T","$","M","R","E","R","T","E","$","M","M","M","R","B",null,"M","?","M","M","?","E","R","E","T","E","?","R","$","E","R","B",null,"M","M","M","?","M","E","R","M","T","M","M","M","E","M","R","B",null,"R","$","E","B"],"character_chosen":"DEFECT","items_purchased":["Sunder","Capacitor","Sling","Weak Potion","Vajra","Core Surge"],"campfire_rested":4,"item_purchase_floors":[4,11,30,30,53,53],"current_hp_per_floor":[50,50,50,50,50,50,36,36,36,18,18,18,12,4,26,17,75,68,68,75,66,66,47,47,36,43,38,38,38,38,39,57,30,60,39,41,54,46,40,50,50,52,52,50,41,49,60,49,60,53,60,60,60,60,0],"gold":76,"neow_bonus":"THREE_RARE_CARDS","is_prod":false,"is_daily":false,"chose_seed":false,"campfire_upgraded":4,"win_rate":0,"timestamp":1545953344,"path_taken":["M","?","?","$","M","R","E","R","T","E","$","M","M","M","R","BOSS","M","?","?","M","?","E","R","E","T","E","?","R","$","E","R","BOSS","M","M","M","?","M","E","R","M","T","M","M","M","E","M","R","BOSS","R","$","E","BOSS"],"build_version":"2018-12-20","purchased_purges":1,"victory":false,"max_hp_per_floor":[75,75,75,75,75,75,75,75,75,75,75,75,75,75,75,75,75,75,75,80,80,80,80,80,80,87,87,60,60,60,60,60,60,60,60,60,60,60,60,60,60,60,60,60,60,60,60,60,60,60,60,60,60,60,60],"card_choices":[{"not_picked":["Buffer","Thunder Strike"],"picked":"Echo Form","floor":0.0},{"not_picked":["Darkness","Hologram"],"picked":"Auto Shields","floor":1.0},{"not_picked":["Steam","Sweeping Beam"],"picked":"Conserve Battery","floor":5.0},{"not_picked":["Sweeping Beam","Gash"],"picked":"Ball Lightning","floor":7.0},{"not_picked":["Sweeping Beam","Conserve Battery"],"picked":"Echo Form","floor":10.0},{"not_picked":["Scrape","Sunder"],"picked":"Self Repair","floor":12.0},{"not_picked":["Heatsinks","Compile Driver","Streamline"],"picked":"SKIP","floor":13.0},{"not_picked":["Sunder","Steam"],"picked":"Capacitor","floor":14.0},{"not_picked":["Biased Cognition","Amplify"],"picked":"Electrodynamics","floor":16.0},{"not_picked":["Steam","Go for the Eyes"],"picked":"Cold Snap+1","floor":18.0},{"not_picked":["Ball Lightning","Rip and Tear+1"],"picked":"Conserve Battery","floor":20.0},{"not_picked":["Gash+1","Rebound+1","Redo"],"picked":"SKIP","floor":21.0},{"not_picked":["Rebound+1","Ball Lightning","Gash"],"picked":"SKIP","floor":23.0},{"not_picked":["Darkness","Fission"],"picked":"Barrage","floor":25.0},{"not_picked":["Leap","Force Field+1"],"picked":"Reboot","floor":27.0},{"not_picked":["Rip and Tear","Cold Snap"],"picked":"FTL","floor":31.0},{"not_picked":["Fission","Rainbow"],"picked":"Thunder Strike","floor":33.0},{"not_picked":["Ball Lightning","Redo","Sweeping Beam+1"],"picked":"SKIP","floor":35.0},{"not_picked":["Lockon+1","Rip and Tear","Gash+1"],"picked":"SKIP","floor":36.0},{"not_picked":["Gash+1","Turbo+1","Genetic Algorithm"],"picked":"SKIP","floor":37.0},{"not_picked":["Conserve Battery+1","Cold Snap","Auto Shields"],"picked":"SKIP","floor":39.0},{"not_picked":["Hologram","Go for the Eyes"],"picked":"Defragment","floor":40.0},{"not_picked":["Capacitor","Rip and Tear"],"picked":"Seek","floor":42.0},{"not_picked":["Sweeping Beam+1","Steam+1","Tempest+1"],"picked":"SKIP","floor":44.0},{"not_picked":["Stack","Gash"],"picked":"Reprogram+1","floor":45.0},{"not_picked":["Sweeping Beam","Lockon"],"picked":"Force Field","floor":46.0},{"not_picked":["Streamline","Compile Driver+1"],"picked":"Buffer","floor":47.0},{"not_picked":["Conserve Battery","Compile Driver+1","Barrage+1"],"picked":"SKIP","floor":48.0},{"not_picked":["Doom and Gloom+1","Fission","Recycle+1"],"picked":"SKIP","floor":54.0}],"player_experience":203547,"relics_obtained":[{"floor":3.0,"key":"Centennial Puzzle"},{"floor":7.0,"key":"Tiny Chest"},{"floor":9.0,"key":"Lantern"},{"floor":10.0,"key":"Potion Belt"},{"floor":23.0,"key":"Mummified Hand"},{"floor":25.0,"key":"Bag of Preparation"},{"floor":26.0,"key":"Strawberry"},{"floor":27.0,"key":"Art of War"},{"floor":31.0,"key":"Meat on the Bone"},{"floor":40.0,"key":"Regal Pillow"},{"floor":47.0,"key":"Bottled Lightning"},{"floor":54.0,"key":"Ornamental Fan"}],"event_choices":[{"damage_healed":0.0,"max_hp_gain":0.0,"max_hp_loss":0.0,"gold_gain":0.0,"event_name":"Living Wall","player_choice":"Grow","floor":2.0,"gold_loss":0.0,"damage_taken":0.0,"cards_upgraded":["Echo Form"]},{"damage_healed":0.0,"max_hp_gain":0.0,"max_hp_loss":0.0,"gold_gain":0.0,"event_name":"Lab","player_choice":"Got Potions","floor":19.0,"gold_loss":0.0,"damage_taken":0.0},{"cards_removed":["Dualcast"],"damage_healed":0.0,"max_hp_gain":0.0,"max_hp_loss":0.0,"gold_gain":0.0,"event_name":"Beggar","player_choice":"Gave Gold","floor":22.0,"gold_loss":75.0,"damage_taken":0.0},{"damage_healed":0.0,"max_hp_gain":0.0,"max_hp_loss":27.0,"gold_gain":0.0,"event_name":"Vampires","player_choice":"Became a vampire","floor":28.0,"gold_loss":0.0,"damage_taken":0.0,"cards_obtained":["Bite","Bite","Bite","Bite","Bite"]},{"damage_healed":0.0,"max_hp_gain":0.0,"max_hp_loss":0.0,"gold_gain":0.0,"event_name":"Winding Halls","player_choice":"Embrace Madness","floor":38.0,"gold_loss":0.0,"damage_taken":8.0,"cards_obtained":["Madness","Madness"]}],"is_beta":false,"boss_relics":[{"not_picked":["Philosopher\u0027s Stone","Busted Crown"],"picked":"Astrolabe"},{"not_picked":["Sozu","Snecko Eye"],"picked":"Fusion Hammer"}],"items_purged_floors":[11],"is_endless":false,"potions_floor_spawned":[1,7,12,14,20,23,25,33,36,40,42,45,46,54],"killed_by":"The Heart","ascension_level":2}