{"gold_per_floor":[119,44,44,59,79,79,79,79,102,127,127,43,58,1,1,1],"floor_reached":16,"playtime":723,"items_purged":[],"score":176,"play_id":"ef915e7d-42b8-4adb-b78e-8ea34d9fd584","local_time":"20190320211340","is_ascension_mode":true,"campfire_choices":[{"data":"Bash","floor":6,"key":"SMITH"},{"data":"True Grit","floor":11,"key":"SMITH"},{"floor":15,"key":"REST"}],"neow_cost":"NONE","seed_source_timestamp":288929954145834,"circlet_count":0,"master_deck":["AscendersBane","Strike_R","Strike_R","Strike_R","Strike_R","Defend_R","Defend_R","Defend_R","Defend_R","Bash+1","True Grit+1","Iron Wave","Armaments","Disarm","Inflame","Pummel","Clothesline"],"relics":["Burning Blood","Oddly Smooth Stone","Golden Idol","Centennial Puzzle"],"potions_floor_usage":[16,16],"damage_taken":[{"damage":0,"enemies":"Cultist","floor":1,"turns":4},{"damage":0,"enemies":"2 Louse","floor":4,"turns":3},{"damage":7,"enemies":"Jaw Worm","floor":5,"turns":4},{"damage":5,"enemies":"Looter","floor":10,"turns":4},{"damage":17,"enemies":"Gremlin Gang","floor":13,"turns":7},{"damage":59,"enemies":"Hexaghost","floor":16,"turns":14}],"seed_played":"-8917686759543320958","potions_obtained":[{"floor":3,"key":"Strength Potion"},{"floor":3,"key":"Regen Potion"},{"floor":5,"key":"Strength Potion"}],"is_trial":false,"path_per_floor":["M","?","?","M","M","R","?","?","T","M","R","$","M","$","R","B"],"character_chosen":"IRONCLAD","items_purchased":["Inflame","Clothesline"],"campfire_rested":1,"item_purchase_floors":[12,14],"current_hp_per_floor":[74,74,74,75,74,74,48,44,44,45,45,45,34,34,56,0],"gold":1,"neow_bonus":"RANDOM_COMMON_RELIC","is_prod":false,"is_daily":false,"chose_seed":false,"campfire_upgraded":2,"win_rate":0,"timestamp":1553112820,"path_taken":["M","?","?","M","?","R","?","?","T","?","R","$","M","?","R","BOSS"],"build_version":"2019-03-15","purchased_purges":0,"victory":false,"max_hp_per_floor":[75,75,75,75,75,75,75,75,75,75,75,75,75,75,75,75],"card_choices":[{"not_picked":["Iron Wave","Sentinel"],"picked":"True Grit","floor":1},{"not_picked":["True Grit","Twin Strike"],"picked":"Iron Wave","floor":4},{"not_picked":["Perfected Strike","Iron Wave"],"picked":"Armaments","floor":5},{"not_picked":["Dual Wield","Rampage"],"picked":"Disarm","floor":10},{"not_picked":["Hemokinesis","Wild Strike"],"picked":"Pummel","floor":13}],"player_experience":352269,"relics_obtained":[{"floor":9,"key":"Centennial Puzzle"}],"event_choices":[{"cards_removed":["Strike_R"],"damage_healed":0,"gold_gain":0,"player_choice":"Card Removal","damage_taken":0,"max_hp_gain":0,"max_hp_loss":0,"event_name":"The Cleric","floor":2,"gold_loss":75},{"damage_healed":0,"gold_gain":0,"player_choice":"Got Potions","damage_taken":0,"max_hp_gain":0,"max_hp_loss":0,"event_name":"Lab","floor":3,"gold_loss":0},{"damage_healed":0,"gold_gain":0,"player_choice":"Take Damage","damage_taken":26,"relics_obtained":["Golden Idol"],"max_hp_gain":0,"max_hp_loss":0,"event_name":"Golden Idol","floor":7,"gold_loss":0},{"damage_healed":0,"gold_gain":0,"player_choice":"Bought 0 Potions","damage_taken":0,"max_hp_gain":0,"max_hp_loss":0,"event_name":"The Woman in Blue","floor":8,"gold_loss":0}],"is_beta":true,"boss_relics":[],"items_purged_floors":[],"is_endless":false,"potions_floor_spawned":[4,5],"killed_by":"Hexaghost","ascension_level":19}