{"gold_per_floor":[110,125,55,55,55,55,89,89,89,89,105,116,128,139,139,212,212,224,242,29,46,46,46,66,66,66,66,82,97,113,33,33,104,104,121,136,153,1,1],"floor_reached":39,"playtime":2935,"items_purged":["Eviscerate"],"score":689,"play_id":"ffd7ea4a-6ca9-4e27-9cc8-23c6beadc5c6","local_time":"20180710222859","is_ascension_mode":true,"campfire_choices":[{"data":"Noxious Fumes","floor":6.0,"key":"SMITH"},{"data":"Noxious Fumes","floor":8.0,"key":"SMITH"},{"data":"Backflip","floor":10.0,"key":"SMITH"},{"data":"Backflip","floor":15.0,"key":"SMITH"},{"floor":23.0,"key":"REST"},{"floor":32,"key":"REST"}],"neow_cost":"NONE","seed_source_timestamp":0,"circlet_count":0,"master_deck":["Survivor","Neutralize+1","AscendersBane","Quick Slash","Backflip+1","Bane","Quick Slash","PiercingWail","Noxious Fumes+1","Well Laid Plans","Noxious Fumes+1","Adrenaline+1","Backflip+1","Night Terror","Backflip","Grand Finale","Tools of the Trade","Leg Sweep","Malaise+1","Noxious Fumes+1","Noxious Fumes","Burst","Doppelganger+1","A Thousand Cuts+1","Reflex+1","Malaise","Backflip+1","Catalyst"],"special_seed":0,"relics":["Pandora\u0027s Box","Question Card","Pantograph","Fusion Hammer","Prayer Wheel","Astrolabe"],"potions_floor_usage":[37,39],"damage_taken":[{"damage":0.0,"enemies":"Small Slimes","floor":1.0,"turns":3.0},{"damage":9.0,"enemies":"Jaw Worm","floor":2.0,"turns":2.0},{"damage":8.0,"enemies":"Lagavulin","floor":7.0,"turns":5.0},{"damage":0.0,"enemies":"2 Louse","floor":11.0,"turns":2.0},{"damage":7.0,"enemies":"Exordium Thugs","floor":12.0,"turns":4.0},{"damage":4.0,"enemies":"Blue Slaver","floor":13.0,"turns":3.0},{"damage":6.0,"enemies":"Lots of Slimes","floor":14.0,"turns":3.0},{"damage":4.0,"enemies":"Slime Boss","floor":16.0,"turns":7.0},{"damage":0.0,"enemies":"3 Byrds","floor":18.0,"turns":4.0},{"damage":1.0,"enemies":"Spheric Guardian","floor":19.0,"turns":4.0},{"damage":0.0,"enemies":"Centurion and Healer","floor":21.0,"turns":5.0},{"damage":0.0,"enemies":"Snecko","floor":24.0,"turns":4.0},{"damage":4,"enemies":"Cultist and Chosen","floor":28,"turns":4},{"damage":11,"enemies":"Centurion and Healer","floor":29,"turns":3},{"damage":0,"enemies":"3 Cultists","floor":30,"turns":6},{"damage":27,"enemies":"Automaton","floor":33,"turns":8},{"damage":13,"enemies":"3 Darklings","floor":35,"turns":3},{"damage":38,"enemies":"3 Shapes","floor":36,"turns":4},{"damage":15,"enemies":"Transient","floor":37,"turns":5},{"damage":12,"enemies":"Maw","floor":39,"turns":4}],"seed_played":"-2161534943768880941","potions_obtained":[{"floor":2.0,"key":"Poison Potion"},{"floor":11.0,"key":"PowerPotion"},{"floor":12.0,"key":"Block Potion"},{"floor":14.0,"key":"GhostInAJar"},{"floor":21.0,"key":"Block Potion"},{"floor":35,"key":"Dexterity Potion"}],"is_trial":false,"path_per_floor":["M","M","$","?","?","R","E","R","T","R","M","M","M","M","R","B",null,"M","M","$","M","?","R","M","?","T","$","M","M","M","$","R","B",null,"M","M","M","$"],"character_chosen":"THE_SILENT","items_purchased":["Well Laid Plans","Grand Finale","Noxious Fumes","Catalyst","GamblersBrew"],"campfire_rested":2,"item_purchase_floors":[3,20,31,38,38],"current_hp_per_floor":[63,54,54,59,59,59,51,51,51,51,51,44,40,34,34,55,70,70,69,69,69,69,75,75,75,75,75,71,60,60,60,75,48,68,55,17,2,2,0],"gold":1,"neow_bonus":"BOSS_RELIC","is_prod":false,"is_daily":false,"chose_seed":false,"campfire_upgraded":4,"win_rate":0,"timestamp":1531286939,"path_taken":["M","M","$","?","?","R","E","R","T","R","M","M","M","M","R","BOSS","M","?","$","M","?","R","M","?","T","?","M","M","M","$","R","BOSS","M","M","M","$","?"],"build_version":"2018-07-09","purchased_purges":1,"victory":false,"max_hp_per_floor":[70,70,70,75,75,75,75,75,75,75,75,75,75,75,75,75,75,75,75,75,75,75,75,75,75,75,75,75,75,75,75,75,75,75,75,75,75,75,75],"card_choices":[{"not_picked":["Bane","Slice","Poisoned Stab"],"picked":"SKIP","floor":1.0},{"not_picked":["Flying Knee","Slice"],"picked":"Noxious Fumes","floor":2.0},{"not_picked":["Blade Dance","Outmaneuver"],"picked":"Noxious Fumes","floor":7.0},{"not_picked":["Distraction","Deadly Poison","Underhanded Strike","Flying Knee"],"picked":"SKIP","floor":11.0},{"not_picked":["Accuracy","Dagger Throw","Quick Slash","Deadly Poison"],"picked":"SKIP","floor":12.0},{"not_picked":["Backflip","Dagger Spray","Quick Slash"],"picked":"Adrenaline","floor":13.0},{"not_picked":["Dodge and Roll","Finisher","Choke"],"picked":"Backflip","floor":14.0},{"not_picked":["Wraith Form v2","Tools of the Trade","Die Die Die"],"picked":"Night Terror","floor":16.0},{"not_picked":["PiercingWail+1","Outmaneuver","Slice+1"],"picked":"Backflip","floor":18.0},{"not_picked":["Dagger Spray","Bane","Accuracy","Distraction"],"picked":"SKIP","floor":19.0},{"not_picked":["Bane","Backflip","Acrobatics"],"picked":"Tools of the Trade","floor":21.0},{"not_picked":["Deflect","Outmaneuver","Calculated Gamble","Expertise"],"picked":"SKIP","floor":24.0},{"not_picked":["Poisoned Stab+1","Bouncing Flask","Flechettes"],"picked":"Leg Sweep","floor":28},{"not_picked":["Underhanded Strike+1","Bouncing Flask","Poisoned Stab","Dodge and Roll"],"picked":"SKIP","floor":28},{"not_picked":["Underhanded Strike+1","Bouncing Flask","Poisoned Stab","Dodge and Roll"],"picked":"SKIP","floor":28},{"not_picked":["Dodge and Roll","Skewer","Flying Knee"],"picked":"Malaise+1","floor":29},{"not_picked":["Cloak And Dagger","Deflect","Acrobatics","Dagger Spray"],"picked":"SKIP","floor":29},{"not_picked":["Bane","Backflip","PiercingWail+1"],"picked":"Noxious Fumes+1","floor":30},{"not_picked":["Heel Hook","Flechettes","Dash","Quick Slash"],"picked":"SKIP","floor":30},{"not_picked":["Grand Finale","Envenom","Glass Knife"],"picked":"Burst","floor":33},{"not_picked":["Dagger Spray+1","Dodge and Roll","Poisoned Stab+1"],"picked":"Malaise","floor":35},{"not_picked":["Deflect","Backflip","Flying Knee","Endless Agony"],"picked":"SKIP","floor":35},{"not_picked":["Deflect","Backflip","Flying Knee","Endless Agony"],"picked":"SKIP","floor":35},{"not_picked":["Slice","Quick Slash","Reflex","Bullet Time"],"picked":"SKIP","floor":36},{"not_picked":["Flying Knee","Underhanded Strike","Dagger Throw","Riddle With Holes"],"picked":"SKIP","floor":36},{"not_picked":["Heel Hook+1","Prepared","Escape Plan"],"picked":"Backflip+1","floor":37},{"not_picked":["Dash","Finisher","PiercingWail+1","Outmaneuver"],"picked":"SKIP","floor":37}],"player_experience":783413,"relics_obtained":[{"floor":7.0,"key":"Question Card"},{"floor":9.0,"key":"Pantograph"},{"floor":26,"key":"Prayer Wheel"}],"event_choices":[{"event_name":"Big Fish","player_choice":"Donut","floor":4.0,"damage_taken":0.0},{"event_name":"Accursed Blacksmith","player_choice":"Forge","floor":5.0,"damage_taken":0.0},{"event_name":"Upgrade Shrine","player_choice":"Upgraded","floor":22.0,"damage_taken":0.0},{"event_name":"Back to Basics","player_choice":"Elegance","floor":25,"damage_taken":0}],"boss_relics":[{"not_picked":["Eternal Feather","Tiny House"],"picked":"Fusion Hammer"},{"not_picked":["White Beast Statue","Lizard Tail"],"picked":"Astrolabe"}],"items_purged_floors":[20],"is_endless":false,"potions_floor_spawned":[2,11,12,14,21,24,30,33,35],"killed_by":"Maw","ascension_level":13}