{"gold_per_floor":[114,114,114,133,153,153,179,179,179,198,215,229,258,77,77,153,153,170,184,194,58,58,84,84,104,104,130,130,142,161,178,178,178],"floor_reached":33,"playtime":2220,"items_purged":["Berserk","Strike_R"],"score":602,"play_id":"559d276a-ea2c-4e23-b710-4d2e8d342511","local_time":"20190331224612","is_ascension_mode":true,"campfire_choices":[{"data":"Bash","floor":6.0,"key":"SMITH"},{"data":"Anger","floor":8.0,"key":"SMITH"},{"floor":15.0,"key":"REST"},{"data":"Inflame","floor":24.0,"key":"SMITH"},{"floor":28.0,"key":"REST"},{"floor":32.0,"key":"REST"}],"neow_cost":"NONE","seed_source_timestamp":0,"circlet_count":0,"master_deck":["AscendersBane","Strike_R","Strike_R","Defend_R","Defend_R","Defend_R","Defend_R","Bash+1","Battle Trance","Pommel Strike","Disarm","Anger+1","Impervious","Ghostly Armor","Impervious","Shrug It Off","Immolate+1","Rage","Twin Strike+1","Inflame+1","Flame Barrier","Havoc","Demon Form","Injury","Shrug It Off"],"special_seed":0,"relics":["Burning Blood","Blue Candle","Kunai","Molten Egg 2","Cursed Key","Ornamental Fan","Meat on the Bone","Singing Bowl"],"potions_floor_usage":[33,33],"damage_taken":[{"damage":15.0,"enemies":"Small Slimes","floor":1.0,"turns":5.0},{"damage":13.0,"enemies":"Jaw Worm","floor":4.0,"turns":6.0},{"damage":1.0,"enemies":"Cultist","floor":5.0,"turns":3.0},{"damage":25.0,"enemies":"Gremlin Nob","floor":7.0,"turns":4.0},{"damage":8.0,"enemies":"Gremlin Gang","floor":10.0,"turns":4.0},{"damage":5.0,"enemies":"2 Fungi Beasts","floor":11.0,"turns":4.0},{"damage":4.0,"enemies":"Looter","floor":12.0,"turns":4.0},{"damage":24.0,"enemies":"Lagavulin","floor":13.0,"turns":9.0},{"damage":27.0,"enemies":"The Guardian","floor":16.0,"turns":16.0},{"damage":16.0,"enemies":"Chosen","floor":18.0,"turns":5.0},{"damage":4.0,"enemies":"3 Byrds","floor":19.0,"turns":6.0},{"damage":1.0,"enemies":"Shelled Parasite and Fungi","floor":20.0,"turns":6.0},{"damage":28.0,"enemies":"Slavers","floor":23.0,"turns":7.0},{"damage":0.0,"enemies":"Cultist and Chosen","floor":25.0,"turns":6.0},{"damage":41.0,"enemies":"Book of Stabbing","floor":27.0,"turns":7.0},{"damage":0.0,"enemies":"Centurion and Healer","floor":29.0,"turns":6.0},{"damage":10.0,"enemies":"Snake Plant","floor":30.0,"turns":6.0},{"damage":51.0,"enemies":"Sentry and Sphere","floor":31.0,"turns":9.0},{"damage":71,"enemies":"Collector","floor":33,"turns":7}],"seed_played":"4153001997505137382","potions_obtained":[{"floor":1.0,"key":"Block Potion"},{"floor":4.0,"key":"Fire Potion"},{"floor":11.0,"key":"Swift Potion"},{"floor":12.0,"key":"Ancient Potion"},{"floor":18.0,"key":"Weak Potion"},{"floor":23.0,"key":"FearPotion"},{"floor":29.0,"key":"Dexterity Potion"},{"floor":30.0,"key":"Swift Potion"}],"is_trial":false,"path_per_floor":["M","?","?","M","M","R","E","R","T","M","M","M","E","$","R","B",null,"M","M","M","$","?","E","R","M","T","E","R","M","M","M","R","B"],"character_chosen":"IRONCLAD","items_purchased":["Shrug It Off","Dexterity Potion","Flame Barrier"],"campfire_rested":3,"item_purchase_floors":[14,14,21],"current_hp_per_floor":[66,71,71,64,69,69,50,50,50,48,49,51,33,33,59,38,75,65,67,72,72,72,50,50,56,56,35,61,67,65,34,61,0],"gold":178,"neow_bonus":"TEN_PERCENT_HP_BONUS","is_prod":false,"is_daily":false,"chose_seed":false,"campfire_upgraded":3,"win_rate":0,"timestamp":1554065172,"path_taken":["M","?","?","M","?","R","E","R","T","M","M","M","E","$","R","BOSS","M","M","?","$","?","E","R","?","T","E","R","M","M","M","R","BOSS"],"build_version":"2019-03-15","purchased_purges":2,"victory":false,"max_hp_per_floor":[82,87,87,87,87,87,87,87,87,87,87,87,87,87,87,87,87,87,87,87,87,87,87,87,87,87,89,89,89,91,93,93,93],"card_choices":[{"not_picked":["Havoc","Armaments"],"picked":"Battle Trance","floor":1.0},{"not_picked":["Intimidate","Clash"],"picked":"Pommel Strike","floor":4.0},{"not_picked":["Armaments","Cleave"],"picked":"Disarm","floor":5.0},{"not_picked":["Iron Wave","Seeing Red"],"picked":"Anger","floor":7.0},{"not_picked":["Second Wind","Anger","Clash"],"picked":"SKIP","floor":10.0},{"not_picked":["Heavy Blade","Burning Pact"],"picked":"Impervious","floor":11.0},{"not_picked":["Battle Trance","Thunderclap"],"picked":"Ghostly Armor","floor":12.0},{"not_picked":["Combust","Infernal Blade"],"picked":"Impervious","floor":13.0},{"not_picked":["Feed+1","Limit Break"],"picked":"Immolate+1","floor":16.0},{"not_picked":["Twin Strike+1","Cleave+1"],"picked":"Rage","floor":18.0},{"not_picked":["Cleave+1","Anger+1"],"picked":"Twin Strike+1","floor":19.0},{"not_picked":["Limit Break","Iron Wave+1"],"picked":"Inflame","floor":20.0},{"not_picked":["Twin Strike+1","Heavy Blade+1"],"picked":"Havoc","floor":23.0},{"not_picked":["Perfected Strike+1","Thunderclap+1"],"picked":"Demon Form","floor":25.0},{"not_picked":["Rampage+1","Searing Blow+1","Sentinel"],"picked":"Singing Bowl","floor":27.0},{"not_picked":["Armaments","Anger+1"],"picked":"Shrug It Off","floor":29.0},{"not_picked":["Flex","Twin Strike+1","Thunderclap+1"],"picked":"Singing Bowl","floor":30.0},{"not_picked":["Fire Breathing","Cleave+1","Bloodletting"],"picked":"Singing Bowl","floor":31.0}],"player_experience":421119,"relics_obtained":[{"floor":7.0,"key":"Blue Candle"},{"floor":9.0,"key":"Kunai"},{"floor":13.0,"key":"Molten Egg 2"},{"floor":23.0,"key":"Ornamental Fan"},{"floor":26.0,"key":"Meat on the Bone"},{"floor":27.0,"key":"Singing Bowl"}],"event_choices":[{"damage_healed":0.0,"max_hp_gain":5.0,"max_hp_loss":0.0,"gold_gain":0.0,"event_name":"Big Fish","player_choice":"Donut","floor":2.0,"gold_loss":0.0,"damage_taken":0.0},{"damage_healed":0.0,"max_hp_gain":0.0,"max_hp_loss":0.0,"gold_gain":0.0,"cards_transformed":["Strike_R"],"event_name":"Transmorgrifier","player_choice":"Transformed","floor":3.0,"gold_loss":0.0,"damage_taken":0.0,"cards_obtained":["Berserk"]},{"cards_removed":["Strike_R"],"damage_healed":0.0,"max_hp_gain":0.0,"max_hp_loss":0.0,"gold_gain":0.0,"event_name":"Bonfire Elementals","player_choice":"Offered Basic","floor":22.0,"gold_loss":0.0,"damage_taken":0.0}],"is_beta":true,"boss_relics":[{"not_picked":["Lizard Tail","Tiny House"],"picked":"Cursed Key"}],"items_purged_floors":[14,21],"is_endless":false,"potions_floor_spawned":[1,4,11,12,18,23,29,30],"killed_by":"Collector","ascension_level":20}