{"gold_per_floor":[111,131,306,322,167,201,215,241,241,253,253,271,271,281,281,379,379,396,407,420,420,420,445,445,476,558,558,570,570,41,58,58,155,155,173,192,192,206,39,39,73,73,73,73,73,73,85,102,102,102],"floor_reached":50,"playtime":5844,"items_purged":["Doubt","Parasite"],"score":575,"play_id":"5001dcea-9766-41a7-8f8d-c2fb57dd08df","local_time":"20181107155019","is_ascension_mode":true,"campfire_choices":[{"floor":11,"key":"REST"},{"data":"Burst","floor":15,"key":"SMITH"},{"floor":24,"key":"REST"},{"floor":27,"key":"REST"},{"floor":32,"key":"REST"},{"data":"Doppelganger","floor":40,"key":"SMITH"},{"data":"Noxious Fumes","floor":46,"key":"SMITH"},{"data":"Wraith Form v2","floor":49,"key":"SMITH"}],"neow_cost":"TEN_PERCENT_HP_LOSS","seed_source_timestamp":1551651594635973,"circlet_count":0,"master_deck":["Defend_G+1","Defend_G+1","Defend_G+1","Defend_G+1","Defend_G+1","Strike_G+1","Strike_G+1","Strike_G+1","Strike_G+1","Survivor","Neutralize","Burst+1","Footwork","Poisoned Stab","Deadly Poison+1","Doppelganger+1","Blur","Dodge and Roll","Dagger Throw","Backflip","Wraith Form v2+1","Clumsy","Masterful Stab+1","Expertise+1","Acrobatics","Backflip","Leg Sweep+1","Well Laid Plans","Dagger Spray","Flying Knee","Venomology","Mayhem","Malaise","Calculated Gamble","Dagger Spray+1","Prepared","Noxious Fumes+1","Bouncing Flask+1","Madness","Madness","Dodge and Roll+1","Night Terror"],"relics":["Ring of the Snake","Centennial Puzzle","Vajra","Ancient Tea Set","Pear","Astrolabe","Letter Opener","War Paint","Ornamental Fan","Bottled Lightning","Lantern","Eternal Feather","Strawberry","Bag of Preparation","Bronze Scales"],"potions_floor_usage":[2,6,8,19,19,23,25,31,33,33,33,36,36,38,41,41,41,50,50,50,50],"damage_taken":[{"damage":0,"enemies":"Small Slimes","floor":1,"turns":4},{"damage":3,"enemies":"Jaw Worm","floor":2,"turns":6},{"damage":0,"enemies":"2 Louse","floor":4,"turns":3},{"damage":11,"enemies":"Lagavulin","floor":6,"turns":6},{"damage":7,"enemies":"Red Slaver","floor":7,"turns":4},{"damage":41,"enemies":"Gremlin Nob","floor":8,"turns":6},{"damage":0,"enemies":"Looter","floor":10,"turns":3},{"damage":0,"enemies":"Blue Slaver","floor":12,"turns":4},{"damage":15,"enemies":"Exordium Wildlife","floor":14,"turns":4},{"damage":11,"enemies":"Hexaghost","floor":16,"turns":9},{"damage":0,"enemies":"Shell Parasite","floor":18,"turns":8},{"damage":6,"enemies":"3 Byrds","floor":19,"turns":8},{"damage":7,"enemies":"Centurion and Healer","floor":20,"turns":11},{"damage":55,"enemies":"Book of Stabbing","floor":23,"turns":13},{"damage":19,"enemies":"Slavers","floor":25,"turns":9},{"damage":0,"enemies":"Snake Plant","floor":28,"turns":5},{"damage":12,"enemies":"Chosen and Byrds","floor":31,"turns":6},{"damage":37,"enemies":"Automaton","floor":33,"turns":10},{"damage":11,"enemies":"3 Shapes","floor":35,"turns":5},{"damage":17,"enemies":"3 Darklings","floor":36,"turns":7},{"damage":6,"enemies":"Writhing Mass","floor":38,"turns":6},{"damage":43,"enemies":"Giant Head","floor":41,"turns":13},{"damage":9,"enemies":"Maw","floor":47,"turns":8},{"damage":7,"enemies":"3 Darklings","floor":48,"turns":4},{"damage":83,"enemies":"Awakened One","floor":50,"turns":14}],"seed_played":"2633155943178214997","potions_obtained":[{"floor":1,"key":"Explosive Potion"},{"floor":4,"key":"PowerPotion"},{"floor":6,"key":"Fruit Juice"},{"floor":12,"key":"Swift Potion"},{"floor":16,"key":"Block Potion"},{"floor":18,"key":"Swift Potion"},{"floor":23,"key":"PowerPotion"},{"floor":28,"key":"PowerPotion"},{"floor":36,"key":"SkillPotion"},{"floor":38,"key":"Regen Potion"},{"floor":41,"key":"EssenceOfSteel"}],"is_trial":false,"path_per_floor":["M","M","?","M","$","E","M","E","T","M","R","M","?","M","R","B",null,"M","M","M","?","?","E","R","E","T","R","M","?","$","M","R","B",null,"M","M","?","M","$","R","E","?","T","$","T","R","M","M","R","B"],"character_chosen":"THE_SILENT","items_purchased":["Doppelganger","Venomology","Mayhem","Lantern","PowerPotion","Noxious Fumes"],"campfire_rested":4,"item_purchase_floors":[5,30,30,30,30,39],"current_hp_per_floor":[63,60,60,60,60,49,42,6,6,6,26,26,36,21,21,10,78,78,72,65,65,65,10,33,14,14,37,37,37,37,25,48,11,78,67,65,65,59,59,75,54,44,44,44,44,68,59,52,76,0],"gold":102,"neow_bonus":"THREE_RARE_CARDS","is_prod":false,"is_daily":false,"chose_seed":false,"campfire_upgraded":4,"win_rate":0,"timestamp":1541623819,"path_taken":["M","M","?","M","$","E","M","E","T","M","R","M","?","M","R","BOSS","M","M","M","?","?","E","R","E","T","R","M","?","?","?","R","BOSS","M","M","?","M","$","R","E","?","T","?","?","R","M","M","R","BOSS"],"build_version":"2018-11-01","purchased_purges":2,"victory":false,"max_hp_per_floor":[63,63,63,63,63,63,63,68,68,68,68,68,78,78,78,78,78,78,78,78,78,78,78,78,78,78,78,78,78,78,78,78,78,78,78,78,78,78,75,75,82,82,82,82,82,82,82,82,82,82],"card_choices":[{"not_picked":["Glass Knife","Phantasmal Killer"],"picked":"Burst","floor":0},{"not_picked":["Cloak And Dagger","Crippling Poison"],"picked":"Footwork","floor":1},{"not_picked":["Dagger Throw","Flechettes"],"picked":"Poisoned Stab","floor":2},{"not_picked":["Slice","Reflex"],"picked":"Deadly Poison","floor":4},{"not_picked":["Riddle With Holes","Dagger Throw"],"picked":"Blur","floor":6},{"not_picked":["Skewer","Underhanded Strike"],"picked":"Deflect","floor":7},{"not_picked":["Envenom","Malaise"],"picked":"Poisoned Stab","floor":8},{"not_picked":["Underhanded Strike","Cloak And Dagger"],"picked":"Dodge and Roll","floor":10},{"not_picked":["Slice","Dagger Spray"],"picked":"Dagger Throw","floor":12},{"not_picked":["Blade Dance","Outmaneuver"],"picked":"Backflip","floor":14},{"not_picked":["Phantasmal Killer","Storm of Steel"],"picked":"Wraith Form v2","floor":16},{"not_picked":["Outmaneuver","Dash"],"picked":"Acrobatics","floor":18},{"not_picked":["Predator","All Out Attack"],"picked":"Backflip","floor":19},{"not_picked":["Sucker Punch","Endless Agony"],"picked":"Leg Sweep+1","floor":20},{"not_picked":["Expertise","Calculated Gamble"],"picked":"Well Laid Plans","floor":23},{"not_picked":["Cloak And Dagger+1","Heel Hook"],"picked":"Dagger Spray","floor":25},{"not_picked":["Choke","Blade Dance+1"],"picked":"Flying Knee","floor":28},{"not_picked":["Endless Agony","Dagger Spray","Sucker Punch"],"picked":"SKIP","floor":31},{"not_picked":["Phantasmal Killer","A Thousand Cuts"],"picked":"Malaise","floor":33},{"not_picked":["Tactician","Choke+1"],"picked":"Calculated Gamble","floor":35},{"not_picked":["Leg Sweep","Finisher+1"],"picked":"Dagger Spray+1","floor":36},{"not_picked":["Quick Slash","Bane+1"],"picked":"Prepared","floor":38},{"not_picked":["Calculated Gamble","Sucker Punch"],"picked":"Bouncing Flask+1","floor":41},{"not_picked":["Distraction","Poisoned Stab"],"picked":"Dodge and Roll+1","floor":47},{"not_picked":["Caltrops","Calculated Gamble+1"],"picked":"Night Terror","floor":48}],"player_experience":93925,"relics_obtained":[{"floor":6,"key":"Centennial Puzzle"},{"floor":8,"key":"Vajra"},{"floor":9,"key":"Ancient Tea Set"},{"floor":23,"key":"War Paint"},{"floor":25,"key":"Ornamental Fan"},{"floor":26,"key":"Bottled Lightning"},{"floor":41,"key":"Strawberry"},{"floor":43,"key":"Bag of Preparation"},{"floor":45,"key":"Bronze Scales"}],"event_choices":[{"damage_healed":0,"gold_gain":175,"player_choice":"AGREE","damage_taken":0,"max_hp_gain":0,"max_hp_loss":0,"event_name":"Liars Game","floor":3,"gold_loss":0,"cards_obtained":["Doubt"]},{"damage_healed":0,"gold_gain":0,"player_choice":"Box","damage_taken":0,"relics_obtained":["Pear"],"max_hp_gain":0,"max_hp_loss":0,"event_name":"Big Fish","floor":13,"gold_loss":0,"cards_obtained":["Regret"]},{"damage_healed":0,"gold_gain":0,"player_choice":"Ignored","damage_taken":0,"max_hp_gain":0,"max_hp_loss":0,"event_name":"Ghosts","floor":21,"gold_loss":0},{"damage_healed":0,"gold_gain":0,"player_choice":"Opened","damage_taken":0,"relics_obtained":["Letter Opener"],"max_hp_gain":0,"max_hp_loss":0,"event_name":"The Mausoleum","floor":22,"gold_loss":0},{"damage_healed":0,"gold_gain":0,"player_choice":"Simplicity","damage_taken":0,"max_hp_gain":0,"max_hp_loss":0,"event_name":"Back to Basics","floor":29,"gold_loss":0,"cards_upgraded":["Defend_G","Defend_G","Defend_G","Defend_G","Strike_G","Strike_G","Strike_G","Strike_G"]},{"cards_removed":["Poisoned Stab"],"damage_healed":0,"gold_gain":0,"player_choice":"Removed Attack","damage_taken":0,"max_hp_gain":0,"max_hp_loss":0,"event_name":"Falling","floor":37,"gold_loss":0},{"damage_healed":0,"gold_gain":0,"player_choice":"Embrace Madness","damage_taken":10,"max_hp_gain":0,"max_hp_loss":0,"event_name":"Winding Halls","floor":42,"gold_loss":0,"cards_obtained":["Madness","Madness"]}],"is_beta":false,"boss_relics":[{"not_picked":["Ectoplasm","Runic Pyramid"],"picked":"Astrolabe"},{"not_picked":["Orrery","Coffee Dripper"],"picked":"Eternal Feather"}],"items_purged_floors":[5,39],"is_endless":false,"potions_floor_spawned":[1,4,6,12,16,18,23,28,36,38,41],"killed_by":"Awakened One","ascension_level":1}