{"gold_per_floor":[167,185,165,73,23,56,56,131,184,210,223,234,260,260,260,356,356,367,381,230,230,250,283,208,236,309,309,309],"floor_reached":28,"playtime":7048,"items_purged":["Defend_G"],"score":381,"play_id":"9a3860fe-e52e-4735-8826-bd486b736207","local_time":"20190912230403","is_ascension_mode":true,"campfire_choices":[{"floor":7,"key":"RECALL"},{"floor":15,"key":"REST"}],"neow_cost":"NONE","seed_source_timestamp":35859941200100,"circlet_count":0,"master_deck":["Strike_G","Strike_G","Defend_G","Defend_G","Defend_G","Defend_G","Survivor","Neutralize+1","Bouncing Flask","Quick Slash","Flying Knee","Catalyst+1","Bane","Die Die Die","Dagger Spray","Escape Plan","Tools of the Trade","Bane","Footwork","Tools of the Trade","Catalyst+1","Outmaneuver+1"],"relics":["Tiny House","Strawberry","Lantern","Singing Bowl","Tough Bandages","Sozu","Eternal Feather","White Beast Statue","Mummified Hand"],"potions_floor_usage":[6,6,10,12,22],"damage_taken":[{"damage":13,"enemies":"Small Slimes","floor":1,"turns":3},{"damage":4,"enemies":"Cultist","floor":2,"turns":3},{"damage":0,"enemies":"Gremlin Nob","floor":6,"turns":2},{"damage":13,"enemies":"Lagavulin","floor":10,"turns":5},{"damage":0,"enemies":"2 Louse","floor":11,"turns":2},{"damage":9,"enemies":"Large Slime","floor":12,"turns":5},{"damage":0,"enemies":"Gremlin Nob","floor":13,"turns":2},{"damage":23,"enemies":"Hexaghost","floor":16,"turns":8},{"damage":8,"enemies":"3 Byrds","floor":18,"turns":4},{"damage":9,"enemies":"Shell Parasite","floor":19,"turns":3},{"damage":16,"enemies":"Centurion and Healer","floor":22,"turns":5},{"damage":3,"enemies":"Gremlin Leader","floor":23,"turns":4},{"damage":13,"enemies":"Book of Stabbing","floor":25,"turns":5},{"damage":36,"enemies":"Colosseum Slavers","floor":27,"turns":5},{"damage":4,"enemies":"Cultist and Chosen","floor":28,"turns":3}],"seed_played":"-7145427949199150790","potions_obtained":[{"floor":0,"key":"Fire Potion"},{"floor":1,"key":"Fire Potion"},{"floor":3,"key":"FearPotion"},{"floor":11,"key":"GhostInAJar"},{"floor":16,"key":"Strength Potion"}],"is_trial":false,"path_per_floor":["M","M","?","$","?","E","R","?","T","E","M","M","E","?","R","B",null,"M","M","$","?","M","E","?","E","T","?","M"],"character_chosen":"THE_SILENT","items_purchased":["Catalyst","Bane","Footwork"],"campfire_rested":1,"item_purchase_floors":[4,4,20],"current_hp_per_floor":[62,58,58,58,58,65,65,54,54,43,45,36,36,36,61,38,86,78,71,71,71,55,52,52,39,39,3,0],"gold":309,"neow_bonus":"BOSS_RELIC","is_prod":false,"is_daily":false,"chose_seed":false,"campfire_upgraded":0,"win_rate":0,"timestamp":1568300643,"path_taken":["M","M","?","?","?","E","R","?","T","E","M","M","E","?","R","BOSS","M","M","$","?","M","E","?","E","T","?","M"],"build_version":"2019-09-11v2","purchased_purges":1,"victory":false,"max_hp_per_floor":[75,75,75,75,75,82,82,82,82,84,86,86,86,86,86,86,86,86,88,88,88,88,88,88,88,88,88,88],"card_choices":[{"not_picked":["Dagger Throw","All Out Attack"],"picked":"Bouncing Flask","floor":0},{"not_picked":["Deflect","Dodge and Roll"],"picked":"Quick Slash","floor":1},{"not_picked":["Blade Dance","Eviscerate"],"picked":"Flying Knee","floor":2},{"not_picked":["Terror","PiercingWail"],"picked":"Die Die Die","floor":6},{"not_picked":["Deflect","Phantasmal Killer","Dagger Spray"],"picked":"Singing Bowl","floor":10},{"not_picked":["Deflect","Underhanded Strike","Terror"],"picked":"Singing Bowl","floor":11},{"not_picked":["Sucker Punch","Underhanded Strike"],"picked":"Dagger Spray","floor":12},{"not_picked":["Dagger Spray","Night Terror"],"picked":"Escape Plan","floor":13},{"not_picked":["Die Die Die","Doppelganger"],"picked":"Tools of the Trade","floor":16},{"not_picked":["Quick Slash","Sucker Punch+1"],"picked":"Bane","floor":18},{"not_picked":["Flechettes","Slice","Dash"],"picked":"Singing Bowl","floor":19},{"not_picked":["Eviscerate+1","Outmaneuver"],"picked":"Tools of the Trade","floor":22},{"not_picked":["Tactician","Masterful Stab+1"],"picked":"Catalyst+1","floor":23},{"not_picked":["Dash","Catalyst"],"picked":"Outmaneuver+1","floor":25}],"player_experience":128329,"relics_obtained":[{"floor":6,"key":"Strawberry"},{"floor":9,"key":"Lantern"},{"floor":10,"key":"Singing Bowl"},{"floor":13,"key":"Tough Bandages"},{"floor":23,"key":"Eternal Feather"},{"floor":25,"key":"White Beast Statue"},{"floor":26,"key":"Mummified Hand"}],"event_choices":[{"damage_healed":0,"gold_gain":0,"player_choice":"Bought 1 Potion","damage_taken":0,"max_hp_gain":0,"max_hp_loss":0,"event_name":"The Woman in Blue","floor":3,"gold_loss":0},{"cards_removed":["Strike_G"],"damage_healed":0,"gold_gain":0,"player_choice":"Card Removal","damage_taken":0,"max_hp_gain":0,"max_hp_loss":0,"event_name":"The Cleric","floor":5,"gold_loss":50},{"damage_healed":0,"gold_gain":75,"player_choice":"Gather Gold","damage_taken":11,"max_hp_gain":0,"max_hp_loss":0,"event_name":"World of Goop","floor":8,"gold_loss":0},{"damage_healed":0,"gold_gain":0,"player_choice":"Grow","damage_taken":0,"max_hp_gain":0,"max_hp_loss":0,"event_name":"Living Wall","floor":14,"gold_loss":0,"cards_upgraded":["Catalyst"]},{"cards_removed":["Strike_G"],"damage_healed":0,"gold_gain":0,"player_choice":"Elegance","damage_taken":0,"max_hp_gain":0,"max_hp_loss":0,"event_name":"Back to Basics","floor":21,"gold_loss":0},{"cards_removed":["Strike_G"],"damage_healed":0,"gold_gain":0,"player_choice":"Gave Gold","damage_taken":0,"max_hp_gain":0,"max_hp_loss":0,"event_name":"Beggar","floor":24,"gold_loss":75},{"damage_healed":0,"gold_gain":0,"player_choice":"Fight","damage_taken":0,"max_hp_gain":0,"max_hp_loss":0,"event_name":"Colosseum","floor":27,"gold_loss":0},{"damage_healed":0,"gold_gain":0,"player_choice":"Fled From Nobs","damage_taken":0,"max_hp_gain":0,"max_hp_loss":0,"event_name":"Colosseum","floor":27,"gold_loss":0}],"is_beta":true,"boss_relics":[{"not_picked":["Runic Pyramid","Snecko Eye"],"picked":"Sozu"}],"items_purged_floors":[20],"is_endless":false,"potions_floor_spawned":[1,11,16,18,27],"killed_by":"Cultist and Chosen","ascension_level":2}