{"gold_per_floor":[114,124,36,0,0,0,31,31,31,62,62,62,86,86,86,185,185,203,118,68,68,17,17,37,37,119,137,137,62,62,106,106,106],"floor_reached":33,"playtime":1174,"items_purged":["Parasite"],"score":534,"play_id":"0861de0e-066d-4dd9-8e8a-ea90cc2671af","local_time":"20190817184952","is_ascension_mode":true,"campfire_choices":[{"data":"Noxious Fumes","floor":6.0,"key":"SMITH"},{"floor":8.0,"key":"DIG"},{"floor":11.0,"key":"REST"},{"floor":15,"key":"REST"},{"floor":23,"key":"DIG"},{"floor":25,"key":"REST"},{"floor":28,"key":"DIG"},{"data":"Corpse Explosion","floor":30,"key":"SMITH"},{"floor":32,"key":"REST"}],"neow_cost":"CURSE","seed_source_timestamp":4729892049795400,"circlet_count":0,"master_deck":["AscendersBane","Defend_G","Defend_G","Defend_G","Defend_G","Survivor","Neutralize","Adrenaline","Poisoned Stab","Bane","Noxious Fumes+1","Flechettes","Blur","All Out Attack+1","Corpse Explosion+1","Malaise+1","Bouncing Flask+1","A Thousand Cuts+1","Footwork+1","Tools of the Trade","Wraith Form v2","Flying Knee+1","Dagger Spray+1","Skewer+1","Sucker Punch+1"],"special_seed":0,"relics":["Ring of the Snake","Golden Idol","Shovel","Question Card","Bottled Tornado","Smiling Mask","Molten Egg 2","Astrolabe","Nunchaku","Vajra","Matryoshka","Frozen Egg 2","Meat on the Bone"],"potions_floor_usage":[16,18,31,33],"damage_taken":[{"damage":0.0,"enemies":"2 Louse","floor":1.0,"turns":3.0},{"damage":2.0,"enemies":"Jaw Worm","floor":2.0,"turns":3.0},{"damage":34.0,"enemies":"Lagavulin","floor":7.0,"turns":8.0},{"damage":21.0,"enemies":"Gremlin Nob","floor":10.0,"turns":4.0},{"damage":8,"enemies":"Small Slimes","floor":13,"turns":4},{"damage":16,"enemies":"The Guardian","floor":16,"turns":12},{"damage":11,"enemies":"Shell Parasite","floor":18,"turns":5},{"damage":0,"enemies":"Spheric Guardian","floor":24,"turns":2},{"damage":16,"enemies":"Centurion and Healer","floor":27,"turns":5},{"damage":32,"enemies":"Slavers","floor":31,"turns":4},{"damage":22,"enemies":"Automaton","floor":33,"turns":3}],"seed_played":"-5426192488586625113","potions_obtained":[{"floor":1.0,"key":"FearPotion"},{"floor":7.0,"key":"AttackPotion"},{"floor":13,"key":"GamblersBrew"},{"floor":16,"key":"Block Potion"},{"floor":18,"key":"AttackPotion"},{"floor":31,"key":"Swift Potion"}],"is_trial":false,"path_per_floor":["M","M","$","?","?","R","E","R","T","E","R","?","M","?","R","B",null,"M","?","$","?","$","R","M","R","T","M","R","?","R","E","R","B"],"character_chosen":"THE_SILENT","items_purchased":["Noxious Fumes","Flying Knee+1"],"campfire_rested":4,"item_purchase_floors":[3,22],"current_hp_per_floor":[59,57,57,57,57,57,23,23,23,2,20,9,1,1,19,3,46,35,35,35,35,35,35,35,52,52,36,36,36,36,4,21,0],"gold":106,"neow_bonus":"THREE_RARE_CARDS","is_prod":false,"is_daily":false,"chose_seed":false,"campfire_upgraded":2,"win_rate":0,"timestamp":1566092992,"path_taken":["M","M","$","?","?","R","E","R","T","E","R","?","?","?","R","BOSS","M","?","$","?","$","R","M","R","T","M","R","?","R","E","R","BOSS"],"build_version":"2019-08-15","purchased_purges":1,"victory":false,"max_hp_per_floor":[66,66,66,66,60,60,60,60,60,60,60,60,60,60,60,60,60,60,60,57,57,57,57,57,57,57,57,57,57,57,57,57,57],"card_choices":[{"not_picked":["Doppelganger","Burst"],"picked":"Adrenaline","floor":0.0},{"not_picked":["Outmaneuver","Slice"],"picked":"Poisoned Stab","floor":1.0},{"not_picked":["Calculated Gamble","Underhanded Strike"],"picked":"Bane","floor":2.0},{"not_picked":["Blade Dance","Outmaneuver"],"picked":"Flechettes","floor":7.0},{"not_picked":["Masterful Stab","Expertise","Heel Hook"],"picked":"Blur","floor":10.0},{"not_picked":["Prepared","Tactician","PiercingWail"],"picked":"All Out Attack+1","floor":13},{"not_picked":["A Thousand Cuts","Storm of Steel","Wraith Form v2"],"picked":"Corpse Explosion","floor":16},{"not_picked":["Dagger Throw+1","Outmaneuver","Blade Dance"],"picked":"Footwork+1","floor":18},{"not_picked":["Slice+1","Calculated Gamble","Prepared"],"picked":"Dagger Spray+1","floor":24},{"not_picked":["Crippling Poison","Deflect","Underhanded Strike+1"],"picked":"Skewer+1","floor":27},{"not_picked":["Quick Slash+1","Slice+1","Die Die Die+1"],"picked":"Sucker Punch+1","floor":31}],"player_experience":3548971,"relics_obtained":[{"floor":7.0,"key":"Shovel"},{"floor":8.0,"key":"Question Card"},{"floor":9.0,"key":"Bottled Tornado"},{"floor":10.0,"key":"Smiling Mask"},{"floor":23,"key":"Vajra"},{"floor":26,"key":"Matryoshka"},{"floor":28,"key":"Frozen Egg 2"},{"floor":31,"key":"Meat on the Bone"}],"event_choices":[{"damage_healed":0.0,"max_hp_gain":0.0,"max_hp_loss":0.0,"gold_gain":0.0,"event_name":"World of Goop","player_choice":"Left Gold","floor":4.0,"gold_loss":36.0,"damage_taken":0.0},{"damage_healed":0.0,"max_hp_gain":0.0,"max_hp_loss":6.0,"gold_gain":0.0,"event_name":"Golden Idol","player_choice":"Lose Max HP","floor":5.0,"gold_loss":0.0,"damage_taken":0.0,"relics_obtained":["Golden Idol"]},{"damage_healed":0.0,"max_hp_gain":0.0,"max_hp_loss":0.0,"gold_gain":0.0,"event_name":"Scrap Ooze","player_choice":"Success","floor":12.0,"gold_loss":0.0,"damage_taken":11.0,"relics_obtained":["Molten Egg 2"]},{"damage_healed":0,"gold_gain":0,"player_choice":"Ignored","damage_taken":0,"max_hp_gain":0,"max_hp_loss":0,"event_name":"Liars Game","floor":14,"gold_loss":0},{"damage_healed":0,"gold_gain":0,"player_choice":"Obtained Relic","damage_taken":0,"relics_obtained":["Nunchaku"],"max_hp_gain":0,"max_hp_loss":0,"event_name":"Addict","floor":19,"gold_loss":85},{"damage_healed":0,"gold_gain":0,"cards_transformed":["Strike_G","Strike_G"],"player_choice":"Became Test Subject","damage_taken":0,"max_hp_gain":0,"max_hp_loss":0,"event_name":"Drug Dealer","floor":21,"gold_loss":0,"cards_obtained":["Tools of the Trade","Wraith Form v2"]},{"cards_removed":["Defend_G"],"damage_healed":0,"gold_gain":0,"player_choice":"Gave Gold","damage_taken":0,"max_hp_gain":0,"max_hp_loss":0,"event_name":"Beggar","floor":29,"gold_loss":75}],"is_beta":true,"boss_relics":[{"not_picked":["Fusion Hammer","WristBlade"],"picked":"Astrolabe"}],"items_purged_floors":[20],"is_endless":false,"potions_floor_spawned":[1,7,13,16,18,31],"killed_by":"Automaton","ascension_level":20}