{"gold_per_floor":[109,109,0,12,27,27,52,69,69,69,69,87,107,124,124,200,200,212,232,68,79,79,79,96,124,148,148,166,186,38,73,73,149,149,164,164,177,51,0,0,10,10,10,10,10,35,53,53,53,53],"floor_reached":51,"playtime":2480,"items_purged":["Strike_G","Strike_G+1"],"score":1265,"play_id":"b133e63e-af60-4964-8b37-0f4590b58de3","local_time":"20180724002852","is_ascension_mode":true,"campfire_choices":[{"data":"Neutralize","floor":6,"key":"SMITH"},{"floor":15,"key":"REST"},{"data":"Catalyst","floor":23,"key":"SMITH"},{"floor":27,"key":"REST"},{"floor":32,"key":"REST"},{"data":"Footwork","floor":40,"key":"SMITH"},{"data":"Acrobatics","floor":42,"key":"SMITH"},{"data":"Bouncing Flask","floor":44,"key":"SMITH"},{"floor":49,"key":"REST"}],"neow_cost":"","seed_source_timestamp":1305259319620838,"circlet_count":0,"master_deck":["Defend_G+1","Defend_G+1","Defend_G+1","Defend_G+1","Defend_G+1","Strike_G+1","Strike_G+1","Strike_G+1","Survivor","Neutralize+1","AscendersBane","Poisoned Stab","Dash","Terror","PiercingWail","Bouncing Flask+1","Catalyst+1","Envenom","Dagger Spray","Dodge and Roll","Corpse Explosion","Acrobatics+1","Wraith Form v2","Catalyst+1","Backflip","Dash","Footwork+1","Night Terror","Noxious Fumes","Concentrate+1","Magnetism"],"relics":["Ring of the Snake","Snake Skull","Bronze Scales","Snecko Eye","Kunai","Boot","Vajra","Cursed Key","Red Mask","Oddly Smooth Stone"],"potions_floor_usage":[12,13,25,25,31,33,33,50],"damage_taken":[{"damage":12,"enemies":"Small Slimes","floor":1,"turns":5},{"damage":0,"enemies":"Cultist","floor":4,"turns":4},{"damage":0,"enemies":"2 Louse","floor":5,"turns":3},{"damage":25,"enemies":"Lagavulin","floor":7,"turns":10},{"damage":8,"enemies":"Looter","floor":8,"turns":3},{"damage":5,"enemies":"Gremlin Gang","floor":12,"turns":4},{"damage":0,"enemies":"3 Louse","floor":13,"turns":3},{"damage":1,"enemies":"2 Fungi Beasts","floor":14,"turns":3},{"damage":3,"enemies":"Hexaghost","floor":16,"turns":8},{"damage":7,"enemies":"2 Thieves","floor":18,"turns":3},{"damage":0,"enemies":"Chosen","floor":19,"turns":4},{"damage":17,"enemies":"Centurion and Healer","floor":21,"turns":4},{"damage":0,"enemies":"Cultist and Chosen","floor":24,"turns":3},{"damage":10,"enemies":"Slavers","floor":25,"turns":3},{"damage":1,"enemies":"Snecko","floor":28,"turns":4},{"damage":12,"enemies":"Snake Plant","floor":29,"turns":4},{"damage":2,"enemies":"Book of Stabbing","floor":31,"turns":3},{"damage":40,"enemies":"Collector","floor":33,"turns":7},{"damage":0,"enemies":"Orb Walker","floor":35,"turns":3},{"damage":0,"enemies":"3 Shapes","floor":37,"turns":2},{"damage":2,"enemies":"Sphere and 2 Shapes","floor":41,"turns":8},{"damage":1,"enemies":"Giant Head","floor":46,"turns":4},{"damage":1,"enemies":"Transient","floor":47,"turns":4},{"damage":1,"enemies":"Donu and Deca","floor":50,"turns":4}],"seed_played":"3865915572896148727","potions_obtained":[{"floor":2,"key":"FairyPotion"},{"floor":2,"key":"SneckoOil"},{"floor":8,"key":"PowerPotion"},{"floor":12,"key":"Fire Potion"},{"floor":16,"key":"EssenceOfSteel"},{"floor":18,"key":"LiquidBronze"},{"floor":21,"key":"Strength Potion"},{"floor":25,"key":"Weak Potion"},{"floor":31,"key":"SpeedPotion"},{"floor":41,"key":"GhostInAJar"}],"is_trial":false,"path_per_floor":["M","?","$","M","M","R","E","M","T","?","?","M","M","M","R","B",null,"M","M","$","M","?","R","M","E","T","R","M","M","$","E","R","B",null,"M","?","M","$","?","R","M","R","T","R","?","E","M","$","R","B"],"character_chosen":"THE_SILENT","items_purchased":["Dash","Wraith Form v2","Swift Potion","Noxious Fumes","Dexterity Potion"],"campfire_rested":4,"item_purchase_floors":[3,20,30,38,38],"current_hp_per_floor":[47,47,47,47,47,47,22,14,14,14,14,9,9,8,27,24,56,49,49,49,32,32,32,32,22,22,41,40,28,28,26,45,5,51,51,51,51,51,51,51,49,49,49,49,49,48,47,47,66,65],"gold":53,"neow_bonus":"","is_prod":false,"is_daily":false,"chose_seed":false,"campfire_upgraded":5,"win_rate":0,"timestamp":1532417332,"path_taken":["M","?","$","M","M","R","E","M","T","?","?","M","M","?","R","BOSS","M","M","$","M","?","R","M","E","T","R","M","M","$","E","R","BOSS","M","?","M","$","?","R","M","R","T","R","?","E","M","$","R","BOSS"],"build_version":"2018-07-23","purchased_purges":2,"victory":true,"max_hp_per_floor":[66,66,66,66,66,66,66,66,66,66,66,66,66,66,66,66,66,66,66,66,66,66,66,66,66,66,66,66,66,66,66,66,66,66,66,66,66,66,66,66,66,66,66,66,66,66,66,66,66,66],"card_choices":[{"not_picked":["Endless Agony","Setup"],"picked":"Poisoned Stab","floor":1},{"not_picked":["Slice","Endless Agony"],"picked":"Terror","floor":4},{"not_picked":["Deflect","Setup"],"picked":"PiercingWail","floor":5},{"not_picked":["Backflip","Infinite Blades"],"picked":"Bouncing Flask","floor":7},{"not_picked":["Bane","Sucker Punch"],"picked":"Catalyst","floor":8},{"not_picked":["Accuracy","Infinite Blades"],"picked":"Envenom","floor":12},{"not_picked":["Quick Slash","Underhanded Strike"],"picked":"Dagger Spray","floor":13},{"not_picked":["Expertise","Dagger Spray"],"picked":"Dodge and Roll","floor":14},{"not_picked":["Malaise","Doppelganger"],"picked":"Corpse Explosion","floor":16},{"not_picked":["Bane","Quick Slash+1","Poisoned Stab"],"picked":"SKIP","floor":18},{"not_picked":["Flying Knee","Bane"],"picked":"Acrobatics","floor":19},{"not_picked":["Poisoned Stab","Setup","Dagger Throw"],"picked":"SKIP","floor":21},{"not_picked":["Poisoned Stab","Underhanded Strike"],"picked":"Catalyst","floor":24},{"not_picked":["Slice","Dagger Spray"],"picked":"Backflip","floor":25},{"not_picked":["Reflex","Underhanded Strike"],"picked":"Dash","floor":28},{"not_picked":["A Thousand Cuts","Backstab","Dagger Throw"],"picked":"SKIP","floor":29},{"not_picked":["Deflect","Choke+1"],"picked":"Footwork","floor":31},{"not_picked":["Doppelganger","Glass Knife"],"picked":"Night Terror","floor":33},{"not_picked":["Prepared","Acrobatics","Dagger Throw"],"picked":"SKIP","floor":35},{"not_picked":["Terror","Caltrops","Quick Slash"],"picked":"SKIP","floor":37},{"not_picked":["Outmaneuver","Flying Knee"],"picked":"Concentrate+1","floor":41},{"not_picked":["Discovery","Purity"],"picked":"Magnetism","floor":45},{"not_picked":["PiercingWail","Slice","Infinite Blades"],"picked":"SKIP","floor":46},{"not_picked":["Escape Plan","Flying Knee","Dagger Spray"],"picked":"SKIP","floor":47}],"player_experience":865928,"relics_obtained":[{"floor":7,"key":"Snake Skull"},{"floor":9,"key":"Bronze Scales"},{"floor":25,"key":"Kunai"},{"floor":26,"key":"Boot"},{"floor":31,"key":"Vajra"},{"floor":46,"key":"Oddly Smooth Stone"}],"event_choices":[{"event_name":"The Lab","player_choice":"Got Potions","floor":2,"damage_taken":0},{"event_name":"Liars Game","player_choice":"disagreed","floor":10,"damage_taken":0},{"event_name":"Scrap Ooze","player_choice":"unsuccessful","floor":11,"damage_taken":0},{"event_name":"Back to Basics","player_choice":"Simplicity","floor":22,"damage_taken":0},{"event_name":"Upgrade Shrine","player_choice":"Upgraded","floor":36,"damage_taken":0},{"event_name":"Tomb of Lord Red Mask","player_choice":"Paid","floor":39,"damage_taken":0},{"event_name":"SensoryStone","player_choice":"Memory 1","floor":45,"damage_taken":0}],"is_beta":true,"boss_relics":[{"not_picked":["Runic Dome","WristBlade"],"picked":"Snecko Eye"},{"not_picked":["Orrery","Ring of the Serpent"],"picked":"Cursed Key"}],"items_purged_floors":[3,30],"is_endless":false,"potions_floor_spawned":[8,12,16,18,21,25,31,41,47],"ascension_level":15}