{"gold_per_floor":[20,38,49,99,109,109,122,122,122,122,137,161,161,161],"floor_reached":14,"playtime":716,"items_purged":[],"score":168,"play_id":"c9d1f53d-23e9-454c-9c5d-4d0fc259c1ff","local_time":"20190217174757","is_ascension_mode":true,"campfire_choices":[{"data":"Distraction","floor":6,"key":"SMITH"},{"floor":13,"key":"REST"}],"neow_cost":"NO_GOLD","seed_source_timestamp":104266762923300,"circlet_count":0,"master_deck":["AscendersBane","Defend_G","Defend_G","Defend_G","Defend_G","Defend_G+1","Strike_G","Strike_G","Strike_G","Strike_G","Strike_G","Survivor","Neutralize","Cloak And Dagger+1","Corpse Explosion","Distraction+1","Flying Knee","Dagger Throw","Bouncing Flask","Outmaneuver"],"relics":["Ring of the Snake","Unceasing Top","Golden Idol","Smiling Mask"],"potions_floor_usage":[14],"damage_taken":[{"damage":1,"enemies":"2 Louse","floor":1,"turns":3},{"damage":4,"enemies":"Cultist","floor":2,"turns":4},{"damage":7,"enemies":"Jaw Worm","floor":3,"turns":6},{"damage":7,"enemies":"Blue Slaver","floor":5,"turns":5},{"damage":1,"enemies":"Large Slime","floor":7,"turns":5},{"damage":3,"enemies":"3 Louse","floor":11,"turns":4},{"damage":8,"enemies":"Blue Slaver","floor":12,"turns":4},{"damage":29,"enemies":"Large Slime","floor":14,"turns":5}],"seed_played":"6285513107664222029","potions_obtained":[{"floor":1,"key":"Swift Potion"},{"floor":3,"key":"Ancient Potion"}],"is_trial":false,"path_per_floor":["M","M","M","?","M","R","M","?","T","?","M","M","R","M"],"character_chosen":"THE_SILENT","items_purchased":[],"campfire_rested":1,"item_purchase_floors":[],"current_hp_per_floor":[58,54,47,47,40,40,39,39,39,21,18,10,28,0],"gold":161,"neow_bonus":"ONE_RARE_RELIC","is_prod":false,"is_daily":false,"chose_seed":false,"campfire_upgraded":1,"win_rate":0,"timestamp":1550454477,"path_taken":["M","M","M","?","M","R","?","?","T","?","M","M","R","M"],"build_version":"2019-02-06","purchased_purges":0,"victory":false,"max_hp_per_floor":[66,66,66,66,66,66,66,60,60,60,60,60,60,60],"card_choices":[{"not_picked":["Setup","Acrobatics"],"picked":"Cloak And Dagger","floor":1},{"not_picked":["Underhanded Strike","Sucker Punch"],"picked":"Corpse Explosion","floor":2},{"not_picked":["Poisoned Stab","Dash"],"picked":"Distraction","floor":3},{"not_picked":["Heel Hook","Sucker Punch"],"picked":"Flying Knee","floor":5},{"not_picked":["PiercingWail","Bane"],"picked":"Dagger Throw","floor":7},{"not_picked":["Finisher","Dagger Spray"],"picked":"Bouncing Flask","floor":11},{"not_picked":["Eviscerate","Flechettes"],"picked":"Outmaneuver","floor":12}],"player_experience":3285049,"relics_obtained":[{"floor":9,"key":"Smiling Mask"}],"event_choices":[{"damage_healed":0,"gold_gain":50,"player_choice":"Pray","damage_taken":0,"max_hp_gain":0,"max_hp_loss":0,"event_name":"Golden Shrine","floor":4,"gold_loss":0},{"damage_healed":0,"gold_gain":0,"player_choice":"Lose Max HP","damage_taken":0,"relics_obtained":["Golden Idol"],"max_hp_gain":0,"max_hp_loss":6,"event_name":"Golden Idol","floor":8,"gold_loss":0},{"damage_healed":0,"gold_gain":0,"player_choice":"Entered Light","damage_taken":18,"max_hp_gain":0,"max_hp_loss":0,"event_name":"Shining Light","floor":10,"gold_loss":0,"cards_upgraded":["Defend_G","Cloak And Dagger"]}],"is_beta":true,"boss_relics":[],"items_purged_floors":[],"is_endless":false,"potions_floor_spawned":[1,3,11],"killed_by":"Large Slime","ascension_level":20}