{"gold_per_floor":[116,126,145,70,70,70,108,128,128,161,161,161,161,174,174,269,269,288,288,213,197,210,246,246,280,280,280,303,303,303,402,402,491,491,509,567,581,581,602,602,727,18,68,68,104,120,120,120,120,120],"floor_reached":51,"playtime":3739,"items_purged":["Injury","Heavy Blade"],"score":1191,"play_id":"1684925f-d32f-4ebf-8b00-bfd6347763ba","local_time":"20190311201043","is_ascension_mode":true,"campfire_choices":[{"data":"Feed","floor":6,"key":"SMITH"},{"floor":11,"key":"REST"},{"data":"Uppercut","floor":15,"key":"SMITH"},{"data":"Spot Weakness","floor":24,"key":"SMITH"},{"data":"Spot Weakness","floor":27,"key":"SMITH"},{"data":"Corruption","floor":32,"key":"SMITH"},{"data":"Reaper","floor":40,"key":"SMITH"},{"data":"Double Tap","floor":44,"key":"SMITH"},{"data":"Offering","floor":47,"key":"SMITH"},{"data":"True Grit","floor":49,"key":"SMITH"}],"neow_cost":"CURSE","seed_source_timestamp":144713728812119,"circlet_count":0,"master_deck":["AscendersBane","Strike_R+1","Strike_R+1","Strike_R+1","Strike_R+1","Defend_R+1","Defend_R+1","Defend_R+1","Defend_R+1","Bash","Feed+1","Uppercut+1","Headbutt","Wild Strike","Dropkick","True Grit","Anger","Spot Weakness+1","Double Tap+1","Spot Weakness+1","Feel No Pain","Shrug It Off","Corruption+1","Impervious","Ghostly Armor+1","Shrug It Off+1","Reaper+1","Heavy Blade+1","Immolate","Flame Barrier","True Grit+1","Offering+1","Madness","Madness"],"relics":["Burning Blood","Golden Idol","Paper Frog","Ice Cream","Magic Flower","Juzu Bracelet","Mark of Pain","Pear","Boot","Pocketwatch","Eternal Feather","Champion Belt","Du-Vu Doll","Bag of Marbles","Potion Belt","Red Skull","StoneCalendar"],"potions_floor_usage":[3,16,22,22,23,33,35,41,41,45,45,50,50],"damage_taken":[{"damage":7,"enemies":"Small Slimes","floor":1,"turns":6},{"damage":7,"enemies":"2 Louse","floor":2,"turns":3},{"damage":11,"enemies":"Jaw Worm","floor":3,"turns":5},{"damage":45,"enemies":"3 Sentries","floor":7,"turns":8},{"damage":0,"enemies":"Large Slime","floor":8,"turns":3},{"damage":21,"enemies":"Lagavulin","floor":10,"turns":6},{"damage":6,"enemies":"3 Louse","floor":14,"turns":4},{"damage":36,"enemies":"The Guardian","floor":16,"turns":8},{"damage":11,"enemies":"Spheric Guardian","floor":18,"turns":3},{"damage":22,"enemies":"2 Thieves","floor":21,"turns":4},{"damage":23,"enemies":"Centurion and Healer","floor":22,"turns":6},{"damage":3,"enemies":"Gremlin Leader","floor":23,"turns":4},{"damage":46,"enemies":"Book of Stabbing","floor":25,"turns":5},{"damage":3,"enemies":"Snecko","floor":28,"turns":5},{"damage":48,"enemies":"Collector","floor":33,"turns":8},{"damage":5,"enemies":"3 Darklings","floor":35,"turns":4},{"damage":64,"enemies":"2 Orb Walkers","floor":36,"turns":5},{"damage":26,"enemies":"3 Shapes","floor":37,"turns":5},{"damage":2,"enemies":"Maw","floor":39,"turns":7},{"damage":26,"enemies":"Mind Bloom Boss Battle","floor":41,"turns":8},{"damage":21,"enemies":"Nemesis","floor":45,"turns":5},{"damage":0,"enemies":"Transient","floor":46,"turns":5},{"damage":40,"enemies":"Time Eater","floor":50,"turns":7}],"seed_played":"-6062399818796733753","potions_obtained":[{"floor":1,"key":"Weak Potion"},{"floor":10,"key":"Strength Potion"},{"floor":16,"key":"Regen Potion"},{"floor":21,"key":"Explosive Potion"},{"floor":22,"key":"Strength Potion"},{"floor":28,"key":"PowerPotion"},{"floor":33,"key":"FearPotion"},{"floor":37,"key":"Block Potion"},{"floor":39,"key":"LiquidBronze"},{"floor":41,"key":"EssenceOfSteel"}],"is_trial":false,"path_per_floor":["M","M","M","$","?","R","E","M","T","E","R","?","?","M","R","B",null,"M","?","?","M","M","E","R","E","T","R","M","?","?","?","R","B",null,"M","?","M","?","M","R","?","$","T","R","E","M","R","?","R","B",null],"character_chosen":"IRONCLAD","items_purchased":["Bag of Marbles","Potion Belt","Block Potion","SteroidPotion","Immolate","Flame Barrier","Weak Potion"],"campfire_rested":1,"item_purchase_floors":[42,42,42,42,42,42,42],"current_hp_per_floor":[70,72,67,67,67,67,32,42,42,27,51,71,64,73,73,52,81,79,79,79,66,82,98,98,61,61,61,73,73,73,73,73,40,93,103,54,37,37,50,65,78,78,78,96,90,126,130,114,130,132],"gold":120,"neow_bonus":"THREE_RARE_CARDS","is_prod":false,"is_daily":false,"chose_seed":false,"campfire_upgraded":9,"win_rate":0,"timestamp":1552331443,"path_taken":["M","M","M","$","?","R","E","M","T","E","R","?","?","M","R","BOSS","M","?","?","M","M","E","R","E","T","R","M","?","?","?","R","BOSS","M","?","M","?","M","R","?","$","T","R","E","M","R","?","R","BOSS"],"build_version":"2019-02-06","purchased_purges":2,"victory":true,"max_hp_per_floor":[78,81,81,81,75,75,79,83,83,83,83,83,83,87,87,91,91,91,88,88,88,92,102,102,102,102,102,106,106,106,106,106,110,110,114,118,118,118,122,122,126,126,126,126,130,130,130,130,130,134],"card_choices":[{"not_picked":["Demon Form","Double Tap"],"picked":"Feed","floor":0},{"not_picked":["Havoc","Pommel Strike"],"picked":"Uppercut","floor":1},{"not_picked":["Sword Boomerang","Havoc"],"picked":"Headbutt","floor":2},{"not_picked":["Havoc","Clash"],"picked":"Wild Strike","floor":3},{"not_picked":["Limit Break","Bloodletting"],"picked":"Dropkick","floor":7},{"not_picked":["Body Slam","Metallicize"],"picked":"True Grit","floor":8},{"not_picked":["Feel No Pain","Body Slam"],"picked":"Anger","floor":10},{"not_picked":["Dual Wield","Havoc"],"picked":"Spot Weakness","floor":14},{"not_picked":["Berserk","Barricade"],"picked":"Double Tap","floor":16},{"not_picked":["Bloodletting","Havoc"],"picked":"Spot Weakness","floor":18},{"not_picked":["Cleave","Anger+1"],"picked":"Heavy Blade","floor":21},{"not_picked":["Sever Soul","Dual Wield"],"picked":"Shrug It Off","floor":22},{"not_picked":["Thunderclap","Uppercut"],"picked":"Corruption","floor":23},{"not_picked":["Thunderclap","Heavy Blade","Twin Strike"],"picked":"SKIP","floor":25},{"not_picked":["Havoc","Twin Strike","Corruption"],"picked":"SKIP","floor":28},{"not_picked":["Exhume","Reaper"],"picked":"Impervious","floor":33},{"not_picked":["Searing Blow","Seeing Red+1"],"picked":"Ghostly Armor+1","floor":35},{"not_picked":["Dropkick","Clash"],"picked":"Shrug It Off+1","floor":36},{"not_picked":["Hemokinesis+1","Anger","Perfected Strike+1"],"picked":"SKIP","floor":37},{"not_picked":["Burning Pact+1","Uppercut+1"],"picked":"Reaper","floor":39},{"not_picked":["Anger","Shrug It Off+1"],"picked":"Heavy Blade+1","floor":41},{"not_picked":["Hemokinesis+1","Combust+1"],"picked":"True Grit","floor":45},{"not_picked":["Warcry","Clothesline"],"picked":"Offering","floor":46}],"player_experience":177082,"relics_obtained":[{"floor":7,"key":"Paper Frog"},{"floor":9,"key":"Ice Cream"},{"floor":10,"key":"Magic Flower"},{"floor":23,"key":"Pear"},{"floor":25,"key":"Boot"},{"floor":26,"key":"Pocketwatch"},{"floor":36,"key":"Champion Belt"},{"floor":41,"key":"Du-Vu Doll"},{"floor":43,"key":"Red Skull"},{"floor":45,"key":"StoneCalendar"}],"event_choices":[{"damage_healed":0,"gold_gain":0,"player_choice":"Lose Max HP","damage_taken":0,"relics_obtained":["Golden Idol"],"max_hp_gain":0,"max_hp_loss":6,"event_name":"Golden Idol","floor":5,"gold_loss":0},{"damage_healed":20,"gold_gain":0,"player_choice":"Healed and dodged fight","damage_taken":0,"max_hp_gain":0,"max_hp_loss":0,"event_name":"Mushrooms","floor":12,"gold_loss":0,"cards_obtained":["Parasite"]},{"damage_healed":0,"gold_gain":0,"player_choice":"Success","damage_taken":7,"relics_obtained":["Juzu Bracelet"],"max_hp_gain":0,"max_hp_loss":0,"event_name":"Scrap Ooze","floor":13,"gold_loss":0},{"damage_healed":0,"gold_gain":0,"cards_transformed":["Parasite","Strike_R"],"player_choice":"Became Test Subject","damage_taken":0,"max_hp_gain":0,"max_hp_loss":0,"event_name":"Drug Dealer","floor":19,"gold_loss":0,"cards_obtained":["Regret","Feel No Pain"]},{"cards_removed":["Regret"],"damage_healed":0,"gold_gain":0,"player_choice":"Gave Gold","damage_taken":0,"max_hp_gain":0,"max_hp_loss":0,"event_name":"Beggar","floor":20,"gold_loss":75},{"damage_healed":0,"gold_gain":0,"player_choice":"Simplicity","damage_taken":0,"max_hp_gain":0,"max_hp_loss":0,"event_name":"Back to Basics","floor":29,"gold_loss":0,"cards_upgraded":["Strike_R","Strike_R","Strike_R","Strike_R","Defend_R","Defend_R","Defend_R","Defend_R"]},{"damage_healed":0,"gold_gain":0,"player_choice":"Ignored","damage_taken":0,"max_hp_gain":0,"max_hp_loss":0,"event_name":"Vampires","floor":30,"gold_loss":0},{"damage_healed":0,"gold_gain":99,"player_choice":"Stole From Cult","damage_taken":0,"max_hp_gain":0,"max_hp_loss":0,"event_name":"Nest","floor":31,"gold_loss":0},{"damage_healed":0,"gold_gain":0,"player_choice":"Fight","damage_taken":0,"max_hp_gain":0,"max_hp_loss":0,"event_name":"Mysterious Sphere","floor":36,"gold_loss":0},{"damage_healed":0,"gold_gain":0,"player_choice":"Leave","damage_taken":0,"max_hp_gain":0,"max_hp_loss":0,"event_name":"FaceTrader","floor":38,"gold_loss":0},{"damage_healed":0,"gold_gain":0,"player_choice":"Fight","damage_taken":0,"max_hp_gain":0,"max_hp_loss":0,"event_name":"MindBloom","floor":41,"gold_loss":0},{"damage_healed":0,"gold_gain":0,"player_choice":"Embrace Madness","damage_taken":16,"max_hp_gain":0,"max_hp_loss":0,"event_name":"Winding Halls","floor":48,"gold_loss":0,"cards_obtained":["Madness","Madness"]}],"is_beta":true,"boss_relics":[{"not_picked":["Cursed Key","White Beast Statue"],"picked":"Mark of Pain"},{"not_picked":["Pandora\u0027s Box","Calling Bell"],"picked":"Eternal Feather"}],"items_purged_floors":[4,42],"is_endless":false,"potions_floor_spawned":[1,10,16,21,22,28,33,37,39,41],"ascension_level":14}