{"gold_per_floor":[110,130,130,147,164,192,192,223,223,223,257,271,4,39,39,116,116,132,132,151,162,179,179,179,179,203,203,236,12,22,48,48,123,123,139,153,171,185,0,0,0,29,29,29,47,77,77,102,102,102],"floor_reached":51,"playtime":3315,"items_purged":[],"score":1568,"play_id":"94c7ab07-e5e1-4ac2-a677-ab69d22f8f61","local_time":"20190908165831","is_ascension_mode":true,"campfire_choices":[{"floor":7,"key":"REST"},{"floor":10,"key":"REST"},{"data":"Pommel Strike","floor":15,"key":"SMITH"},{"data":"Demon Form","floor":23,"key":"SMITH"},{"data":"Whirlwind","floor":25,"key":"SMITH"},{"floor":27,"key":"REST"},{"floor":32,"key":"REST"},{"floor":40,"key":"REST"},{"floor":44,"key":"REST"},{"data":"Sword Boomerang","floor":47,"key":"SMITH"},{"data":"Spot Weakness","floor":49,"key":"SMITH"}],"neow_cost":"PERCENT_DAMAGE","seed_source_timestamp":1310078791381700,"circlet_count":0,"master_deck":["AscendersBane","Strike_R","Strike_R+1","Defend_R+1","Defend_R","Defend_R","Defend_R+1","Bash+1","Pommel Strike+1","Iron Wave+1","Feel No Pain","Battle Trance","Spot Weakness+1","Demon Form+1","Cleave","Shrug It Off","Limit Break+1","Impervious+1","Sword Boomerang+1","Whirlwind+1","Pummel","Infernal Blade+1","True Grit+1","Intimidate+1","Ghostly Armor+1","Clothesline+1","Offering+1"],"special_seed":0,"relics":["Burning Blood","Bag of Preparation","War Paint","qcfpunch:Red_Gi","Toxic Egg 2","Happy Flower","Velvet Choker","Nloth\u0027s Gift","Oddly Smooth Stone","Torii","PreservedInsect","Self Forming Clay","Mark of Pain","Red Mask","Dodecahedron","FossilizedHelix","Bronze Scales","Bottled Flame"],"potions_floor_usage":[4,6,16,33,38,50,50],"damage_taken":[{"damage":23,"enemies":"Cultist","floor":1,"turns":5},{"damage":7,"enemies":"Small Slimes","floor":2,"turns":3},{"damage":9,"enemies":"2 Louse","floor":4,"turns":3},{"damage":19,"enemies":"Exordium Wildlife","floor":5,"turns":6},{"damage":45,"enemies":"Lagavulin","floor":6,"turns":9},{"damage":19,"enemies":"3 Sentries","floor":8,"turns":8},{"damage":12,"enemies":"Lagavulin","floor":11,"turns":6},{"damage":11,"enemies":"Red Slaver","floor":12,"turns":5},{"damage":20,"enemies":"3 Sentries","floor":14,"turns":6},{"damage":8,"enemies":"Hexaghost","floor":16,"turns":7},{"damage":20,"enemies":"Spheric Guardian","floor":18,"turns":6},{"damage":0,"enemies":"Chosen","floor":20,"turns":5},{"damage":17,"enemies":"Snecko","floor":21,"turns":5},{"damage":10,"enemies":"Centurion and Healer","floor":22,"turns":5},{"damage":18,"enemies":"Slavers","floor":28,"turns":3},{"damage":19,"enemies":"Cultist and Chosen","floor":30,"turns":5},{"damage":3,"enemies":"Book of Stabbing","floor":31,"turns":5},{"damage":43,"enemies":"Automaton","floor":33,"turns":7},{"damage":30,"enemies":"3 Shapes","floor":35,"turns":4},{"damage":6,"enemies":"3 Darklings","floor":36,"turns":3},{"damage":1,"enemies":"Sphere and 2 Shapes","floor":37,"turns":5},{"damage":20,"enemies":"Maw","floor":38,"turns":9},{"damage":45,"enemies":"Reptomancer","floor":42,"turns":7},{"damage":0,"enemies":"3 Darklings","floor":45,"turns":4},{"damage":0,"enemies":"Giant Head","floor":46,"turns":6},{"damage":9,"enemies":"Reptomancer","floor":48,"turns":5},{"damage":47,"enemies":"Donu and Deca","floor":50,"turns":8}],"seed_played":"-7201833127819733755","potions_obtained":[{"floor":1,"key":"BloodPotion"},{"floor":2,"key":"Regen Potion"},{"floor":12,"key":"BloodPotion"},{"floor":14,"key":"Strength Potion"},{"floor":21,"key":"SteroidPotion"},{"floor":31,"key":"BloodPotion"},{"floor":33,"key":"SkillPotion"},{"floor":38,"key":"SkillPotion"},{"floor":46,"key":"BloodPotion"}],"is_trial":false,"path_per_floor":["M","M","?","M","M","E","R","E","T","R","E","M","$","E","R","B",null,"M","?","M","M","M","R","?","R","T","R","E","$","M","E","R","B",null,"M","M","M","M","?","R","?","E","T","R","M","E","R","E","R","B",null],"character_chosen":"IRONCLAD","items_purchased":["Toxic Egg 2","PreservedInsect","True Grit+1"],"campfire_rested":6,"item_purchase_floors":[13,29,29],"current_hp_per_floor":[33,32,32,47,34,10,32,19,19,41,35,30,30,16,16,32,64,50,50,56,45,41,41,41,41,41,63,51,51,38,41,63,26,63,39,39,44,48,48,70,70,31,31,53,59,65,65,62,62,39],"gold":102,"neow_bonus":"REMOVE_TWO","is_prod":false,"is_daily":false,"chose_seed":false,"campfire_upgraded":5,"win_rate":0,"timestamp":1567987111,"path_taken":["M","?","?","?","M","E","R","E","T","R","E","M","$","E","R","BOSS","M","?","M","M","M","R","?","R","T","R","E","$","?","E","R","BOSS","M","M","?","M","?","R","?","E","T","R","M","E","R","E","R","BOSS"],"build_version":"2019-07-17","purchased_purges":0,"victory":true,"max_hp_per_floor":[75,75,75,75,75,75,75,75,75,75,75,75,75,75,75,75,75,75,75,75,75,75,75,75,75,75,75,75,75,75,75,75,75,75,75,75,75,75,75,75,75,75,75,75,75,75,75,75,75,75],"card_choices":[{"not_picked":["Sentinel","Armaments"],"picked":"Pommel Strike","floor":1},{"not_picked":["Havoc","Shrug It Off"],"picked":"Iron Wave","floor":2},{"not_picked":["Shockwave","Twin Strike"],"picked":"Battle Trance","floor":4},{"not_picked":["Clothesline","Thunderclap"],"picked":"Spot Weakness","floor":5},{"not_picked":["True Grit","Sword Boomerang"],"picked":"Demon Form","floor":6},{"not_picked":["Carnage","Dark Embrace"],"picked":"Cleave","floor":8},{"not_picked":["Headbutt","Fire Breathing","Uppercut"],"picked":"SKIP","floor":11},{"not_picked":["Wild Strike","Anger"],"picked":"Shrug It Off","floor":12},{"not_picked":["Combust","Berserk"],"picked":"Limit Break+1","floor":14},{"not_picked":["Bludgeon","Exhume+1"],"picked":"Impervious+1","floor":16},{"not_picked":["Blood for Blood","Inflame"],"picked":"Sword Boomerang","floor":18},{"not_picked":["Perfected Strike+1","Rupture","Feel No Pain"],"picked":"SKIP","floor":20},{"not_picked":["True Grit+1","Thunderclap"],"picked":"Whirlwind","floor":21},{"not_picked":["Burning Pact+1","Uppercut"],"picked":"Pummel","floor":22},{"not_picked":["Juggernaut","Double Tap+1"],"picked":"Infernal Blade+1","floor":28},{"not_picked":["Armaments+1","Hemokinesis","Havoc+1"],"picked":"SKIP","floor":30},{"not_picked":["Armaments+1","Hemokinesis","Havoc+1"],"picked":"SKIP","floor":30},{"not_picked":["Demon Form","Armaments+1","Second Wind+1"],"picked":"SKIP","floor":31},{"not_picked":["Spot Weakness+1","Battle Trance+1"],"picked":"Intimidate+1","floor":35},{"not_picked":["Seeing Red+1","Shockwave+1"],"picked":"Ghostly Armor+1","floor":36},{"not_picked":["Flex+1","Heavy Blade+1"],"picked":"Clothesline+1","floor":37},{"not_picked":["Infernal Blade+1","Ghostly Armor+1","Fire Breathing"],"picked":"SKIP","floor":38},{"not_picked":["Armaments+1","Spot Weakness+1","Heavy Blade"],"picked":"SKIP","floor":42},{"not_picked":["Rupture","Headbutt","True Grit+1"],"picked":"SKIP","floor":45},{"not_picked":["Bloodletting+1","Rampage","Warcry+1"],"picked":"SKIP","floor":46},{"not_picked":["Sword Boomerang","Juggernaut"],"picked":"Offering+1","floor":48}],"player_experience":1389097,"relics_obtained":[{"floor":6,"key":"Bag of Preparation"},{"floor":8,"key":"War Paint"},{"floor":9,"key":"Whetstone"},{"floor":11,"key":"qcfpunch:Red_Gi"},{"floor":14,"key":"Happy Flower"},{"floor":26,"key":"Oddly Smooth Stone"},{"floor":28,"key":"Torii"},{"floor":31,"key":"Self Forming Clay"},{"floor":42,"key":"Dodecahedron"},{"floor":43,"key":"FossilizedHelix"},{"floor":46,"key":"Bronze Scales"},{"floor":48,"key":"Bottled Flame"}],"event_choices":[{"damage_healed":0,"gold_gain":0,"cards_transformed":["Strike_R"],"player_choice":"Transformed","damage_taken":0,"max_hp_gain":0,"max_hp_loss":0,"event_name":"Transmorgrifier","floor":3,"gold_loss":0,"cards_obtained":["Feel No Pain"]},{"damage_healed":0,"gold_gain":0,"player_choice":"Ignored","damage_taken":0,"max_hp_gain":0,"max_hp_loss":0,"event_name":"Vampires","floor":19,"gold_loss":0},{"damage_healed":0,"gold_gain":0,"player_choice":"Traded Relic","damage_taken":0,"relics_obtained":["Nloth\u0027s Gift"],"max_hp_gain":0,"max_hp_loss":0,"event_name":"N\u0027loth","floor":24,"relics_lost":["Whetstone"],"gold_loss":0},{"damage_healed":0,"gold_gain":0,"player_choice":"Paid","damage_taken":0,"relics_obtained":["Red Mask"],"max_hp_gain":0,"max_hp_loss":0,"event_name":"Tomb of Lord Red Mask","floor":39,"gold_loss":185},{"damage_healed":0,"gold_gain":0,"player_choice":"Upgraded","damage_taken":0,"max_hp_gain":0,"max_hp_loss":0,"event_name":"Upgrade Shrine","floor":41,"gold_loss":0,"cards_upgraded":["Bash"]}],"is_beta":false,"boss_relics":[{"not_picked":["Black Blood","Ectoplasm"],"picked":"Velvet Choker"},{"not_picked":["Runic Dome","Coffee Dripper"],"picked":"Mark of Pain"}],"items_purged_floors":[],"is_endless":false,"potions_floor_spawned":[1,2,12,14,21,31,33,36,38,46],"ascension_level":17}