{"gold_per_floor":[113,113,113,113,123,123,149,30,81,81,92,119,144,159,159,159],"floor_reached":16,"playtime":646,"items_purged":["Strike_G"],"score":266,"play_id":"da98f77c-f151-4d41-a6aa-af44b7e0d5f4","local_time":"20190112222355","is_ascension_mode":true,"campfire_choices":[{"data":"Dagger Spray","floor":6.0,"key":"SMITH"},{"data":"Infinite Blades","floor":10.0,"key":"SMITH"},{"floor":15.0,"key":"REST"}],"neow_cost":"NONE","seed_source_timestamp":0,"circlet_count":0,"master_deck":["AscendersBane","Defend_G","Defend_G","Defend_G","Defend_G","Defend_G+1","Strike_G","Strike_G","Strike_G","Survivor","Neutralize+1","Dagger Spray+1","Cloak And Dagger","Leg Sweep","Infinite Blades+1","Dash","Burst","Deadly Poison"],"special_seed":0,"relics":["Ring of the Snake","NeowsBlessing","Incense Burner","Lantern","Odd Mushroom","Question Card"],"potions_floor_usage":[16,16],"damage_taken":[{"damage":0.0,"enemies":"Small Slimes","floor":1.0,"turns":1.0},{"damage":0.0,"enemies":"Jaw Worm","floor":5.0,"turns":1.0},{"damage":0.0,"enemies":"Gremlin Nob","floor":7.0,"turns":1.0},{"damage":0.0,"enemies":"2 Louse","floor":11.0,"turns":2.0},{"damage":0.0,"enemies":"The Mushroom Lair","floor":12.0,"turns":5.0},{"damage":15.0,"enemies":"Lagavulin","floor":13.0,"turns":7.0},{"damage":16.0,"enemies":"Exordium Wildlife","floor":14.0,"turns":5.0},{"damage":25,"enemies":"Slime Boss","floor":16,"turns":9}],"seed_played":"3496565409553952564","potions_obtained":[{"floor":5.0,"key":"GhostInAJar"},{"floor":12.0,"key":"SteroidPotion"},{"floor":13.0,"key":"Fire Potion"}],"is_trial":false,"path_per_floor":["M","?","?","$","M","R","E","$","T","R","M","?","E","M","R","B"],"character_chosen":"THE_SILENT","items_purchased":["Infinite Blades"],"campfire_rested":1,"item_purchase_floors":[8],"current_hp_per_floor":[59,39,32,32,32,32,32,32,32,32,32,32,17,1,20,0],"gold":159,"neow_bonus":"THREE_ENEMY_KILL","is_prod":false,"is_daily":false,"chose_seed":false,"campfire_upgraded":2,"win_rate":0,"timestamp":1547360635,"path_taken":["M","?","?","?","M","R","E","$","T","R","M","?","E","?","R","BOSS"],"build_version":"2019-01-10","purchased_purges":1,"victory":false,"max_hp_per_floor":[66,66,66,66,66,66,66,66,66,66,66,66,66,66,66,66],"card_choices":[{"not_picked":["Catalyst","Expertise"],"picked":"Dagger Spray","floor":1.0},{"not_picked":["Dodge and Roll","Underhanded Strike"],"picked":"Cloak And Dagger","floor":5.0},{"not_picked":["Backstab","Crippling Poison"],"picked":"Leg Sweep","floor":7.0},{"not_picked":["Dagger Throw","Concentrate"],"picked":"Dash","floor":11.0},{"not_picked":["Dagger Throw","Underhanded Strike"],"picked":"Burst","floor":13.0},{"not_picked":["Expertise","Slice","Acrobatics"],"picked":"Deadly Poison","floor":14.0}],"player_experience":1169832,"relics_obtained":[{"floor":7.0,"key":"Incense Burner"},{"floor":9.0,"key":"Lantern"},{"floor":12.0,"key":"Odd Mushroom"},{"floor":13.0,"key":"Question Card"}],"event_choices":[{"damage_healed":0.0,"max_hp_gain":0.0,"max_hp_loss":0.0,"gold_gain":0.0,"event_name":"Shining Light","player_choice":"Entered Light","floor":2.0,"gold_loss":0.0,"damage_taken":20.0,"cards_upgraded":["Neutralize","Defend_G"]},{"cards_removed":["Strike_G"],"damage_healed":0.0,"max_hp_gain":0.0,"max_hp_loss":0.0,"gold_gain":0.0,"event_name":"Golden Wing","player_choice":"Card Removal","floor":3.0,"gold_loss":0.0,"damage_taken":7.0},{"damage_healed":0.0,"max_hp_gain":0.0,"max_hp_loss":0.0,"gold_gain":0.0,"event_name":"Mushrooms","player_choice":"Fought Mushrooms","floor":12.0,"gold_loss":0.0,"damage_taken":0.0}],"is_beta":true,"boss_relics":[],"items_purged_floors":[8],"is_endless":false,"potions_floor_spawned":[5,12,13],"killed_by":"Slime Boss","ascension_level":20}