{"gold_per_floor":[119,132,132,142,155,155,30,44,44,44,54,54,54,74,74,169,169,183,183,202,26,36,36,36],"floor_reached":24,"playtime":1096,"items_purged":["Strike_G","Parasite"],"score":240,"play_id":"34b58c1d-a919-449b-a523-4d13f3215923","local_time":"20190609215800","is_ascension_mode":false,"campfire_choices":[{"data":"Neutralize","floor":6.0,"key":"SMITH"},{"data":"Noxious Fumes","floor":13.0,"key":"SMITH"},{"data":"Bouncing Flask","floor":15.0,"key":"SMITH"},{"floor":23.0,"key":"REST"}],"neow_cost":"NONE","seed_source_timestamp":1026429799917200,"circlet_count":0,"master_deck":["Defend_G","Defend_G","Defend_G","Defend_G","Defend_G","Strike_G","Strike_G","Strike_G","Survivor","Neutralize+1","PiercingWail","Noxious Fumes+1","Bouncing Flask+1","Night Terror+1","Escape Plan","Deadly Poison"],"special_seed":0,"relics":["Velvet Choker"],"potions_floor_usage":[24],"damage_taken":[{"damage":2.0,"enemies":"Small Slimes","floor":1.0,"turns":4.0},{"damage":0.0,"enemies":"Cultist","floor":2.0,"turns":4.0},{"damage":0.0,"enemies":"Jaw Worm","floor":4.0,"turns":5.0},{"damage":3.0,"enemies":"Lots of Slimes","floor":5.0,"turns":6.0},{"damage":0.0,"enemies":"Looter","floor":8.0,"turns":3.0},{"damage":5.0,"enemies":"Exordium Wildlife","floor":11.0,"turns":4.0},{"damage":13.0,"enemies":"2 Fungi Beasts","floor":14.0,"turns":5.0},{"damage":0.0,"enemies":"The Guardian","floor":16.0,"turns":9.0},{"damage":6.0,"enemies":"Chosen","floor":18.0,"turns":6.0},{"damage":0.0,"enemies":"Spheric Guardian","floor":20.0,"turns":4.0},{"damage":50.0,"enemies":"Cultist and Chosen","floor":22.0,"turns":7.0},{"damage":41,"enemies":"Sentry and Sphere","floor":24,"turns":5}],"seed_played":"-4408996830211150265","potions_obtained":[{"floor":2.0,"key":"Fire Potion"},{"floor":8.0,"key":"SteroidPotion"},{"floor":18.0,"key":"Swift Potion"}],"is_trial":false,"path_per_floor":["M","M","?","M","M","R","$","M","T","?","M","?","R","M","R","B",null,"M","?","M","$","M","R","M"],"character_chosen":"THE_SILENT","items_purchased":["AttackPotion","LiquidBronze"],"campfire_rested":1,"item_purchase_floors":[7,21],"current_hp_per_floor":[68,68,68,68,65,65,65,65,65,65,60,70,70,57,57,57,70,64,64,64,64,14,34,0],"gold":36,"neow_bonus":"BOSS_RELIC","is_prod":false,"is_daily":false,"chose_seed":false,"campfire_upgraded":3,"win_rate":0,"timestamp":1560142680,"path_taken":["M","M","?","M","M","R","$","M","T","?","M","?","R","M","R","BOSS","M","?","?","$","M","R","M"],"build_version":"2019-01-23","purchased_purges":2,"victory":false,"max_hp_per_floor":[70,70,70,70,70,70,70,70,70,70,70,70,70,70,70,70,70,70,70,70,67,67,67,67],"card_choices":[{"not_picked":["Blade Dance","Concentrate"],"picked":"PiercingWail","floor":1.0},{"not_picked":["Flying Knee","Poisoned Stab"],"picked":"Noxious Fumes","floor":2.0},{"not_picked":["Slice","Flying Knee","Accuracy"],"picked":"SKIP","floor":4.0},{"not_picked":["Expertise","Quick Slash","Sucker Punch"],"picked":"SKIP","floor":5.0},{"not_picked":["Skewer","Sucker Punch"],"picked":"Bouncing Flask","floor":8.0},{"not_picked":["Sucker Punch","Flechettes","Prepared"],"picked":"SKIP","floor":11.0},{"not_picked":["Quick Slash","Sucker Punch","Outmaneuver"],"picked":"SKIP","floor":14.0},{"not_picked":["Tools of the Trade","Glass Knife"],"picked":"Night Terror","floor":16.0},{"not_picked":["Acrobatics+1","Riddle With Holes"],"picked":"Escape Plan","floor":18.0},{"not_picked":["Dodge and Roll","Outmaneuver","Underhanded Strike"],"picked":"SKIP","floor":20.0},{"not_picked":["Bane","Acrobatics"],"picked":"Deadly Poison","floor":22.0}],"player_experience":1291864,"relics_obtained":[],"event_choices":[{"damage_healed":0.0,"max_hp_gain":0.0,"max_hp_loss":0.0,"gold_gain":0.0,"event_name":"Scrap Ooze","player_choice":"Fled","floor":3.0,"gold_loss":0.0,"damage_taken":0.0},{"cards_removed":["Strike_G"],"damage_healed":0.0,"max_hp_gain":0.0,"max_hp_loss":0.0,"gold_gain":0.0,"event_name":"Living Wall","player_choice":"Forget","floor":10.0,"gold_loss":0.0,"damage_taken":0.0},{"damage_healed":17.0,"max_hp_gain":0.0,"max_hp_loss":0.0,"gold_gain":0.0,"event_name":"Mushrooms","player_choice":"Healed and dodged fight","floor":12.0,"gold_loss":0.0,"damage_taken":0.0,"cards_obtained":["Parasite"]},{"damage_healed":0.0,"max_hp_gain":0.0,"max_hp_loss":0.0,"gold_gain":0.0,"event_name":"Accursed Blacksmith","player_choice":"Forge","floor":19.0,"gold_loss":0.0,"damage_taken":0.0,"cards_upgraded":["Night Terror"]}],"is_beta":false,"boss_relics":[{"not_picked":["Runic Pyramid","Sozu","White Beast Statue"]}],"items_purged_floors":[7,21],"is_endless":false,"potions_floor_spawned":[2,8,18],"killed_by":"Sentry and Sphere","ascension_level":0}