{"gold_per_floor":[112,0,10,10,28,28,57,73,73,73,98,16,16,16,16,93,93,109,24,24,24,24,24,50,64,91,117,117,130,145,175,175,247,247,259,275,289,303,303],"floor_reached":39,"playtime":2956,"items_purged":["Strike_G"],"score":948,"play_id":"093eea15-7378-42b4-89e1-01a36393dbd2","local_time":"20190105213740","is_ascension_mode":true,"campfire_choices":[{"data":"Outmaneuver","floor":6.0,"key":"SMITH"},{"data":"Cloak And Dagger","floor":10.0,"key":"SMITH"},{"floor":15.0,"key":"REST"},{"data":"Doppelganger","floor":23.0,"key":"SMITH"},{"floor":28.0,"key":"REST"},{"floor":32.0,"key":"REST"}],"neow_cost":"NONE","seed_source_timestamp":5945064410646300,"circlet_count":0,"master_deck":["AscendersBane","Defend_G","Defend_G+1","Defend_G","Defend_G+1","Defend_G","Strike_G","Strike_G","Survivor","Neutralize","Dagger Spray","Skewer+1","Deflect","Outmaneuver+1","Cloak And Dagger+1","Backflip","Quick Slash","Sucker Punch","Doppelganger+1","Dagger Spray","Outmaneuver","Blur","Blade Dance","Deflect","Deflect+1","Storm of Steel","Malaise","Normality","Predator","Prepared"],"special_seed":0,"relics":["Busted Crown","Sundial","Shuriken","Gremlin Horn","Runic Pyramid","Oddly Smooth Stone","Bottled Flame","Bronze Scales","Omamori","Pocketwatch","Calling Bell","Art of War","Ninja Scroll","Mango"],"potions_floor_usage":[],"damage_taken":[{"damage":0.0,"enemies":"Cultist","floor":1.0,"turns":4.0},{"damage":4.0,"enemies":"Jaw Worm","floor":3.0,"turns":2.0},{"damage":0.0,"enemies":"Small Slimes","floor":5.0,"turns":2.0},{"damage":15.0,"enemies":"Lagavulin","floor":7.0,"turns":7.0},{"damage":0.0,"enemies":"2 Fungi Beasts","floor":8.0,"turns":4.0},{"damage":6.0,"enemies":"3 Sentries","floor":11.0,"turns":5.0},{"damage":27.0,"enemies":"The Guardian","floor":16.0,"turns":11.0},{"damage":8.0,"enemies":"2 Thieves","floor":18.0,"turns":4.0},{"damage":31.0,"enemies":"Slavers","floor":24.0,"turns":8.0},{"damage":1.0,"enemies":"Chosen","floor":25.0,"turns":3.0},{"damage":12.0,"enemies":"Book of Stabbing","floor":27.0,"turns":5.0},{"damage":5.0,"enemies":"Snake Plant","floor":29.0,"turns":4.0},{"damage":0.0,"enemies":"3 Cultists","floor":30.0,"turns":4.0},{"damage":0.0,"enemies":"Slavers","floor":31.0,"turns":6.0},{"damage":34.0,"enemies":"Automaton","floor":33.0,"turns":9.0},{"damage":22.0,"enemies":"3 Shapes","floor":35.0,"turns":22.0},{"damage":8.0,"enemies":"Orb Walker","floor":36.0,"turns":3.0},{"damage":1.0,"enemies":"4 Shapes","floor":37.0,"turns":12.0},{"damage":33,"enemies":"Maw","floor":38,"turns":9},{"damage":7,"enemies":"Jaw Worm Horde","floor":39,"turns":2}],"seed_played":"-7881603001516719472","potions_obtained":[{"floor":1.0,"key":"GamblersBrew"},{"floor":5.0,"key":"Explosive Potion"},{"floor":16.0,"key":"Dexterity Potion"},{"floor":18.0,"key":"Regen Potion"},{"floor":25.0,"key":"GamblersBrew"},{"floor":30.0,"key":"Fire Potion"},{"floor":31.0,"key":"EssenceOfSteel"},{"floor":36.0,"key":"AttackPotion"}],"is_trial":false,"path_per_floor":["M","$","M","?","M","R","E","M","T","R","E","$","?","$","R","B",null,"M","?","?","$","?","R","E","M","T","E","R","M","M","E","R","B",null,"M","M","M","M","M"],"character_chosen":"THE_SILENT","items_purchased":["Skewer","Quick Slash","Sucker Punch"],"campfire_rested":3,"item_purchase_floors":[2,12,12],"current_hp_per_floor":[59,59,55,55,55,55,40,40,40,40,34,34,14,14,33,6,51,43,43,43,43,43,43,27,26,26,14,33,28,28,28,47,13,67,45,37,36,3,0],"gold":303,"neow_bonus":"BOSS_RELIC","is_prod":false,"is_daily":false,"chose_seed":false,"campfire_upgraded":3,"win_rate":0,"timestamp":1546753060,"path_taken":["M","?","M","?","M","R","E","?","T","R","E","$","?","?","R","BOSS","M","?","?","$","?","R","E","M","T","E","R","M","M","E","R","BOSS","M","M","M","M","M"],"build_version":"2019-01-03v4","purchased_purges":1,"victory":false,"max_hp_per_floor":[66,66,66,66,66,66,66,66,66,66,66,66,66,66,66,66,66,66,66,66,66,66,66,66,66,66,66,66,66,66,66,66,66,80,80,80,80,80,80],"card_choices":[{"not_picked":[],"picked":"Dagger Spray","floor":1.0},{"not_picked":[],"picked":"Deflect","floor":3.0},{"not_picked":[],"picked":"Outmaneuver","floor":5.0},{"not_picked":[],"picked":"Cloak And Dagger","floor":7.0},{"not_picked":["Prepared"],"picked":"SKIP","floor":8.0},{"not_picked":[],"picked":"Backflip","floor":11.0},{"not_picked":[],"picked":"Doppelganger","floor":16.0},{"not_picked":[],"picked":"Dagger Spray","floor":18.0},{"not_picked":["Dagger Spray"],"picked":"SKIP","floor":24.0},{"not_picked":["Masterful Stab"],"picked":"SKIP","floor":25.0},{"not_picked":[],"picked":"Blade Dance","floor":27.0},{"not_picked":[],"picked":"Deflect","floor":29.0},{"not_picked":[],"picked":"Deflect+1","floor":30.0},{"not_picked":[],"picked":"Storm of Steel","floor":31.0},{"not_picked":[],"picked":"Malaise","floor":33.0},{"not_picked":["Quick Slash"],"picked":"SKIP","floor":35.0},{"not_picked":["Reflex+1"],"picked":"SKIP","floor":36.0},{"not_picked":[],"picked":"Predator","floor":37.0},{"not_picked":[],"picked":"Prepared","floor":38}],"player_experience":3186260,"relics_obtained":[{"floor":7.0,"key":"Sundial"},{"floor":9.0,"key":"Shuriken"},{"floor":11.0,"key":"Gremlin Horn"},{"floor":24.0,"key":"Bottled Flame"},{"floor":26.0,"key":"Bronze Scales"},{"floor":27.0,"key":"Omamori"},{"floor":31.0,"key":"Pocketwatch"},{"floor":34.0,"key":"Art of War"},{"floor":34.0,"key":"Ninja Scroll"},{"floor":34.0,"key":"Mango"}],"event_choices":[{"damage_healed":0.0,"max_hp_gain":0.0,"max_hp_loss":0.0,"gold_gain":0.0,"event_name":"Upgrade Shrine","player_choice":"Upgraded","floor":4.0,"gold_loss":0.0,"damage_taken":0.0,"cards_upgraded":["Skewer"]},{"damage_healed":0.0,"max_hp_gain":0.0,"max_hp_loss":0.0,"gold_gain":0.0,"event_name":"Shining Light","player_choice":"Entered Light","floor":13.0,"gold_loss":0.0,"damage_taken":20.0,"cards_upgraded":["Defend_G","Defend_G"]},{"damage_healed":0.0,"max_hp_gain":0.0,"max_hp_loss":0.0,"gold_gain":0.0,"event_name":"Addict","player_choice":"Obtained Relic","floor":19.0,"gold_loss":85.0,"damage_taken":0.0,"relics_obtained":["Oddly Smooth Stone"]},{"damage_healed":0.0,"max_hp_gain":0.0,"max_hp_loss":0.0,"gold_gain":0.0,"cards_transformed":["Strike_G","Strike_G"],"event_name":"Drug Dealer","player_choice":"Became Test Subject","floor":20.0,"gold_loss":0.0,"damage_taken":0.0,"cards_obtained":["Outmaneuver","Blur"]},{"damage_healed":0.0,"max_hp_gain":0.0,"max_hp_loss":0.0,"gold_gain":0.0,"event_name":"Beggar","player_choice":"Ignored","floor":22.0,"gold_loss":0.0,"damage_taken":0.0}],"is_beta":true,"boss_relics":[{"not_picked":["Black Star","Fusion Hammer"],"picked":"Runic Pyramid"},{"not_picked":["Runic Dome","Empty Cage"],"picked":"Calling Bell"}],"items_purged_floors":[2],"is_endless":false,"potions_floor_spawned":[1,5,16,18,25,30,31,36],"killed_by":"Jaw Worm Horde","ascension_level":20}