{"gold_per_floor":[119,135,146,157,157,188,188,188,188,217,217,33,33,50,50,123,123,135,135,145,156,156,156,181,181,181,211,126,126,126,137,137,208,208,225,225,237,237,30,30,58,73,73,73,105,105,154,154,154,154],"floor_reached":50,"playtime":3616,"items_purged":[],"score":980,"play_id":"86276883-b4ea-4756-8458-1ef5413fa967","local_time":"20190401015409","is_ascension_mode":true,"campfire_choices":[{"floor":7,"key":"REST"},{"data":"Noxious Fumes","floor":11,"key":"SMITH"},{"floor":15,"key":"REST"},{"data":"Malaise","floor":23,"key":"SMITH"},{"data":"Survivor","floor":25,"key":"SMITH"},{"data":"After Image","floor":30,"key":"SMITH"},{"floor":32,"key":"REST"},{"data":"PiercingWail","floor":40,"key":"SMITH"},{"floor":44,"key":"REST"},{"data":"Envenom","floor":46,"key":"SMITH"},{"floor":49,"key":"REST"}],"neow_cost":"NONE","seed_source_timestamp":301860285381814,"circlet_count":0,"master_deck":["AscendersBane","Defend_G","Defend_G+1","Defend_G","Defend_G","Defend_G","Strike_G+1","Strike_G","Survivor+1","Poisoned Stab+1","Backflip","Terror","Cloak And Dagger","Noxious Fumes+1","Noxious Fumes","Envenom+1","Malaise+1","Bouncing Flask+1","Bullet Time+1","Choke+1","PiercingWail+1","Catalyst+1","After Image+1","Acrobatics","Outmaneuver","Night Terror+1","Prepared+1","Crippling Poison+1","Deadly Poison+1","Backflip+1","Dodge and Roll"],"relics":["Ring of the Serpent","NeowsBlessing","Pocketwatch","Turnip","Incense Burner","Snake Skull","Astrolabe","Vajra","Sundial","Molten Egg 2","Gambling Chip","War Paint","TwistedFunnel","Omamori","Blue Candle","Orichalcum","Bag of Marbles"],"potions_floor_usage":[14,27,31,33,33,33,33,50,50],"damage_taken":[{"damage":0,"enemies":"Jaw Worm","floor":1,"turns":1},{"damage":0,"enemies":"2 Louse","floor":2,"turns":1},{"damage":0,"enemies":"Small Slimes","floor":3,"turns":1},{"damage":6,"enemies":"Blue Slaver","floor":4,"turns":4},{"damage":40,"enemies":"3 Sentries","floor":6,"turns":14},{"damage":8,"enemies":"Lagavulin","floor":10,"turns":6},{"damage":1,"enemies":"3 Louse","floor":14,"turns":3},{"damage":18,"enemies":"The Guardian","floor":16,"turns":8},{"damage":1,"enemies":"Spheric Guardian","floor":18,"turns":4},{"damage":1,"enemies":"Shell Parasite","floor":20,"turns":5},{"damage":7,"enemies":"Snecko","floor":21,"turns":4},{"damage":22,"enemies":"Slavers","floor":24,"turns":4},{"damage":2,"enemies":"Gremlin Leader","floor":27,"turns":5},{"damage":3,"enemies":"Colosseum Slavers","floor":29,"turns":4},{"damage":3,"enemies":"Centurion and Healer","floor":31,"turns":6},{"damage":37,"enemies":"Automaton","floor":33,"turns":9},{"damage":2,"enemies":"3 Shapes","floor":35,"turns":5},{"damage":0,"enemies":"Orb Walker","floor":37,"turns":3},{"damage":36,"enemies":"Giant Head","floor":41,"turns":9},{"damage":9,"enemies":"3 Darklings","floor":42,"turns":5},{"damage":0,"enemies":"Nemesis","floor":45,"turns":5},{"damage":53,"enemies":"Awakened One","floor":50,"turns":8}],"seed_played":"-2210581444531055966","potions_obtained":[{"floor":1,"key":"GamblersBrew"},{"floor":6,"key":"GhostInAJar"},{"floor":16,"key":"EntropicBrew"},{"floor":27,"key":"Energy Potion"},{"floor":31,"key":"PowerPotion"},{"floor":37,"key":"Fire Potion"},{"floor":41,"key":"Swift Potion"},{"floor":42,"key":"Weak Potion"}],"is_trial":false,"path_per_floor":["M","M","M","M","?","E","R","?","T","E","R","$","?","M","R","B",null,"M","?","M","M","?","R","E","R","T","E","?","?","R","M","R","B",null,"M","?","M","?","$","R","E","M","T","R","E","R","T","?","R","B"],"character_chosen":"THE_SILENT","items_purchased":["Snake Skull","Noxious Fumes","TwistedFunnel"],"campfire_rested":5,"item_purchase_floors":[12,12,39],"current_hp_per_floor":[63,63,63,57,43,3,24,24,24,16,16,16,16,15,36,18,57,56,49,48,41,64,64,42,42,42,40,40,37,37,34,55,18,57,55,55,55,55,55,55,19,10,10,31,31,31,31,31,52,0],"gold":154,"neow_bonus":"THREE_ENEMY_KILL","is_prod":false,"is_daily":false,"chose_seed":false,"campfire_upgraded":6,"win_rate":0,"timestamp":1554076449,"path_taken":["M","M","M","M","?","E","R","?","T","E","R","$","?","M","R","BOSS","M","?","?","M","?","R","E","R","T","E","?","?","R","M","R","BOSS","M","?","M","?","$","R","E","?","T","R","E","R","?","?","R","BOSS"],"build_version":"2019-03-15","purchased_purges":0,"victory":false,"max_hp_per_floor":[70,70,70,70,70,70,70,70,70,70,70,70,70,70,70,70,70,70,70,70,70,70,70,70,70,70,70,70,70,70,70,70,70,70,70,70,70,70,70,70,70,70,70,70,70,70,70,70,70,70],"card_choices":[{"not_picked":["Heel Hook","Slice"],"picked":"Poisoned Stab","floor":1},{"not_picked":["Poisoned Stab","Skewer"],"picked":"Backflip","floor":2},{"not_picked":["Finisher","Sucker Punch"],"picked":"Terror","floor":3},{"not_picked":["Underhanded Strike","Dagger Throw"],"picked":"Cloak And Dagger","floor":4},{"not_picked":["Heel Hook","Underhanded Strike","Choke"],"picked":"SKIP","floor":6},{"not_picked":["Backflip","Well Laid Plans"],"picked":"Noxious Fumes","floor":10},{"not_picked":["Deadly Poison","Concentrate"],"picked":"Envenom","floor":14},{"not_picked":["Bullet Time","Tools of the Trade"],"picked":"Malaise","floor":16},{"not_picked":["Infinite Blades","Sucker Punch"],"picked":"PiercingWail","floor":18},{"not_picked":["PiercingWail","Prepared"],"picked":"Catalyst+1","floor":20},{"not_picked":["Dagger Spray","Backflip"],"picked":"After Image","floor":21},{"not_picked":["Dagger Spray","Poisoned Stab","Eviscerate"],"picked":"SKIP","floor":24},{"not_picked":["Dodge and Roll","Choke"],"picked":"Acrobatics","floor":27},{"not_picked":["Finisher+1","Bouncing Flask"],"picked":"Outmaneuver","floor":31},{"not_picked":["Tools of the Trade","Phantasmal Killer"],"picked":"Night Terror","floor":33},{"not_picked":["Cloak And Dagger","Acrobatics"],"picked":"Prepared+1","floor":35},{"not_picked":["Expertise","Underhanded Strike+1"],"picked":"Crippling Poison","floor":37},{"not_picked":["Sucker Punch+1","Malaise"],"picked":"Deadly Poison+1","floor":41},{"not_picked":["Dagger Spray+1","Caltrops"],"picked":"Backflip+1","floor":42},{"not_picked":["Bouncing Flask","Heel Hook+1"],"picked":"Dodge and Roll","floor":45}],"player_experience":423339,"relics_obtained":[{"floor":6,"key":"Pocketwatch"},{"floor":9,"key":"Turnip"},{"floor":10,"key":"Incense Burner"},{"floor":24,"key":"Vajra"},{"floor":26,"key":"Sundial"},{"floor":27,"key":"Molten Egg 2"},{"floor":41,"key":"Omamori"},{"floor":43,"key":"Blue Candle"},{"floor":45,"key":"Orichalcum"},{"floor":47,"key":"Bag of Marbles"}],"event_choices":[{"damage_healed":0,"gold_gain":0,"player_choice":"Entered Light","damage_taken":14,"max_hp_gain":0,"max_hp_loss":0,"event_name":"Shining Light","floor":5,"gold_loss":0,"cards_upgraded":["Defend_G","Strike_G"]},{"damage_healed":0,"gold_gain":0,"player_choice":"Grow","damage_taken":0,"max_hp_gain":0,"max_hp_loss":0,"event_name":"Living Wall","floor":8,"gold_loss":0,"cards_upgraded":["Poisoned Stab"]},{"damage_healed":0,"gold_gain":0,"player_choice":"Leave","damage_taken":0,"max_hp_gain":0,"max_hp_loss":0,"event_name":"The Cleric","floor":13,"gold_loss":0},{"damage_healed":0,"gold_gain":0,"player_choice":"Damaged","damage_taken":7,"max_hp_gain":0,"max_hp_loss":0,"event_name":"Wheel of Change","floor":19,"gold_loss":0},{"damage_healed":23,"gold_gain":0,"player_choice":"Heal","damage_taken":0,"max_hp_gain":0,"max_hp_loss":0,"event_name":"The Library","floor":22,"gold_loss":0},{"damage_healed":0,"gold_gain":0,"player_choice":"Obtained Relic","damage_taken":0,"relics_obtained":["Gambling Chip"],"max_hp_gain":0,"max_hp_loss":0,"event_name":"Addict","floor":28,"gold_loss":85},{"damage_healed":0,"gold_gain":0,"player_choice":"Fight","damage_taken":0,"max_hp_gain":0,"max_hp_loss":0,"event_name":"Colosseum","floor":29,"gold_loss":0},{"damage_healed":0,"gold_gain":0,"player_choice":"Fled From Nobs","damage_taken":0,"max_hp_gain":0,"max_hp_loss":0,"event_name":"Colosseum","floor":29,"gold_loss":0},{"cards_removed":["Neutralize"],"damage_healed":0,"gold_gain":0,"player_choice":"Removed Attack","damage_taken":0,"max_hp_gain":0,"max_hp_loss":0,"event_name":"Falling","floor":36,"gold_loss":0},{"damage_healed":0,"gold_gain":0,"player_choice":"Gave Potion","damage_taken":0,"relics_obtained":["War Paint"],"max_hp_gain":0,"max_hp_loss":0,"event_name":"WeMeetAgain","floor":38,"gold_loss":0},{"damage_healed":0,"gold_gain":0,"player_choice":"Ignored","damage_taken":0,"max_hp_gain":0,"max_hp_loss":0,"event_name":"Mysterious Sphere","floor":48,"gold_loss":0}],"is_beta":true,"boss_relics":[{"not_picked":["Pandora\u0027s Box","Eternal Feather"],"picked":"Astrolabe"},{"not_picked":["White Beast Statue","Black Star"],"picked":"Ring of the Serpent"}],"items_purged_floors":[],"is_endless":false,"potions_floor_spawned":[1,6,16,20,24,27,31,37,41,42],"killed_by":"Awakened One","ascension_level":13}