{"gold_per_floor":[410,38,38,38,38,38,66,14,14,30,30,50,63,81,81,183,183,203,203,16,33,46,46,81,81,81,81,101,133,33,50,50,154,154,164,164,92,109,109,136,136,185,209,209,23,23,23,33,33,33],"floor_reached":50,"playtime":3763,"items_purged":["Strike_G","Pain"],"score":607,"play_id":"e2bab405-3ea0-413f-8682-0a561b416d46","local_time":"20190314003128","is_ascension_mode":true,"campfire_choices":[{"data":"Neutralize","floor":6,"key":"SMITH"},{"data":"Sucker Punch","floor":11,"key":"SMITH"},{"floor":15,"key":"REST"},{"data":"Deadly Poison","floor":23,"key":"SMITH"},{"floor":27,"key":"REST"},{"floor":32,"key":"REST"},{"floor":41,"key":"REST"},{"floor":44,"key":"REST"},{"data":"Clumsy","floor":49,"key":"PURGE"}],"neow_cost":"TEN_PERCENT_HP_LOSS","seed_source_timestamp":333143358702390,"circlet_count":0,"master_deck":["Defend_G+1","Defend_G+1","Defend_G+1","Defend_G+1","Defend_G+1","Strike_G+1","Strike_G+1","Strike_G+1","Strike_G+1","Survivor+1","Neutralize+1","Acrobatics+1","PiercingWail+1","Sucker Punch+1","Acrobatics+1","Corpse Explosion+1","Blur+1","After Image+1","Dagger Spray+1","Malaise+1","Backflip+1","Deadly Poison+1","Catalyst+1","Necronomicurse","Dodge and Roll+1","Riddle With Holes+1","Expertise+1","Envenom+1","Riddle With Holes+1","Dagger Spray+1","Backflip+1","Poisoned Stab+1","Apotheosis+1","Discovery","Prepared+1"],"relics":["Ring of the Snake","Old Coin","MealTicket","Torii","Juzu Bracelet","Bottled Flame","Cursed Key","Gremlin Horn","Necronomicon","Blue Candle","Peace Pipe","Fusion Hammer","Anchor","Pocketwatch","Blood Vial","Mark of the Bloom"],"potions_floor_usage":[7,7,13,14,18,31,33,40,40],"damage_taken":[{"damage":2,"enemies":"2 Louse","floor":1,"turns":3},{"damage":47,"enemies":"Lagavulin","floor":7,"turns":11},{"damage":0,"enemies":"Small Slimes","floor":10,"turns":4},{"damage":0,"enemies":"Jaw Worm","floor":12,"turns":4},{"damage":1,"enemies":"2 Fungi Beasts","floor":13,"turns":3},{"damage":0,"enemies":"Exordium Wildlife","floor":14,"turns":2},{"damage":29,"enemies":"The Guardian","floor":16,"turns":16},{"damage":3,"enemies":"Shell Parasite","floor":18,"turns":6},{"damage":1,"enemies":"Spheric Guardian","floor":21,"turns":9},{"damage":2,"enemies":"Snecko","floor":22,"turns":8},{"damage":28,"enemies":"Gremlin Leader","floor":24,"turns":7},{"damage":5,"enemies":"Centurion and Healer","floor":28,"turns":5},{"damage":9,"enemies":"Book of Stabbing","floor":29,"turns":8},{"damage":1,"enemies":"Snake Plant","floor":31,"turns":3},{"damage":10,"enemies":"Automaton","floor":33,"turns":12},{"damage":0,"enemies":"3 Shapes","floor":35,"turns":4},{"damage":1,"enemies":"Orb Walker","floor":38,"turns":3},{"damage":41,"enemies":"Giant Head","floor":40,"turns":7},{"damage":30,"enemies":"2 Orb Walkers","floor":42,"turns":4},{"damage":9,"enemies":"Sphere and 2 Shapes","floor":48,"turns":5},{"damage":40,"enemies":"Time Eater","floor":50,"turns":5}],"seed_played":"1236907359055561992","potions_obtained":[{"floor":1,"key":"Swift Potion"},{"floor":12,"key":"Poison Potion"},{"floor":13,"key":"Fire Potion"},{"floor":16,"key":"Fire Potion"},{"floor":22,"key":"SteroidPotion"},{"floor":29,"key":"Block Potion"},{"floor":31,"key":"SkillPotion"},{"floor":38,"key":"Strength Potion"},{"floor":48,"key":"SmokeBomb"}],"is_trial":false,"path_per_floor":["M","$","?","$","?","R","E","$","T","M","R","M","M","M","R","B",null,"M","?","$","M","M","R","E","?","T","R","M","E","$","M","R","B",null,"M","?","$","M","?","E","R","?","T","R","$","?","?","M","R","B"],"character_chosen":"THE_SILENT","items_purchased":["PiercingWail","MealTicket","SkillPotion","Sucker Punch","Malaise","Backflip","Riddle With Holes","Apotheosis"],"campfire_rested":5,"item_purchase_floors":[2,2,2,8,20,20,37,45],"current_hp_per_floor":[61,61,54,63,50,50,3,18,18,18,18,18,17,17,35,6,63,60,60,63,62,60,60,32,16,16,34,29,20,20,19,37,27,63,63,63,63,62,60,19,37,7,7,25,40,40,40,31,31,0],"gold":33,"neow_bonus":"ONE_RARE_RELIC","is_prod":false,"is_daily":false,"chose_seed":false,"campfire_upgraded":3,"win_rate":0,"timestamp":1552519888,"path_taken":["M","$","?","$","?","R","E","$","T","M","R","M","M","M","R","BOSS","M","?","$","M","M","R","E","?","T","R","M","E","?","M","R","BOSS","M","?","$","M","?","E","R","?","T","R","$","?","?","M","R","BOSS"],"build_version":"2019-02-06","purchased_purges":2,"victory":false,"max_hp_per_floor":[63,63,63,63,63,63,63,63,63,63,63,63,63,63,63,63,63,63,63,63,63,63,63,63,63,63,63,63,63,63,63,63,63,63,63,63,63,63,60,60,60,60,60,60,60,60,60,60,60,60],"card_choices":[{"not_picked":["Concentrate","Deadly Poison"],"picked":"Acrobatics","floor":1},{"not_picked":["Distraction","Reflex","Concentrate"],"picked":"SKIP","floor":7},{"not_picked":["Tactician","Setup"],"picked":"Acrobatics","floor":10},{"not_picked":["Deadly Poison","Underhanded Strike"],"picked":"Corpse Explosion","floor":12},{"not_picked":["Sucker Punch","Flying Knee"],"picked":"Blur","floor":13},{"not_picked":["Blur","Accuracy","Flying Knee"],"picked":"SKIP","floor":14},{"not_picked":["Adrenaline","Wraith Form v2"],"picked":"After Image","floor":16},{"not_picked":["Accuracy","Dagger Throw"],"picked":"Dagger Spray","floor":18},{"not_picked":["Dodge and Roll","Backflip"],"picked":"Deadly Poison","floor":21},{"not_picked":["Flying Knee","Outmaneuver","Expertise"],"picked":"SKIP","floor":22},{"not_picked":["Deadly Poison","Eviscerate"],"picked":"Catalyst","floor":24},{"not_picked":["Storm of Steel","Poisoned Stab"],"picked":"Dodge and Roll","floor":28},{"not_picked":["Dagger Spray","Tools of the Trade"],"picked":"Riddle With Holes","floor":29},{"not_picked":["Underhanded Strike","Outmaneuver"],"picked":"Expertise+1","floor":31},{"not_picked":["Grand Finale","Adrenaline"],"picked":"Envenom","floor":33},{"not_picked":["Acrobatics+1","Blade Dance","Setup+1"],"picked":"SKIP","floor":35},{"not_picked":["Prepared+1","Setup"],"picked":"Dagger Spray+1","floor":38},{"not_picked":["Dodge and Roll+1","Flying Knee+1"],"picked":"Backflip","floor":40},{"not_picked":["Choke","Backflip"],"picked":"Poisoned Stab+1","floor":42},{"not_picked":["PanicButton","Secret Weapon"],"picked":"Discovery","floor":47},{"not_picked":["Flechettes","Dagger Spray"],"picked":"Prepared+1","floor":48}],"player_experience":261364,"relics_obtained":[{"floor":7,"key":"Juzu Bracelet"},{"floor":9,"key":"Bottled Flame"},{"floor":24,"key":"Gremlin Horn"},{"floor":25,"key":"Necronomicon"},{"floor":26,"key":"Blue Candle"},{"floor":29,"key":"Peace Pipe"},{"floor":40,"key":"Anchor"},{"floor":42,"key":"Pocketwatch"},{"floor":43,"key":"Blood Vial"}],"event_choices":[{"damage_healed":0,"gold_gain":0,"player_choice":"Success","damage_taken":7,"relics_obtained":["Torii"],"max_hp_gain":0,"max_hp_loss":0,"event_name":"Scrap Ooze","floor":3,"gold_loss":0},{"damage_healed":0,"gold_gain":0,"player_choice":"Entered Light","damage_taken":13,"max_hp_gain":0,"max_hp_loss":0,"event_name":"Shining Light","floor":5,"gold_loss":0,"cards_upgraded":["Defend_G","Strike_G"]},{"damage_healed":0,"gold_gain":0,"player_choice":"Simplicity","damage_taken":0,"max_hp_gain":0,"max_hp_loss":0,"event_name":"Back to Basics","floor":19,"gold_loss":0,"cards_upgraded":["Defend_G","Defend_G","Defend_G","Defend_G","Strike_G","Strike_G","Strike_G"]},{"damage_healed":0,"gold_gain":0,"player_choice":"Obtained Book","damage_taken":16,"max_hp_gain":0,"max_hp_loss":0,"event_name":"Cursed Tome","floor":25,"gold_loss":0},{"damage_healed":0,"gold_gain":0,"player_choice":"Ignored","damage_taken":0,"max_hp_gain":0,"max_hp_loss":0,"event_name":"SecretPortal","floor":36,"gold_loss":0},{"damage_healed":0,"gold_gain":0,"player_choice":"Max HP","damage_taken":0,"max_hp_gain":0,"max_hp_loss":3,"event_name":"Winding Halls","floor":39,"gold_loss":0},{"damage_healed":0,"gold_gain":0,"player_choice":"Fight","damage_taken":0,"max_hp_gain":0,"max_hp_loss":0,"event_name":"Mysterious Sphere","floor":42,"gold_loss":0},{"damage_healed":0,"gold_gain":0,"player_choice":"Upgrade","damage_taken":0,"relics_obtained":["Mark of the Bloom"],"max_hp_gain":0,"max_hp_loss":0,"event_name":"MindBloom","floor":46,"gold_loss":0,"cards_upgraded":["Survivor","Acrobatics","PiercingWail","Acrobatics","Corpse Explosion","Blur","After Image","Dagger Spray","Malaise","Backflip","Catalyst","Dodge and Roll","Riddle With Holes","Envenom","Riddle With Holes","Backflip","Apotheosis"]},{"damage_healed":0,"gold_gain":0,"player_choice":"Memory 1","damage_taken":0,"max_hp_gain":0,"max_hp_loss":0,"event_name":"SensoryStone","floor":47,"gold_loss":0}],"is_beta":true,"boss_relics":[{"not_picked":["Runic Dome","Black Star"],"picked":"Cursed Key"},{"not_picked":["Astrolabe","Orrery"],"picked":"Fusion Hammer"}],"items_purged_floors":[2,30],"is_endless":false,"potions_floor_spawned":[1,12,13,16,22,29,31,38,48],"killed_by":"Time Eater","ascension_level":3}