{"gold_per_floor":[119,119,139,157,332,332,332,342,342,356,281,88,108,122,122,122],"floor_reached":16,"playtime":878,"items_purged":["Doubt"],"score":160,"play_id":"a2c9e9dc-f6de-4bea-bc1c-d28333f13664","local_time":"20190122175932","is_ascension_mode":true,"campfire_choices":[{"data":"Crippling Poison","floor":7,"key":"SMITH"},{"data":"Self Repair","floor":15,"key":"SMITH"}],"neow_cost":"NONE","seed_source_timestamp":92122042266581,"circlet_count":0,"master_deck":["AscendersBane","Defend_G","Defend_G","Defend_G","Defend_G","Defend_G","Strike_G+1","Strike_G","Strike_G","Strike_G+1","Strike_G","Survivor","Neutralize","Crippling Poison+1","Dash+1","Cloak And Dagger","Blur","Self Repair+1"],"relics":["Ring of the Snake","Pantograph","PrismaticShard"],"potions_floor_usage":[16],"damage_taken":[{"damage":0,"enemies":"Jaw Worm","floor":1,"turns":5},{"damage":1,"enemies":"Small Slimes","floor":3,"turns":4},{"damage":0,"enemies":"Cultist","floor":4,"turns":4},{"damage":5,"enemies":"Lots of Slimes","floor":8,"turns":4},{"damage":5,"enemies":"Exordium Wildlife","floor":10,"turns":4},{"damage":1,"enemies":"Blue Slaver","floor":13,"turns":4},{"damage":2,"enemies":"2 Fungi Beasts","floor":14,"turns":2},{"damage":65,"enemies":"Slime Boss","floor":16,"turns":10}],"seed_played":"-8834458420687734518","potions_obtained":[{"floor":3,"key":"SpeedPotion"},{"floor":10,"key":"SkillPotion"}],"is_trial":false,"path_per_floor":["M","?","M","M","?","?","R","M","T","M","$","$","M","M","R","B"],"character_chosen":"THE_SILENT","items_purchased":["PrismaticShard"],"campfire_rested":0,"item_purchase_floors":[12],"current_hp_per_floor":[65,51,50,50,50,50,50,45,45,40,40,40,39,37,37,0],"gold":122,"neow_bonus":"TEN_PERCENT_HP_BONUS","is_prod":false,"is_daily":false,"chose_seed":false,"campfire_upgraded":2,"win_rate":0,"timestamp":1548197972,"path_taken":["M","?","M","M","?","?","R","?","T","M","?","$","M","M","R","BOSS"],"build_version":"2019-01-17v2","purchased_purges":1,"victory":false,"max_hp_per_floor":[72,72,72,72,72,72,72,72,72,72,72,72,72,72,72,72],"card_choices":[{"not_picked":["Backflip","Poisoned Stab"],"picked":"Crippling Poison","floor":1},{"not_picked":["Deadly Poison","Underhanded Strike","Setup"],"picked":"SKIP","floor":3},{"not_picked":["PiercingWail","Poisoned Stab"],"picked":"Dash","floor":4},{"not_picked":["Dagger Spray","Blade Dance"],"picked":"Cloak And Dagger","floor":8},{"not_picked":["Outmaneuver","PiercingWail"],"picked":"Blur","floor":10},{"not_picked":["Cleave","Rebound","Tactician"],"picked":"SKIP","floor":13},{"not_picked":["Rebound","Grand Finale"],"picked":"Self Repair","floor":14}],"player_experience":277659,"relics_obtained":[{"floor":9,"key":"Pantograph"}],"event_choices":[{"damage_healed":0,"gold_gain":0,"player_choice":"Entered Light","damage_taken":14,"max_hp_gain":0,"max_hp_loss":0,"event_name":"Shining Light","floor":2,"gold_loss":0,"cards_upgraded":["Strike_G","Strike_G"]},{"damage_healed":0,"gold_gain":175,"player_choice":"AGREE","damage_taken":0,"max_hp_gain":0,"max_hp_loss":0,"event_name":"Liars Game","floor":5,"gold_loss":0,"cards_obtained":["Doubt"]},{"damage_healed":0,"gold_gain":0,"player_choice":"Upgraded","damage_taken":0,"max_hp_gain":0,"max_hp_loss":0,"event_name":"Upgrade Shrine","floor":6,"gold_loss":0,"cards_upgraded":["Dash"]}],"is_beta":false,"boss_relics":[],"items_purged_floors":[11],"is_endless":false,"potions_floor_spawned":[3,10,13],"killed_by":"Slime Boss","ascension_level":14}