{"gold_per_floor":[116,129,129,148,148,148,48,48,48,48,88,88,88,37,37,162,162,183,201,201,34,49,49,62,85,111,111,131,131,131,167,167,167],"floor_reached":33,"playtime":2089,"items_purged":["Regret","Strike_R"],"score":424,"play_id":"2eaec65f-7f94-4b9e-9915-108247b2bee1","local_time":"20190311161600","is_ascension_mode":true,"campfire_choices":[{"data":"Bash","floor":6,"key":"SMITH"},{"data":"Armaments","floor":8,"key":"SMITH"},{"data":"Clothesline","floor":10,"key":"SMITH"},{"floor":15,"key":"REST"},{"data":"Disarm","floor":23,"key":"SMITH"},{"data":"Disarm","floor":27,"key":"SMITH"},{"floor":29,"key":"REST"},{"floor":32,"key":"REST"}],"neow_cost":"TEN_PERCENT_HP_LOSS","seed_source_timestamp":132290322598267,"circlet_count":0,"master_deck":["AscendersBane","Strike_R","Strike_R","Strike_R","Strike_R","Defend_R","Defend_R","Defend_R","Defend_R","Bash+1","Wild Strike","Clothesline+1","Pommel Strike","Armaments+1","Spot Weakness+1","Offering","Immolate","Headbutt","Rampage","Ghostly Armor","Havoc","Disarm+1","Disarm+1","Spot Weakness","Inflame+1","Disarm"],"relics":["Burning Blood","Champion Belt","Question Card","Golden Idol","Mercury Hourglass","Blue Candle","Meat on the Bone","Orrery","Orichalcum","Bottled Flame"],"potions_floor_usage":[11,16,16,19,19,25,30],"damage_taken":[{"damage":0,"enemies":"2 Louse","floor":1,"turns":3},{"damage":6,"enemies":"Jaw Worm","floor":2,"turns":3},{"damage":3,"enemies":"Cultist","floor":4,"turns":2},{"damage":18,"enemies":"Lagavulin","floor":11,"turns":6},{"damage":21,"enemies":"The Guardian","floor":16,"turns":9},{"damage":30,"enemies":"Spheric Guardian","floor":18,"turns":4},{"damage":28,"enemies":"2 Thieves","floor":19,"turns":3},{"damage":25,"enemies":"Snecko","floor":22,"turns":5},{"damage":18,"enemies":"Snake Plant","floor":24,"turns":4},{"damage":22,"enemies":"3 Cultists","floor":25,"turns":4},{"damage":26,"enemies":"Cultist and Chosen","floor":28,"turns":5},{"damage":0,"enemies":"Snake Plant","floor":30,"turns":2},{"damage":9,"enemies":"Book of Stabbing","floor":31,"turns":6},{"damage":93,"enemies":"Automaton","floor":33,"turns":6}],"seed_played":"-8389434986305047229","potions_obtained":[{"floor":2,"key":"SkillPotion"},{"floor":11,"key":"Dexterity Potion"},{"floor":16,"key":"Poison Potion"},{"floor":18,"key":"Swift Potion"},{"floor":22,"key":"SmokeBomb"},{"floor":24,"key":"GamblersBrew"}],"is_trial":false,"path_per_floor":["M","M","?","M","?","R","$","R","T","R","E","?","T","$","R","B",null,"M","M","$","$","M","R","M","M","T","R","M","R","M","E","R","B"],"character_chosen":"IRONCLAD","items_purchased":["Armaments","Strength Potion","Disarm"],"campfire_rested":3,"item_purchase_floors":[7,14,21],"current_hp_per_floor":[72,72,72,72,54,54,54,54,54,54,42,42,42,42,63,48,66,54,44,44,44,37,37,37,33,33,33,25,46,52,49,70,0],"gold":167,"neow_bonus":"ONE_RARE_RELIC","is_prod":false,"is_daily":false,"chose_seed":false,"campfire_upgraded":5,"win_rate":0,"timestamp":1552317360,"path_taken":["M","M","?","M","?","R","$","R","T","R","E","?","?","$","R","BOSS","M","M","?","$","M","R","?","M","T","R","M","R","M","E","R","BOSS"],"build_version":"2019-02-06","purchased_purges":2,"victory":false,"max_hp_per_floor":[72,72,72,72,72,72,72,72,72,72,72,72,72,72,72,72,72,72,72,72,72,72,72,72,72,72,72,72,72,72,72,72,72],"card_choices":[{"not_picked":["Twin Strike","Cleave"],"picked":"Wild Strike","floor":1},{"not_picked":["Rupture","Reckless Charge"],"picked":"Clothesline","floor":2},{"not_picked":["Burning Pact","Berserk","Havoc"],"picked":"Pommel Strike","floor":4},{"not_picked":["Corruption","Body Slam","Fire Breathing"],"picked":"Spot Weakness","floor":11},{"not_picked":["Bludgeon","Barricade","Feed"],"picked":"Offering","floor":16},{"not_picked":["Iron Wave","Body Slam","Wild Strike"],"picked":"Immolate","floor":17},{"not_picked":["Iron Wave","Perfected Strike","Havoc"],"picked":"Headbutt","floor":17},{"not_picked":["Anger","Hemokinesis","Warcry"],"picked":"Rampage","floor":17},{"not_picked":["Rampage","Cleave","Warcry"],"picked":"Ghostly Armor","floor":18},{"not_picked":["Hemokinesis","Headbutt","Armaments"],"picked":"Havoc","floor":19},{"not_picked":["Metallicize","Juggernaut","Pommel Strike"],"picked":"Disarm","floor":22},{"not_picked":["Searing Blow","True Grit","Sever Soul"],"picked":"Spot Weakness","floor":24},{"not_picked":["Body Slam","Perfected Strike","Twin Strike","Anger"],"picked":"SKIP","floor":25},{"not_picked":["Offering","Clothesline","Intimidate"],"picked":"Inflame+1","floor":28},{"not_picked":["Dual Wield","Clash","Dropkick"],"picked":"Disarm","floor":31}],"player_experience":165598,"relics_obtained":[{"floor":9,"key":"Mercury Hourglass"},{"floor":11,"key":"Blue Candle"},{"floor":13,"key":"Meat on the Bone"},{"floor":26,"key":"Orichalcum"},{"floor":31,"key":"Bottled Flame"}],"event_choices":[{"damage_healed":0,"gold_gain":0,"player_choice":"Box","damage_taken":0,"relics_obtained":["Question Card"],"max_hp_gain":0,"max_hp_loss":0,"event_name":"Big Fish","floor":3,"gold_loss":0,"cards_obtained":["Regret"]},{"damage_healed":0,"gold_gain":0,"player_choice":"Take Damage","damage_taken":18,"relics_obtained":["Golden Idol"],"max_hp_gain":0,"max_hp_loss":0,"event_name":"Golden Idol","floor":5,"gold_loss":0},{"damage_healed":0,"gold_gain":0,"player_choice":"Grow","damage_taken":0,"max_hp_gain":0,"max_hp_loss":0,"event_name":"Living Wall","floor":12,"gold_loss":0,"cards_upgraded":["Spot Weakness"]}],"is_beta":true,"boss_relics":[{"not_picked":["Empty Cage","Black Star"],"picked":"Orrery"}],"items_purged_floors":[7,21],"is_endless":false,"potions_floor_spawned":[2,11,16,18,22,24],"killed_by":"Automaton","ascension_level":12}