{"gold_per_floor":[110,35,51,68,82,117,117,117],"floor_reached":8,"playtime":963,"items_purged":[],"score":116,"play_id":"9e2f61a6-6ab9-4202-8f2c-911e7621b7c0","local_time":"20190718083023","is_ascension_mode":true,"campfire_choices":[{"data":"1","floor":7.0,"key":"LIFT"}],"neow_cost":"TEN_PERCENT_HP_LOSS","seed_source_timestamp":2101260736461300,"circlet_count":0,"master_deck":["AscendersBane","Strike_G","Strike_G","Strike_G","Strike_G","Defend_G","Defend_G","Defend_G","Defend_G","Defend_G","Survivor","Neutralize","Adrenaline","Flechettes","Dagger Spray","Noxious Fumes","Deflect","Endless Agony"],"special_seed":0,"relics":["Ring of the Snake","Girya"],"potions_floor_usage":[8],"damage_taken":[{"damage":6.0,"enemies":"Jaw Worm","floor":1.0,"turns":6.0},{"damage":0.0,"enemies":"2 Louse","floor":3.0,"turns":3.0},{"damage":2.0,"enemies":"Small Slimes","floor":4.0,"turns":4.0},{"damage":10.0,"enemies":"Exordium Thugs","floor":5.0,"turns":5.0},{"damage":12.0,"enemies":"3 Sentries","floor":6.0,"turns":6.0},{"damage":31,"enemies":"Gremlin Nob","floor":8,"turns":3}],"seed_played":"-6960927803363553904","potions_obtained":[{"floor":4.0,"key":"GamblersBrew"},{"floor":5.0,"key":"SkillPotion"}],"is_trial":false,"path_per_floor":["M","?","M","M","M","E","R","E"],"character_chosen":"THE_SILENT","items_purchased":[],"campfire_rested":0,"item_purchase_floors":[],"current_hp_per_floor":[53,53,53,51,41,29,29,0],"gold":117,"neow_bonus":"THREE_RARE_CARDS","is_prod":false,"is_daily":false,"chose_seed":false,"campfire_upgraded":0,"win_rate":0,"timestamp":1563463823,"path_taken":["M","?","M","M","M","E","R","E"],"build_version":"2019-07-10","purchased_purges":0,"victory":false,"max_hp_per_floor":[60,60,60,60,60,60,60,60],"card_choices":[{"not_picked":["Unload","Wraith Form v2"],"picked":"Adrenaline","floor":0.0},{"not_picked":["Acrobatics","Masterful Stab"],"picked":"Flechettes","floor":1.0},{"not_picked":["Acrobatics","Prepared"],"picked":"Dagger Spray","floor":3.0},{"not_picked":["Acrobatics","Dagger Spray"],"picked":"Noxious Fumes","floor":4.0},{"not_picked":["Concentrate","Slice"],"picked":"Deflect","floor":5.0},{"not_picked":["Deadly Poison","Sucker Punch"],"picked":"Endless Agony","floor":6.0}],"player_experience":3478311,"relics_obtained":[{"floor":6.0,"key":"Girya"}],"event_choices":[{"cards_removed":["Strike_G"],"damage_healed":0.0,"max_hp_gain":0.0,"max_hp_loss":0.0,"gold_gain":0.0,"event_name":"The Cleric","player_choice":"Card Removal","floor":2.0,"gold_loss":75.0,"damage_taken":0.0}],"is_beta":true,"boss_relics":[],"items_purged_floors":[],"is_endless":false,"potions_floor_spawned":[4,5],"killed_by":"Gremlin Nob","ascension_level":20}