{"gold_per_floor":[110,124,124,136,211,211,211,211,241,261,276,310,329,83,83,182,182,193,193,217,227,261,261,275,229,229,194,212,224,240,259,259,364,364,381,397,397,413,141,141,153,153,153,153,167,167],"floor_reached":46,"playtime":5751,"items_purged":[],"score":494,"play_id":"4d862101-d340-4ca5-93b2-a22540133d3c","local_time":"20180715164743","is_ascension_mode":true,"campfire_choices":[{"data":"Pommel Strike","floor":6,"key":"SMITH"},{"floor":8,"key":"REST"},{"data":"Flex","floor":15,"key":"SMITH"},{"floor":23,"key":"REST"},{"floor":32,"key":"REST"},{"floor":40,"key":"REST"},{"floor":42,"key":"REST"},{"floor":44,"key":"REST"}],"neow_cost":"NONE","seed_source_timestamp":10620125514217,"circlet_count":0,"master_deck":["Bash+1","Headbutt+1","Twin Strike+1","Pommel Strike+1","Anger+1","Clothesline","Cleave","Spot Weakness","Shrug It Off","Flex+1","Brutality","Pommel Strike","Inflame","Pommel Strike+1","Shrug It Off+1","Feel No Pain+1","Combust+1","Disarm","Shrug It Off+1","Dark Embrace+1","Headbutt","Searing Blow","Pommel Strike","Reckless Charge","Perfected Strike","Anger","Flame Barrier","Fire Breathing+1","Corruption+1","Thunderclap+1","Iron Wave","True Grit"],"relics":["Burning Blood","Tiny Chest","Centennial Puzzle","ClockworkSouvenir","Empty Cage","Whetstone","Red Mask","Frozen Egg 2","Pandora\u0027s Box","War Paint","Red Skull","Du-Vu Doll"],"potions_floor_usage":[12,16,22,29,33,33,33,38,38,41,46],"damage_taken":[{"damage":1,"enemies":"Cultist","floor":1,"turns":3},{"damage":3,"enemies":"2 Louse","floor":2,"turns":3},{"damage":12,"enemies":"Jaw Worm","floor":4,"turns":3},{"damage":3,"enemies":"Blue Slaver","floor":10,"turns":2},{"damage":4,"enemies":"2 Fungi Beasts","floor":11,"turns":4},{"damage":10,"enemies":"Gremlin Nob","floor":12,"turns":3},{"damage":0,"enemies":"Exordium Wildlife","floor":13,"turns":2},{"damage":27,"enemies":"Hexaghost","floor":16,"turns":7},{"damage":17,"enemies":"3 Byrds","floor":18,"turns":4},{"damage":22,"enemies":"2 Thieves","floor":21,"turns":3},{"damage":22,"floor":22,"turns":3},{"damage":17,"enemies":"Snecko","floor":24,"turns":4},{"damage":14,"enemies":"Centurion and Healer","floor":28,"turns":4},{"damage":19,"enemies":"Snake Plant","floor":29,"turns":4},{"damage":18,"enemies":"Cultist and Chosen","floor":30,"turns":5},{"damage":10,"enemies":"Chosen and Byrds","floor":31,"turns":3},{"damage":43,"enemies":"Collector","floor":33,"turns":8},{"damage":24,"enemies":"Flame Bruiser 1 Orb","floor":35,"turns":5},{"damage":17,"enemies":"Orb Walker","floor":36,"turns":3},{"damage":53,"enemies":"Maw","floor":38,"turns":6},{"damage":29,"enemies":"4 Shapes","floor":41,"turns":5},{"damage":28,"enemies":"Spire Growth","floor":45,"turns":5},{"damage":52,"enemies":"Nemesis","floor":46,"turns":4}],"seed_played":"-8125124715300094484","potions_obtained":[{"floor":1,"key":"Weak Potion"},{"floor":3,"key":"Ancient Potion"},{"floor":3,"key":"BloodPotion"},{"floor":11,"key":"AttackPotion"},{"floor":13,"key":"Block Potion"},{"floor":18,"key":"LiquidBronze"},{"floor":28,"key":"Explosive Potion"},{"floor":30,"key":"FearPotion"},{"floor":31,"key":"Fire Potion"},{"floor":33,"key":"PowerPotion"},{"floor":36,"key":"BloodPotion"},{"floor":38,"key":"LiquidBronze"}],"is_trial":false,"path_per_floor":["M","M","?","M","?","R","?","R","T","M","M","E","M","$","R","B",null,"M","?","T","M","?","R","M","$","T","$","M","M","M","M","R","B",null,"M","M","T","M","$","R","M","R","T","R","M"],"character_chosen":"IRONCLAD","items_purchased":["ClockworkSouvenir","Flex","Shrug It Off","Feel No Pain+1","Red Skull","Iron Wave","True Grit","Dexterity Potion"],"campfire_rested":6,"item_purchase_floors":[14,14,25,27,39,39,39,39],"current_hp_per_floor":[80,80,80,74,63,63,47,71,71,74,76,72,78,78,78,57,80,69,69,69,53,45,69,58,58,58,58,50,37,25,21,45,8,80,62,51,51,12,12,36,13,37,37,61,39,0],"gold":167,"neow_bonus":"THREE_CARDS","is_prod":false,"is_daily":false,"chose_seed":false,"campfire_upgraded":2,"win_rate":0,"timestamp":1531698463,"path_taken":["M","?","?","?","?","R","?","R","T","M","M","E","M","?","R","BOSS","M","?","?","?","?","R","M","?","T","$","M","?","M","M","R","BOSS","M","M","?","?","$","R","M","R","T","R","M","E"],"build_version":"2018-07-12","purchased_purges":0,"victory":false,"max_hp_per_floor":[80,80,80,80,80,80,80,80,80,80,80,80,80,80,80,80,80,80,80,80,80,80,80,80,80,80,80,80,80,80,80,80,80,80,80,80,80,80,80,80,80,80,80,80,80,80],"card_choices":[{"not_picked":["Cleave","Pommel Strike"],"picked":"Headbutt","floor":0},{"not_picked":["Perfected Strike","Intimidate"],"picked":"Twin Strike","floor":1},{"not_picked":["Clash","Heavy Blade"],"picked":"Pommel Strike","floor":2},{"not_picked":["Iron Wave","Sword Boomerang"],"picked":"Anger","floor":4},{"not_picked":["Thunderclap","True Grit"],"picked":"Clothesline","floor":10},{"not_picked":["Armaments","Clothesline"],"picked":"Cleave","floor":11},{"not_picked":["Double Tap","Clash"],"picked":"Spot Weakness","floor":12},{"not_picked":["Anger","Heavy Blade"],"picked":"Shrug It Off","floor":13},{"not_picked":["Fiend Fire","Immolate"],"picked":"Brutality","floor":16},{"not_picked":["Clash+1","Flex","Dual Wield+1"],"picked":"SKIP","floor":18},{"not_picked":["Cleave+1","Whirlwind"],"picked":"Pommel Strike","floor":21},{"not_picked":["Shockwave","Body Slam+1"],"picked":"Inflame","floor":22},{"not_picked":["Fire Breathing","Rage"],"picked":"Pommel Strike+1","floor":24},{"not_picked":["Warcry+1","Reaper"],"picked":"Combust+1","floor":28},{"not_picked":["Armaments","Heavy Blade","Battle Trance"],"picked":"SKIP","floor":29},{"not_picked":["Anger","Rampage"],"picked":"Disarm","floor":30},{"not_picked":["Flame Barrier","Evolve+1"],"picked":"Shrug It Off","floor":31},{"not_picked":["Juggernaut+1","Fiend Fire"],"picked":"Dark Embrace+1","floor":33},{"not_picked":["Flex+1","Anger+1"],"picked":"Fire Breathing+1","floor":35},{"not_picked":["Sword Boomerang+1","Blood for Blood"],"picked":"Corruption+1","floor":36},{"not_picked":["Feel No Pain+1","Evolve+1"],"picked":"Thunderclap+1","floor":38},{"not_picked":["Flex+1","Perfected Strike+1","Sword Boomerang"],"picked":"SKIP","floor":41},{"not_picked":["Cleave+1","Pommel Strike+1","Wild Strike+1"],"picked":"SKIP","floor":45}],"player_experience":91750,"relics_obtained":[{"floor":9,"key":"Tiny Chest"},{"floor":12,"key":"Centennial Puzzle"},{"floor":20,"key":"Whetstone"},{"floor":22,"key":"Red Mask"},{"floor":26,"key":"Frozen Egg 2"},{"floor":37,"key":"War Paint"},{"floor":43,"key":"Du-Vu Doll"}],"event_choices":[{"event_name":"The Lab","player_choice":"Got Potions","floor":3,"damage_taken":0},{"event_name":"World of Goop","player_choice":"Gather Gold","floor":5,"damage_taken":0},{"event_name":"Shining Light","player_choice":"Entered Light","floor":7,"damage_taken":0},{"event_name":"Back to Basics","player_choice":"Simplicity","floor":19,"damage_taken":0},{"event_name":"Masked Bandits","player_choice":"Fought over 227 gold","floor":22,"damage_taken":0}],"boss_relics":[{"not_picked":["Tiny House","Calling Bell"],"picked":"Empty Cage"},{"not_picked":["Runic Cube","Black Star"],"picked":"Pandora\u0027s Box"}],"items_purged_floors":[],"is_endless":false,"potions_floor_spawned":[1,11,13,18,28,30,31,33,36,38],"killed_by":"Nemesis","ascension_level":2}