{"gold_per_floor":[115,131,13,13,70,101,101,134,159,159,186,186,12,29,29,29],"floor_reached":16,"playtime":517,"items_purged":["Strike_B","Strike_B"],"score":226,"play_id":"d5fe8b75-6422-46b8-a979-5c535df3c97f","local_time":"20181107201731","is_ascension_mode":true,"campfire_choices":[{"floor":10,"key":"REST"},{"floor":12,"key":"REST"},{"data":"Consume","floor":15,"key":"SMITH"}],"neow_cost":"NONE","seed_source_timestamp":4126319645156861,"circlet_count":0,"master_deck":["AscendersBane","Strike_B","Strike_B+1","Defend_B+1","Defend_B","Defend_B","Defend_B","Zap+1","Dualcast","Finesse","Rip and Tear","Gash+1","Sunder","Gash","Cold Snap","Capacitor","Consume+1","Gash"],"relics":["Cracked Core","Juzu Bracelet","Bottled Flame","Regal Pillow","War Paint"],"potions_floor_usage":[6,8],"damage_taken":[{"damage":4,"enemies":"Small Slimes","floor":1,"turns":4},{"damage":2,"enemies":"2 Louse","floor":2,"turns":3},{"damage":24,"enemies":"Gremlin Nob","floor":6,"turns":4},{"damage":10,"enemies":"Lagavulin","floor":8,"turns":5},{"damage":28,"enemies":"Gremlin Nob","floor":11,"turns":4},{"damage":10,"enemies":"Jaw Worm","floor":14,"turns":2},{"damage":40,"enemies":"Hexaghost","floor":16,"turns":7}],"seed_played":"806825740463274402","potions_obtained":[{"floor":2,"key":"Weak Potion"},{"floor":6,"key":"FearPotion"},{"floor":8,"key":"Strength Potion"}],"is_trial":false,"path_per_floor":["M","M","$","?","?","E","?","E","T","R","E","R","$","M","R","B"],"character_chosen":"DEFECT","items_purchased":["Sunder","Consume"],"campfire_rested":2,"item_purchase_floors":[3,13],"current_hp_per_floor":[60,58,58,37,37,13,13,3,3,39,11,47,47,37,37,0],"gold":29,"neow_bonus":"RANDOM_COLORLESS","is_prod":false,"is_daily":false,"chose_seed":false,"campfire_upgraded":1,"win_rate":0,"timestamp":1541650651,"path_taken":["M","M","$","?","?","E","?","E","T","R","E","R","$","M","R","BOSS"],"build_version":"2018-11-06","purchased_purges":2,"victory":false,"max_hp_per_floor":[71,71,71,71,71,71,71,71,71,71,71,71,71,71,71,71],"card_choices":[{"not_picked":["Aggregate","Steam"],"picked":"Rip and Tear","floor":1},{"not_picked":["Leap","Hologram"],"picked":"Gash","floor":2},{"not_picked":["Darkness","Rebound"],"picked":"Gash","floor":6},{"not_picked":["Coolheaded","Heatsinks"],"picked":"Cold Snap","floor":8},{"not_picked":["Tempest","Skim"],"picked":"Capacitor","floor":11},{"not_picked":["Blizzard","Stack"],"picked":"Gash","floor":14}],"player_experience":1025223,"relics_obtained":[{"floor":6,"key":"Juzu Bracelet"},{"floor":8,"key":"Bottled Flame"},{"floor":9,"key":"Regal Pillow"},{"floor":11,"key":"War Paint"}],"event_choices":[{"damage_healed":0,"gold_gain":0,"player_choice":"Entered Light","damage_taken":21,"max_hp_gain":0,"max_hp_loss":0,"event_name":"Shining Light","floor":4,"gold_loss":0,"cards_upgraded":["Gash","Strike_B"]},{"damage_healed":0,"gold_gain":57,"player_choice":"Gained Gold","damage_taken":0,"max_hp_gain":0,"max_hp_loss":0,"event_name":"Golden Wing","floor":5,"gold_loss":0},{"damage_healed":0,"gold_gain":0,"player_choice":"Fled","damage_taken":0,"max_hp_gain":0,"max_hp_loss":0,"event_name":"Scrap Ooze","floor":7,"gold_loss":0}],"is_beta":true,"boss_relics":[],"items_purged_floors":[3,13],"is_endless":false,"potions_floor_spawned":[2,6,8],"killed_by":"Hexaghost","ascension_level":19}