{"gold_per_floor":[112,124,134,134,147,179,192,220,220,220,248,36,36,36,36,108,108,126,140,190,190,190],"floor_reached":22,"playtime":1293,"items_purged":[],"score":371,"play_id":"410b1fec-b551-4e45-ade0-46843be26811","local_time":"20190822153925","is_ascension_mode":true,"campfire_choices":[{"floor":10.0,"key":"REST"},{"floor":15,"key":"REST"}],"neow_cost":"NONE","seed_source_timestamp":99069536612200,"circlet_count":0,"master_deck":["AscendersBane","Strike_B","Strike_B","Strike_B","Strike_B","Defend_B","Defend_B","Defend_B","Defend_B","Zap","Dualcast","Hyperbeam+1","Cold Snap","Defragment","Tempest","Compile Driver","Hologram+1","Genetic Algorithm","Ball Lightning","Go for the Eyes","Core Surge","Reinforced Body","Hologram"],"special_seed":0,"relics":["Cracked Core","Ancient Tea Set","Bottled Lightning","Cables","Darkstone Periapt","ClockworkSouvenir","White Beast Statue"],"potions_floor_usage":[16,21],"damage_taken":[{"damage":0.0,"enemies":"Small Slimes","floor":1.0,"turns":1.0},{"damage":0.0,"enemies":"Cultist","floor":2.0,"turns":2.0},{"damage":0.0,"enemies":"2 Louse","floor":3.0,"turns":2.0},{"damage":3.0,"enemies":"Looter","floor":5.0,"turns":2.0},{"damage":30.0,"enemies":"Lagavulin","floor":6.0,"turns":7.0},{"damage":0.0,"enemies":"Red Slaver","floor":7.0,"turns":1.0},{"damage":17.0,"enemies":"Gremlin Nob","floor":8.0,"turns":3.0},{"damage":18,"enemies":"Lagavulin","floor":11,"turns":7},{"damage":24,"enemies":"The Guardian","floor":16,"turns":8},{"damage":50,"enemies":"3 Byrds","floor":18,"turns":5},{"damage":5,"enemies":"Chosen","floor":19,"turns":4},{"damage":0,"enemies":"Snake Plant","floor":21,"turns":1},{"damage":7,"enemies":"Chosen and Byrds","floor":22,"turns":1}],"seed_played":"6535947448131073956","potions_obtained":[{"floor":5.0,"key":"Strength Potion"},{"floor":11,"key":"FocusPotion"},{"floor":18,"key":"SmokeBomb"}],"is_trial":false,"path_per_floor":["M","M","M","?","M","E","M","E","T","R","E","$","?","$","R","B",null,"M","M","?","M","M"],"character_chosen":"DEFECT","items_purchased":["ClockworkSouvenir"],"campfire_rested":2,"item_purchase_floors":[12],"current_hp_per_floor":[64,64,64,64,61,31,31,14,14,35,17,17,17,17,38,14,57,7,2,2,2,0],"gold":190,"neow_bonus":"ONE_RANDOM_RARE_CARD","is_prod":false,"is_daily":false,"chose_seed":false,"campfire_upgraded":0,"win_rate":0,"timestamp":1566502765,"path_taken":["M","M","M","?","M","E","?","E","T","R","E","$","?","$","R","BOSS","M","M","?","M","?"],"build_version":"2019-07-17","purchased_purges":0,"victory":false,"max_hp_per_floor":[71,71,71,71,71,71,71,71,71,71,71,71,71,71,71,71,71,71,71,71,71,71],"card_choices":[{"not_picked":["Streamline","Auto Shields"],"picked":"Cold Snap","floor":1.0},{"not_picked":["Sunder","Chill"],"picked":"Defragment","floor":2.0},{"not_picked":["Gash","Lockon"],"picked":"Tempest","floor":3.0},{"not_picked":["Undo","Static Discharge"],"picked":"Compile Driver","floor":5.0},{"not_picked":["Leap","Streamline"],"picked":"Hologram","floor":6.0},{"not_picked":["All For One","Steam"],"picked":"Genetic Algorithm","floor":7.0},{"not_picked":["Auto Shields","Stack"],"picked":"Ball Lightning","floor":8.0},{"not_picked":["Ball Lightning","Cold Snap"],"picked":"Go for the Eyes","floor":11},{"not_picked":["Machine Learning","Multi-Cast"],"picked":"Core Surge","floor":16},{"not_picked":["Cold Snap","Coolheaded"],"picked":"Reinforced Body","floor":18},{"not_picked":["Redo","Doom and Gloom"],"picked":"Hologram","floor":19}],"player_experience":727862,"relics_obtained":[{"floor":6.0,"key":"Ancient Tea Set"},{"floor":8.0,"key":"Bottled Lightning"},{"floor":9.0,"key":"Cables"},{"floor":11,"key":"Darkstone Periapt"}],"event_choices":[{"damage_healed":0.0,"max_hp_gain":0.0,"max_hp_loss":0.0,"gold_gain":0.0,"event_name":"Upgrade Shrine","player_choice":"Upgraded","floor":4.0,"gold_loss":0.0,"damage_taken":0.0,"cards_upgraded":["Hyperbeam"]},{"damage_healed":0,"gold_gain":0,"player_choice":"Grow","damage_taken":0,"max_hp_gain":0,"max_hp_loss":0,"event_name":"Living Wall","floor":13,"gold_loss":0,"cards_upgraded":["Hologram"]},{"damage_healed":0,"gold_gain":50,"player_choice":"Pray","damage_taken":0,"max_hp_gain":0,"max_hp_loss":0,"event_name":"Golden Shrine","floor":20,"gold_loss":0}],"is_beta":false,"boss_relics":[{"not_picked":["Busted Crown","Tiny House"],"picked":"White Beast Statue"}],"items_purged_floors":[],"is_endless":false,"potions_floor_spawned":[5,11,18,19,21],"killed_by":"Chosen and Byrds","ascension_level":16}