{"gold_per_floor":[110,285,17,37,37,65,78,103,151,151,169,2,32,48,48,121,121,138,138,138,158,83,118,137,137,137,171,171,171],"floor_reached":29,"playtime":2097,"items_purged":["Doubt","Strike_G"],"score":478,"play_id":"9c0f3597-db14-4da9-a9da-ec95612fa3f4","local_time":"20190407191056","is_ascension_mode":true,"campfire_choices":[{"floor":10.0,"key":"REST"},{"data":"Deadly Poison","floor":15,"key":"SMITH"},{"floor":25,"key":"REST"}],"neow_cost":"NONE","seed_source_timestamp":0,"circlet_count":0,"master_deck":["AscendersBane","Defend_G","Defend_G","Defend_G","Defend_G","Defend_G","Strike_G+1","Survivor","Neutralize+1","Quick Slash","Corpse Explosion","Deadly Poison+1","Blade Dance","Blur","Cloak And Dagger","Footwork","Blur","Terror","Backflip","Doppelganger","Dodge and Roll","Quick Slash","Die Die Die","Poisoned Stab"],"special_seed":0,"relics":["Ring of the Snake","Kunai","Whetstone","Vajra","Bottled Flame","Velvet Choker","Centennial Puzzle","Ancient Tea Set","Incense Burner","Letter Opener"],"potions_floor_usage":[16,16,23,23],"damage_taken":[{"damage":1.0,"enemies":"2 Louse","floor":1.0,"turns":5.0},{"damage":0.0,"enemies":"Cultist","floor":4.0,"turns":4.0},{"damage":30.0,"enemies":"Lagavulin","floor":6.0,"turns":7.0},{"damage":4.0,"enemies":"Small Slimes","floor":7.0,"turns":3.0},{"damage":10.0,"enemies":"3 Sentries","floor":8.0,"turns":4.0},{"damage":0.0,"enemies":"Blue Slaver","floor":11.0,"turns":5.0},{"damage":3,"enemies":"Lagavulin","floor":13,"turns":8},{"damage":1,"enemies":"Exordium Wildlife","floor":14,"turns":3},{"damage":3,"enemies":"The Guardian","floor":16,"turns":10},{"damage":24,"enemies":"Chosen","floor":18,"turns":6},{"damage":4,"enemies":"3 Byrds","floor":21,"turns":3},{"damage":18,"enemies":"Gremlin Leader","floor":23,"turns":10},{"damage":3,"enemies":"3 Cultists","floor":24,"turns":4},{"damage":24,"enemies":"Slavers","floor":27,"turns":2},{"damage":3,"enemies":"Gremlin Leader","floor":29,"turns":1}],"seed_played":"-2642291616350518287","potions_obtained":[{"floor":0.0,"key":"Dexterity Potion"},{"floor":0.0,"key":"Regen Potion"},{"floor":1.0,"key":"Strength Potion"},{"floor":7.0,"key":"Poison Potion"},{"floor":8.0,"key":"LiquidBronze"},{"floor":16,"key":"GhostInAJar"},{"floor":18,"key":"PowerPotion"}],"is_trial":false,"path_per_floor":["M","?","$","M","?","E","M","E","T","R","M","$","E","M","R","B",null,"M","?","?","M","?","E","M","R","T","E","T","E"],"character_chosen":"THE_SILENT","items_purchased":["Corpse Explosion","Deadly Poison","Terror"],"campfire_rested":2,"item_purchase_floors":[3,3,12],"current_hp_per_floor":[58,58,58,58,58,28,24,14,14,33,33,33,30,29,29,26,56,32,32,32,28,28,10,7,26,26,2,2,0],"gold":171,"neow_bonus":"THREE_SMALL_POTIONS","is_prod":false,"is_daily":false,"chose_seed":false,"campfire_upgraded":1,"win_rate":0,"timestamp":1554657056,"path_taken":["M","?","$","M","?","E","M","E","T","R","M","$","E","M","R","BOSS","M","?","?","?","?","E","M","R","T","E","?","E"],"build_version":"2019-04-04","purchased_purges":2,"victory":false,"max_hp_per_floor":[66,66,66,66,66,66,66,66,66,66,66,66,66,66,66,66,66,66,66,66,66,66,66,66,66,66,66,66,66],"card_choices":[{"not_picked":["Slice","Sucker Punch"],"picked":"Quick Slash","floor":1.0},{"not_picked":["Slice","Envenom"],"picked":"Blade Dance","floor":4.0},{"not_picked":["Dagger Throw","Underhanded Strike"],"picked":"Blur","floor":6.0},{"not_picked":["Deflect","Quick Slash"],"picked":"Cloak And Dagger","floor":7.0},{"not_picked":["Noxious Fumes","Dagger Spray"],"picked":"Footwork","floor":8.0},{"not_picked":["Outmaneuver","Dagger Throw"],"picked":"Blur","floor":11.0},{"not_picked":["Storm of Steel","Sucker Punch","All Out Attack"],"picked":"SKIP","floor":13},{"not_picked":["Blade Dance","Eviscerate"],"picked":"Backflip","floor":14},{"not_picked":["Night Terror","Storm of Steel"],"picked":"Doppelganger","floor":16},{"not_picked":["Backstab","Flying Knee"],"picked":"Dodge and Roll","floor":18},{"not_picked":["Underhanded Strike","Dagger Throw","Sucker Punch"],"picked":"SKIP","floor":21},{"not_picked":["Slice","Dagger Spray","Eviscerate"],"picked":"SKIP","floor":23},{"not_picked":["Tactician","Heel Hook"],"picked":"Poisoned Stab","floor":24},{"not_picked":["Cloak And Dagger","Underhanded Strike","Backstab"],"picked":"SKIP","floor":27}],"player_experience":460201,"relics_obtained":[{"floor":6.0,"key":"Kunai"},{"floor":8.0,"key":"Whetstone"},{"floor":9.0,"key":"Vajra"},{"floor":13,"key":"Bottled Flame"},{"floor":23,"key":"Centennial Puzzle"},{"floor":26,"key":"Ancient Tea Set"},{"floor":27,"key":"Incense Burner"},{"floor":28,"key":"Letter Opener"}],"event_choices":[{"damage_healed":0.0,"max_hp_gain":0.0,"max_hp_loss":0.0,"gold_gain":175.0,"event_name":"Liars Game","player_choice":"AGREE","floor":2.0,"gold_loss":0.0,"damage_taken":0.0,"cards_obtained":["Doubt"]},{"cards_removed":["Strike_G"],"damage_healed":0.0,"max_hp_gain":0.0,"max_hp_loss":0.0,"gold_gain":0.0,"event_name":"Purifier","player_choice":"Purged","floor":5.0,"gold_loss":0.0,"damage_taken":0.0},{"damage_healed":0,"gold_gain":0,"cards_transformed":["Strike_G","Strike_G"],"player_choice":"Became Test Subject","damage_taken":0,"max_hp_gain":0,"max_hp_loss":0,"event_name":"Drug Dealer","floor":19,"gold_loss":0,"cards_obtained":["Quick Slash","Terror"]},{"damage_healed":0,"gold_gain":0,"player_choice":"1 cards matched","damage_taken":0,"max_hp_gain":0,"max_hp_loss":0,"event_name":"Match and Keep!","floor":20,"gold_loss":0,"cards_obtained":["Die Die Die"]},{"cards_removed":["Terror"],"damage_healed":0,"gold_gain":0,"player_choice":"Gave Gold","damage_taken":0,"max_hp_gain":0,"max_hp_loss":0,"event_name":"Beggar","floor":22,"gold_loss":75}],"is_beta":true,"boss_relics":[{"not_picked":["Ring of the Serpent","Empty Cage"],"picked":"Velvet Choker"}],"items_purged_floors":[3,12],"is_endless":false,"potions_floor_spawned":[1,7,8,13,16,18],"killed_by":"Gremlin Leader","ascension_level":14}