{"gold_per_floor":[116,25,37,37,53,79,93,119,201,201,201,7,7],"floor_reached":13,"playtime":440,"items_purged":[],"score":186,"play_id":"a536df3b-25e2-446f-b57d-d906b6f748f4","local_time":"20190113220317","is_ascension_mode":true,"campfire_choices":[{"floor":10,"key":"REST"}],"neow_cost":"NONE","seed_source_timestamp":604052727647971,"circlet_count":0,"master_deck":["AscendersBane","Strike_R","Strike_R","Strike_R","Strike_R","Defend_R","Defend_R","Defend_R","Defend_R","Bash","Cleave","Feel No Pain","Perfected Strike+1","Shrug It Off","Armaments","Juggernaut","Corruption","Dark Embrace","Combust"],"relics":["Burning Blood","NeowsBlessing","Oddly Smooth Stone","Ginger","Molten Egg 2","Blood Vial"],"potions_floor_usage":[6,7],"damage_taken":[{"damage":0,"enemies":"Cultist","floor":1,"turns":1},{"damage":0,"enemies":"2 Louse","floor":3,"turns":1},{"damage":0,"enemies":"Jaw Worm","floor":5,"turns":1},{"damage":53,"enemies":"Gremlin Nob","floor":6,"turns":5},{"damage":16,"enemies":"Exordium Thugs","floor":7,"turns":6},{"damage":10,"enemies":"Lagavulin","floor":8,"turns":6},{"damage":33,"enemies":"Exordium Wildlife","floor":13,"turns":4}],"seed_played":"1780044936233800480","potions_obtained":[{"floor":1,"key":"Ancient Potion"},{"floor":3,"key":"GamblersBrew"},{"floor":6,"key":"AttackPotion"}],"is_trial":false,"path_per_floor":["M","$","M","?","M","E","M","E","T","R","?","$","M"],"character_chosen":"IRONCLAD","items_purchased":["Feel No Pain","Perfected Strike","Combust","Blood Vial"],"campfire_rested":1,"item_purchase_floors":[2,2,12,12],"current_hp_per_floor":[74,74,75,75,75,28,18,14,14,36,29,29,0],"gold":7,"neow_bonus":"THREE_ENEMY_KILL","is_prod":false,"is_daily":false,"chose_seed":false,"campfire_upgraded":0,"win_rate":0,"timestamp":1547445797,"path_taken":["M","$","M","?","?","E","M","E","T","R","?","$","M"],"build_version":"2019-01-10","purchased_purges":0,"victory":false,"max_hp_per_floor":[75,75,75,75,75,75,75,75,75,75,75,75,75],"card_choices":[{"not_picked":["Dual Wield","Body Slam"],"picked":"Cleave","floor":1},{"not_picked":["Twin Strike","Ghostly Armor"],"picked":"Shrug It Off","floor":3},{"not_picked":["Ghostly Armor","Fire Breathing"],"picked":"Armaments","floor":5},{"not_picked":["Dropkick","Impervious"],"picked":"Juggernaut","floor":6},{"not_picked":["Iron Wave","Clash"],"picked":"Corruption","floor":7},{"not_picked":["Shrug It Off","Brutality"],"picked":"Dark Embrace","floor":8}],"player_experience":1179653,"relics_obtained":[{"floor":6,"key":"Oddly Smooth Stone"},{"floor":8,"key":"Ginger"},{"floor":9,"key":"Molten Egg 2"}],"event_choices":[{"damage_healed":0,"gold_gain":0,"player_choice":"Forge","damage_taken":0,"max_hp_gain":0,"max_hp_loss":0,"event_name":"Accursed Blacksmith","floor":4,"gold_loss":0,"cards_upgraded":["Perfected Strike"]},{"cards_removed":["Strike_R"],"damage_healed":0,"gold_gain":0,"player_choice":"Card Removal","damage_taken":7,"max_hp_gain":0,"max_hp_loss":0,"event_name":"Golden Wing","floor":11,"gold_loss":0}],"is_beta":true,"boss_relics":[],"items_purged_floors":[],"is_endless":false,"potions_floor_spawned":[1,3,6],"killed_by":"Exordium Wildlife","ascension_level":20}