{"gold_per_floor":[112,128,139,5,20,20,48,48,120,120,155,120,135,147,147,219,219,229,229,17,35,46,46,77,77,101,148,2,13,13,39,39,113,113,127,127,127,2,22,53,53,69,118,118,7,7,7,23,23,23],"floor_reached":51,"playtime":4302,"items_purged":["Strike_B","Strike_B","Shame"],"score":1477,"play_id":"6a6b20e7-7301-45d6-a93e-4690f8e9e791","local_time":"20181021170839","is_ascension_mode":true,"campfire_choices":[{"data":"Zap","floor":6,"key":"SMITH"},{"data":"Glacier","floor":8,"key":"SMITH"},{"data":"Blind","floor":10,"key":"SMITH"},{"data":"Creative AI","floor":15,"key":"SMITH"},{"data":"Dualcast","floor":23,"key":"SMITH"},{"data":"Fission","floor":25,"key":"SMITH"},{"data":"Recycle","floor":32,"key":"SMITH"},{"data":"Heatsinks","floor":41,"key":"SMITH"},{"data":"Turbo","floor":44,"key":"SMITH"},{"data":"Defragment","floor":49,"key":"SMITH"}],"neow_cost":"NONE","seed_source_timestamp":2638791207076003,"circlet_count":0,"master_deck":["Strike_B","Strike_B","Defend_B","Defend_B","Defend_B","Defend_B","Zap+1","Dualcast+1","AscendersBane","Blind+1","Compile Driver","Conserve Battery","Glacier+1","Gash","Ball Lightning","Creative AI+1","Glacier","All For One","Gash+1","Ghostly","Ghostly","Ghostly","Ghostly","Ghostly","Beam Cell+1","Fission+1","Recycle+1","Turbo+1","Heatsinks+1","Chill+1","Electrodynamics","Steam+1","Madness+1","Madness+1","Hologram+1","Hologram+1","Defragment+1"],"relics":["Cracked Core","Unceasing Top","Symbiotic Virus","Strawberry","Inserter","OrangePellets","Meat on the Bone","MawBank","Girya","Toxic Egg 2","Ornamental Fan","Runic Dome","Emotion Chip","DataDisk","Happy Flower","Pantograph"],"potions_floor_usage":[11,16,16,27,27,33,50],"damage_taken":[{"damage":0,"enemies":"Small Slimes","floor":1,"turns":3},{"damage":1,"enemies":"2 Louse","floor":2,"turns":3},{"damage":7,"enemies":"Jaw Worm","floor":3,"turns":3},{"damage":9,"enemies":"Large Slime","floor":5,"turns":7},{"damage":11,"enemies":"Lagavulin","floor":7,"turns":7},{"damage":19,"enemies":"3 Sentries","floor":11,"turns":7},{"damage":0,"enemies":"Exordium Thugs","floor":13,"turns":5},{"damage":15,"enemies":"Exordium Wildlife","floor":14,"turns":3},{"damage":21,"enemies":"The Guardian","floor":16,"turns":11},{"damage":19,"enemies":"Shell Parasite","floor":18,"turns":8},{"damage":15,"enemies":"2 Thieves","floor":21,"turns":5},{"damage":0,"enemies":"Snake Plant","floor":22,"turns":5},{"damage":3,"enemies":"Slavers","floor":24,"turns":8},{"damage":32,"enemies":"Gremlin Leader","floor":27,"turns":10},{"damage":0,"enemies":"Snecko","floor":29,"turns":8},{"damage":22,"enemies":"Slavers","floor":31,"turns":8},{"damage":9,"enemies":"Collector","floor":33,"turns":11},{"damage":0,"enemies":"3 Shapes","floor":35,"turns":5},{"damage":0,"enemies":"Mind Bloom Boss Battle","floor":37,"turns":8},{"damage":0,"enemies":"Orb Walker","floor":39,"turns":3},{"damage":0,"enemies":"Giant Head","floor":40,"turns":8},{"damage":4,"enemies":"3 Darklings","floor":42,"turns":6},{"damage":0,"enemies":"Maw","floor":48,"turns":4},{"damage":0,"enemies":"Awakened One","floor":50,"turns":10}],"seed_played":"-7032005347554074727","potions_obtained":[{"floor":3,"key":"SkillPotion"},{"floor":7,"key":"Poison Potion"},{"floor":11,"key":"AttackPotion"},{"floor":13,"key":"Dexterity Potion"},{"floor":14,"key":"Regen Potion"},{"floor":18,"key":"EntropicBrew"},{"floor":29,"key":"Poison Potion"},{"floor":37,"key":"GamblersBrew"}],"is_trial":false,"path_per_floor":["M","M","M","$","M","R","E","R","T","R","E","?","M","M","R","B",null,"M","?","$","M","M","R","E","R","T","E","$","M","?","E","R","B",null,"M","?","?","$","M","E","R","M","T","R","$","T","?","M","R","B"],"character_chosen":"DEFECT","items_purchased":["Gash","OrangePellets","Turbo","Hologram+1","Swift Potion"],"campfire_rested":0,"item_purchase_floors":[4,20,28,45,45],"current_hp_per_floor":[64,63,56,56,47,47,36,36,36,36,24,43,43,35,35,36,68,56,39,39,31,38,38,39,39,39,26,26,33,33,30,30,28,36,39,32,39,39,39,39,39,39,39,39,39,39,39,39,39,39],"gold":23,"neow_bonus":"RANDOM_COLORLESS","is_prod":false,"is_daily":false,"chose_seed":false,"campfire_upgraded":10,"win_rate":0,"timestamp":1540166919,"path_taken":["M","M","M","$","M","R","E","R","T","R","E","?","M","M","R","BOSS","M","?","?","M","?","R","E","R","T","E","$","M","?","E","R","BOSS","M","?","?","$","M","E","R","M","T","R","?","?","?","M","R","BOSS"],"build_version":"2018-10-19","purchased_purges":3,"victory":true,"max_hp_per_floor":[71,71,71,71,71,71,71,71,71,71,78,78,78,78,78,78,78,78,39,39,39,39,39,39,39,39,39,39,39,39,39,39,39,39,39,39,39,39,39,39,39,39,39,39,39,39,39,39,39,39],"card_choices":[{"not_picked":["Rebound","Coolheaded"],"picked":"Compile Driver","floor":1},{"not_picked":["Beam Cell","Barrage"],"picked":"Conserve Battery","floor":2},{"not_picked":["Blizzard","Compile Driver"],"picked":"Glacier","floor":3},{"not_picked":["Coolheaded","Static Discharge"],"picked":"Ball Lightning","floor":5},{"not_picked":["Ball Lightning","Rebound","Coolheaded"],"picked":"SKIP","floor":7},{"not_picked":["Gash","Core Surge"],"picked":"Creative AI","floor":11},{"not_picked":["Compile Driver","Loop"],"picked":"Self Repair","floor":13},{"not_picked":["Streamline","Reprogram"],"picked":"Glacier","floor":14},{"not_picked":["Hyperbeam","Rainbow"],"picked":"All For One","floor":16},{"not_picked":["Fusion","Steam"],"picked":"Gash+1","floor":18},{"not_picked":["Coolheaded","Conserve Battery","Static Discharge"],"picked":"SKIP","floor":21},{"not_picked":["Redo","Hologram"],"picked":"Beam Cell+1","floor":22},{"not_picked":["Steam Power","Stack"],"picked":"Fission","floor":24},{"not_picked":["Rebound","Reprogram"],"picked":"Recycle","floor":27},{"not_picked":["Cold Snap+1","Doom and Gloom"],"picked":"Heatsinks","floor":29},{"not_picked":["BootSequence+1","Auto Shields+1"],"picked":"Chill+1","floor":31},{"not_picked":["Biased Cognition","Fission+1"],"picked":"Electrodynamics","floor":33},{"not_picked":["Sweeping Beam","Coolheaded+1"],"picked":"Steam+1","floor":35},{"not_picked":["Beam Cell","Barrage"],"picked":"Hologram+1","floor":39},{"not_picked":["Storm","Multi-Cast+1","Leap+1"],"picked":"SKIP","floor":40},{"not_picked":["Storm","Multi-Cast+1","Leap+1"],"picked":"SKIP","floor":40},{"not_picked":["Ball Lightning","Doom and Gloom","Coolheaded+1"],"picked":"SKIP","floor":42},{"not_picked":["Redo+1","Sweeping Beam"],"picked":"Defragment","floor":48}],"player_experience":926874,"relics_obtained":[{"floor":7,"key":"Unceasing Top"},{"floor":9,"key":"Symbiotic Virus"},{"floor":11,"key":"Strawberry"},{"floor":24,"key":"Meat on the Bone"},{"floor":26,"key":"MawBank"},{"floor":27,"key":"Girya"},{"floor":31,"key":"Ornamental Fan"},{"floor":37,"key":"Emotion Chip"},{"floor":40,"key":"DataDisk"},{"floor":43,"key":"Happy Flower"},{"floor":46,"key":"Pantograph"}],"event_choices":[{"damage_healed":19,"gold_gain":0,"player_choice":"Healed","damage_taken":0,"max_hp_gain":0,"max_hp_loss":0,"event_name":"The Cleric","floor":12,"gold_loss":35},{"damage_healed":0,"gold_gain":0,"player_choice":"Became a Ghost","damage_taken":0,"max_hp_gain":0,"max_hp_loss":39,"event_name":"Ghosts","floor":19,"gold_loss":0,"cards_obtained":["Ghostly","Ghostly","Ghostly","Ghostly","Ghostly"]},{"damage_healed":0,"gold_gain":0,"player_choice":"Stole Relic","damage_taken":0,"relics_obtained":["Toxic Egg 2"],"max_hp_gain":0,"max_hp_loss":0,"event_name":"Addict","floor":30,"gold_loss":0,"cards_obtained":["Shame"]},{"damage_healed":0,"gold_gain":0,"player_choice":"Embrace Madness","damage_taken":7,"max_hp_gain":0,"max_hp_loss":0,"event_name":"Winding Halls","floor":36,"gold_loss":0,"cards_obtained":["Madness","Madness"]},{"damage_healed":0,"gold_gain":0,"player_choice":"Fight","damage_taken":0,"max_hp_gain":0,"max_hp_loss":0,"event_name":"MindBloom","floor":37,"gold_loss":0},{"cards_removed":["Self Repair"],"damage_healed":0,"gold_gain":0,"player_choice":"Removed Power","damage_taken":0,"max_hp_gain":0,"max_hp_loss":0,"event_name":"Falling","floor":47,"gold_loss":0}],"is_beta":true,"boss_relics":[{"not_picked":["Astrolabe","White Beast Statue"],"picked":"Inserter"},{"not_picked":["Calling Bell","Lizard Tail"],"picked":"Runic Dome"}],"items_purged_floors":[4,28,38],"is_endless":false,"potions_floor_spawned":[3,7,11,13,14,18,29,31,37,39,48],"ascension_level":16}