{"gold_per_floor":[110,110,110,128,80,109,109,122,122,44,44,64,95,95,95,198,198,209,240,26,43,43,43,71,71,96,111,139,154,174,201,201,303,303,320,335,345,345,345,403,403,403,474,507,137,170,224,28,28,28],"floor_reached":51,"playtime":7280,"items_purged":["Strike_P","Strike_P","Defend_P"],"score":1169,"play_id":"77dc5b56-fdd2-4334-92e8-af749dbf9234","local_time":"20190913004131","is_ascension_mode":true,"campfire_choices":[{"data":"Crescendo","floor":7,"key":"SMITH"},{"data":"Conclude","floor":11,"key":"SMITH"},{"data":"JustLucky","floor":15,"key":"SMITH"},{"data":"MentalFortress","floor":23,"key":"SMITH"},{"data":"BattleHymn","floor":25,"key":"SMITH"},{"data":"EmptyBody","floor":32,"key":"SMITH"},{"data":"Apotheosis","floor":41,"key":"SMITH"},{"floor":49,"key":"REST"}],"neow_cost":"NONE","seed_source_timestamp":543874342295945,"circlet_count":0,"master_deck":["Strike_P","Strike_P","Defend_P","Defend_P","Defend_P","Eruption+1","Vigilance","EmptyMind","Crescendo+1","EmptyBody+1","BowlingBash+1","JustLucky+1","Conclude+1","Meditate","InnerPeace","BattleHymn+1","Crescendo+1","MentalFortress+1","CleanseEvil","FlurryOfBlows+1","EmptyMind","CutThroughFate+1","Wireheading+1","Metaphysics","Adaptation+1","Crescendo+1","Vengeance","Dark Shackles","Flash of Steel+1","Apotheosis+1","TalkToTheHand+1","Collect","SandsOfTime+1"],"relics":["PureWater","TungstenRod","Gambling Chip","Du-Vu Doll","Ornamental Fan","VioletLotus","Red Mask","Molten Egg 2","Bird Faced Urn","Omamori","Pen Nib","Anchor","Black Star","Tiny Chest","Ancient Tea Set","Kunai","Blue Candle","Akabeko","Oddly Smooth Stone","Gremlin Horn","PreservedInsect","Ice Cream"],"potions_floor_usage":[13,19,24,24,27,31,31,33,50],"damage_taken":[{"damage":1,"enemies":"Jaw Worm","floor":1,"turns":3},{"damage":0,"enemies":"Cultist","floor":4,"turns":2},{"damage":13,"enemies":"3 Sentries","floor":6,"turns":10},{"damage":0,"enemies":"2 Louse","floor":8,"turns":1},{"damage":0,"enemies":"2 Fungi Beasts","floor":12,"turns":2},{"damage":0,"enemies":"Lagavulin","floor":13,"turns":2},{"damage":0,"enemies":"Slime Boss","floor":16,"turns":5},{"damage":0,"enemies":"2 Thieves","floor":18,"turns":4},{"damage":0,"enemies":"Masked Bandits","floor":19,"turns":2},{"damage":1,"enemies":"Shell Parasite","floor":21,"turns":5},{"damage":10,"enemies":"Book of Stabbing","floor":24,"turns":5},{"damage":0,"enemies":"Snake Plant","floor":27,"turns":3},{"damage":0,"enemies":"Gremlin Leader","floor":28,"turns":3},{"damage":8,"enemies":"Centurion and Healer","floor":29,"turns":4},{"damage":0,"enemies":"Sentry and Sphere","floor":30,"turns":1},{"damage":3,"enemies":"Slavers","floor":31,"turns":3},{"damage":59,"enemies":"Champ","floor":33,"turns":12},{"damage":0,"enemies":"Orb Walker","floor":35,"turns":2},{"damage":2,"enemies":"3 Shapes","floor":36,"turns":4},{"damage":2,"enemies":"Maw","floor":37,"turns":5},{"damage":25,"enemies":"Reptomancer","floor":40,"turns":5},{"damage":20,"enemies":"Nemesis","floor":44,"turns":5},{"damage":0,"enemies":"Giant Head","floor":46,"turns":5},{"damage":0,"enemies":"2 Orb Walkers","floor":47,"turns":3},{"damage":0,"enemies":"Awakened One","floor":50,"turns":8}],"seed_played":"4860641279193422969","potions_obtained":[{"floor":3,"key":"Weak Potion"},{"floor":3,"key":"FairyPotion"},{"floor":3,"key":"SpeedPotion"},{"floor":8,"key":"Explosive Potion"},{"floor":12,"key":"FearPotion"},{"floor":13,"key":"SkillPotion"},{"floor":19,"key":"LiquidBronze"},{"floor":24,"key":"GamblersBrew"},{"floor":27,"key":"Explosive Potion"},{"floor":29,"key":"SpeedPotion"},{"floor":30,"key":"Energy Potion"},{"floor":31,"key":"Dexterity Potion"},{"floor":44,"key":"SkillPotion"}],"is_trial":false,"path_per_floor":["M","?","?","M","$","E","R","M","T","$","R","M","E","?","R","B",null,"M","?","$","M","?","R","E","R","T","M","E","M","M","E","R","B",null,"M","M","M","?","?","E","R","T","T","E","$","E","?","$","R","B",null],"character_chosen":"WATCHER","items_purchased":["EmptyBody","Conclude","MentalFortress","CleanseEvil","SandsOfTime+1","Oddly Smooth Stone","SteroidPotion","DuplicationPotion"],"campfire_rested":1,"item_purchase_floors":[5,10,20,20,45,45,45,48],"current_hp_per_floor":[64,64,64,64,64,51,51,51,51,51,51,51,51,51,51,51,65,65,65,65,64,64,64,54,54,54,58,62,56,58,55,55,2,65,65,65,63,63,54,37,37,37,37,23,23,31,35,35,54,62],"gold":28,"neow_bonus":"RANDOM_COMMON_RELIC","is_prod":false,"is_daily":false,"chose_seed":false,"campfire_upgraded":7,"win_rate":0,"timestamp":1568328091,"path_taken":["M","?","?","M","$","E","R","?","T","$","R","M","E","?","R","BOSS","M","?","$","M","?","R","E","R","T","M","E","?","M","E","R","BOSS","M","?","M","?","?","E","R","?","T","E","$","E","?","$","R","BOSS"],"build_version":"2019-09-11v2","purchased_purges":3,"victory":true,"max_hp_per_floor":[65,65,65,65,65,65,65,65,65,65,65,65,65,65,65,65,65,65,65,65,65,65,65,65,65,65,65,65,65,65,65,65,65,65,65,65,65,65,65,65,65,65,65,65,65,65,65,65,65,65],"card_choices":[{"not_picked":["Consecrate","Weave"],"picked":"EmptyMind","floor":1},{"not_picked":["Adaptation","ForeignInfluence"],"picked":"Crescendo","floor":4},{"not_picked":["SpiritShield","Prostrate"],"picked":"BowlingBash","floor":6},{"not_picked":["Consecrate","EmptyBody"],"picked":"JustLucky","floor":8},{"not_picked":["Consecrate","CutThroughFate"],"picked":"Meditate","floor":12},{"not_picked":["EmptyBody","SpiritShield"],"picked":"InnerPeace","floor":13},{"not_picked":["DeusExMachina","SignatureMove"],"picked":"BattleHymn","floor":16},{"not_picked":["SandsOfTime","FlyingSleeves"],"picked":"Crescendo+1","floor":18},{"not_picked":["Prostrate","Crescendo+1"],"picked":"JustLucky+1","floor":19},{"not_picked":["ClearTheMind","SpiritShield","PathToVictory"],"picked":"SKIP","floor":21},{"not_picked":["WindmillStrike+1","ClearTheMind"],"picked":"FlurryOfBlows+1","floor":24},{"not_picked":["Consecrate+1","BowlingBash+1","Clarity"],"picked":"SKIP","floor":27},{"not_picked":["Halt","WaveOfTheHand"],"picked":"EmptyMind","floor":28},{"not_picked":["EmptyMind+1","Metaphysics"],"picked":"CutThroughFate+1","floor":29},{"not_picked":["CutThroughFate+1","EmptyFist+1"],"picked":"Wireheading+1","floor":30},{"not_picked":["ForeignInfluence+1","Crescendo","EmptyBody"],"picked":"SKIP","floor":31},{"not_picked":["Pray","FlowState"],"picked":"Metaphysics","floor":33},{"not_picked":["Consecrate+1","ThirdEye"],"picked":"Adaptation+1","floor":35},{"not_picked":["JustLucky+1","InnerPeace+1"],"picked":"Crescendo+1","floor":36},{"not_picked":["Crescendo+1","FollowUp+1"],"picked":"Vengeance","floor":37},{"not_picked":["PanicButton","Dramatic Entrance+1"],"picked":"Dark Shackles","floor":39},{"not_picked":["Panacea","Bandage Up"],"picked":"Flash of Steel+1","floor":39},{"not_picked":["Metamorphosis","Discovery"],"picked":"Apotheosis","floor":39},{"not_picked":["PathToVictory","Conclude+1"],"picked":"TalkToTheHand+1","floor":40},{"not_picked":["Sanctity+1","JustLucky+1"],"picked":"Collect","floor":44},{"not_picked":["Protect","EmptyMind","SpiritShield"],"picked":"SKIP","floor":46}],"player_experience":641717,"relics_obtained":[{"floor":6,"key":"Gambling Chip"},{"floor":9,"key":"Du-Vu Doll"},{"floor":13,"key":"Ornamental Fan"},{"floor":19,"key":"Red Mask"},{"floor":24,"key":"Bird Faced Urn"},{"floor":26,"key":"Omamori"},{"floor":28,"key":"Pen Nib"},{"floor":31,"key":"Anchor"},{"floor":40,"key":"Tiny Chest"},{"floor":40,"key":"Ancient Tea Set"},{"floor":43,"key":"Kunai"},{"floor":44,"key":"Blue Candle"},{"floor":44,"key":"Akabeko"},{"floor":46,"key":"Gremlin Horn"},{"floor":46,"key":"PreservedInsect"},{"floor":47,"key":"Ice Cream"}],"event_choices":[{"damage_healed":0,"gold_gain":0,"player_choice":"Grow","damage_taken":0,"max_hp_gain":0,"max_hp_loss":0,"event_name":"Living Wall","floor":2,"gold_loss":0,"cards_upgraded":["Eruption"]},{"damage_healed":0,"gold_gain":0,"player_choice":"Got Potions","damage_taken":0,"max_hp_gain":0,"max_hp_loss":0,"event_name":"Lab","floor":3,"gold_loss":0},{"damage_healed":0,"gold_gain":0,"player_choice":"Upgraded","damage_taken":0,"max_hp_gain":0,"max_hp_loss":0,"event_name":"Upgrade Shrine","floor":14,"gold_loss":0,"cards_upgraded":["BowlingBash"]},{"damage_healed":0,"gold_gain":0,"player_choice":"Fought Bandits","damage_taken":0,"max_hp_gain":0,"max_hp_loss":0,"event_name":"Masked Bandits","floor":19,"gold_loss":0},{"cards_removed":["JustLucky"],"damage_healed":0,"gold_gain":0,"player_choice":"Gave Card","damage_taken":0,"relics_obtained":["Molten Egg 2"],"max_hp_gain":0,"max_hp_loss":0,"event_name":"WeMeetAgain","floor":22,"gold_loss":0},{"damage_healed":0,"gold_gain":0,"player_choice":"Ignored","damage_taken":0,"max_hp_gain":0,"max_hp_loss":0,"event_name":"Tomb of Lord Red Mask","floor":38,"gold_loss":0},{"damage_healed":0,"gold_gain":0,"player_choice":"Memory 3","damage_taken":10,"max_hp_gain":0,"max_hp_loss":0,"event_name":"SensoryStone","floor":39,"gold_loss":0},{"damage_healed":0,"gold_gain":0,"player_choice":"Fight","damage_taken":0,"max_hp_gain":0,"max_hp_loss":0,"event_name":"Mysterious Sphere","floor":47,"gold_loss":0}],"is_beta":true,"boss_relics":[{"not_picked":["Cursed Key","Empty Cage"],"picked":"VioletLotus"},{"not_picked":["Velvet Choker","Philosopher\u0027s Stone"],"picked":"Black Star"}],"items_purged_floors":[20,45,48],"is_endless":false,"potions_floor_spawned":[6,8,12,13,19,24,27,29,30,31,44,46,47],"ascension_level":4}