{"gold_per_floor":[13,23,38,56,56,56,83,83,132,167,167,167,167,181,181,253,253,271,287,287,287,287,287,315,315,339,339,359,359,372,76,76,76],"floor_reached":33,"playtime":1440,"items_purged":["Decay"],"score":546,"play_id":"b6b13e59-455a-40db-857c-40a9b44042c8","local_time":"20190605045133","is_ascension_mode":true,"campfire_choices":[{"data":"Neutralize","floor":6,"key":"SMITH"},{"floor":8,"key":"REST"},{"floor":12,"key":"REST"},{"data":"Catalyst","floor":15,"key":"SMITH"},{"floor":23,"key":"REST"},{"data":"Wraith Form v2","floor":25,"key":"SMITH"},{"data":"Glass Knife","floor":27,"key":"SMITH"},{"floor":32,"key":"REST"}],"neow_cost":"NO_GOLD","seed_source_timestamp":3475402781005615,"circlet_count":0,"master_deck":["AscendersBane","Strike_G+1","Defend_G","Defend_G","Defend_G","Defend_G","Defend_G","Survivor","Neutralize+1","Skewer","Sucker Punch","Cloak And Dagger","Catalyst+1","Poisoned Stab","Caltrops","Wraith Form v2+1","Choke+1","Adrenaline+1","Dagger Spray+1","Caltrops+1","Well Laid Plans","Glass Knife+1"],"relics":["Ring of the Snake","Pocketwatch","Singing Bowl","Whetstone","Pen Nib","Orichalcum","Astrolabe","Gremlin Horn","Blue Candle","Smiling Mask","Vajra"],"potions_floor_usage":[7,14,16,20,33],"damage_taken":[{"damage":0,"enemies":"2 Louse","floor":1,"turns":3},{"damage":0,"enemies":"Small Slimes","floor":2,"turns":4},{"damage":0,"enemies":"Jaw Worm","floor":3,"turns":4},{"damage":1,"enemies":"2 Fungi Beasts","floor":4,"turns":3},{"damage":36,"enemies":"Gremlin Nob","floor":7,"turns":5},{"damage":22,"enemies":"Lagavulin","floor":10,"turns":5},{"damage":0,"enemies":"Gremlin Gang","floor":14,"turns":3},{"damage":16,"enemies":"The Guardian","floor":16,"turns":11},{"damage":4,"enemies":"Chosen","floor":18,"turns":4},{"damage":34,"enemies":"Shell Parasite","floor":19,"turns":9},{"damage":13,"enemies":"Colosseum Slavers","floor":20,"turns":4},{"damage":4,"enemies":"Gremlin Leader","floor":24,"turns":5},{"damage":17,"enemies":"Chosen and Byrds","floor":28,"turns":3},{"damage":1,"enemies":"Cultist and Chosen","floor":30,"turns":5},{"damage":41,"enemies":"Collector","floor":33,"turns":6}],"seed_played":"-7997824529054098696","potions_obtained":[{"floor":1,"key":"SpeedPotion"},{"floor":3,"key":"Explosive Potion"},{"floor":16,"key":"Fruit Juice"},{"floor":19,"key":"Weak Potion"}],"is_trial":false,"path_per_floor":["M","M","M","M","?","R","E","R","T","E","?","R","?","M","R","B",null,"M","M","?","T","?","R","E","R","T","R","M","?","M","$","R","B"],"character_chosen":"THE_SILENT","items_purchased":["Vajra","LiquidBronze"],"campfire_rested":4,"item_purchase_floors":[31,31],"current_hp_per_floor":[59,59,59,58,40,40,4,23,23,1,1,20,20,22,22,11,58,56,22,9,9,9,31,27,27,27,27,12,12,13,13,36,0],"gold":76,"neow_bonus":"ONE_RARE_RELIC","is_prod":false,"is_daily":false,"chose_seed":false,"campfire_upgraded":4,"win_rate":0,"timestamp":1559735493,"path_taken":["M","M","M","M","?","R","E","R","T","E","?","R","?","M","R","BOSS","M","M","?","?","?","R","E","R","T","R","?","?","M","$","R","BOSS"],"build_version":"2019-06-02","purchased_purges":1,"victory":false,"max_hp_per_floor":[66,66,66,66,66,66,66,66,66,66,66,66,66,68,68,73,73,75,75,75,75,75,75,75,75,75,75,77,77,79,79,79,79],"card_choices":[{"not_picked":["Flying Knee","Choke"],"picked":"Skewer","floor":1},{"not_picked":["Slice","Acrobatics"],"picked":"Sucker Punch","floor":2},{"not_picked":["Dodge and Roll","Concentrate"],"picked":"Cloak And Dagger","floor":3},{"not_picked":["Underhanded Strike","Calculated Gamble"],"picked":"Catalyst","floor":4},{"not_picked":["Dagger Spray","Slice"],"picked":"Poisoned Stab","floor":7},{"not_picked":["Backflip","Prepared"],"picked":"Caltrops","floor":10},{"not_picked":["Calculated Gamble","Masterful Stab","Outmaneuver"],"picked":"Singing Bowl","floor":14},{"not_picked":["After Image","Venomology"],"picked":"Wraith Form v2","floor":16},{"not_picked":["Slice","Blade Dance","Prepared"],"picked":"Singing Bowl","floor":18},{"not_picked":["Acrobatics","Masterful Stab"],"picked":"Caltrops+1","floor":19},{"not_picked":["Blade Dance+1","Acrobatics"],"picked":"Glass Knife","floor":24},{"not_picked":["Blade Dance+1","Quick Slash","Slice"],"picked":"Singing Bowl","floor":28},{"not_picked":["Deflect","Tactician","Cloak And Dagger"],"picked":"Singing Bowl","floor":30}],"player_experience":1302718,"relics_obtained":[{"floor":7,"key":"Whetstone"},{"floor":9,"key":"Pen Nib"},{"floor":10,"key":"Orichalcum"},{"floor":21,"key":"Gremlin Horn"},{"floor":24,"key":"Blue Candle"},{"floor":26,"key":"Smiling Mask"}],"event_choices":[{"damage_healed":0,"gold_gain":0,"player_choice":"Success","damage_taken":18,"relics_obtained":["Singing Bowl"],"max_hp_gain":0,"max_hp_loss":0,"event_name":"Scrap Ooze","floor":5,"gold_loss":0},{"damage_healed":0,"gold_gain":0,"player_choice":"Ignored","damage_taken":0,"max_hp_gain":0,"max_hp_loss":0,"event_name":"Shining Light","floor":11,"gold_loss":0},{"damage_healed":0,"gold_gain":0,"player_choice":"Ignored","damage_taken":0,"max_hp_gain":0,"max_hp_loss":0,"event_name":"Liars Game","floor":13,"gold_loss":0},{"damage_healed":0,"gold_gain":0,"player_choice":"Fight","damage_taken":0,"max_hp_gain":0,"max_hp_loss":0,"event_name":"Colosseum","floor":20,"gold_loss":0},{"damage_healed":0,"gold_gain":0,"player_choice":"Fled From Nobs","damage_taken":0,"max_hp_gain":0,"max_hp_loss":0,"event_name":"Colosseum","floor":20,"gold_loss":0},{"damage_healed":0,"gold_gain":0,"cards_transformed":["Strike_G"],"player_choice":"Transformed","damage_taken":0,"max_hp_gain":0,"max_hp_loss":0,"event_name":"Transmorgrifier","floor":22,"gold_loss":0,"cards_obtained":["Well Laid Plans"]},{"damage_healed":0,"gold_gain":0,"player_choice":"Smashed Altar","damage_taken":0,"max_hp_gain":0,"max_hp_loss":0,"event_name":"Forgotten Altar","floor":29,"gold_loss":0,"cards_obtained":["Decay"]}],"is_beta":true,"boss_relics":[{"not_picked":["Sozu","Fusion Hammer"],"picked":"Astrolabe"}],"items_purged_floors":[31],"is_endless":false,"potions_floor_spawned":[1,3,16,19,20],"killed_by":"Collector","ascension_level":20}