{"gold_per_floor":[110,128,128,93,108,152,173,173,173,196,209,242,242],"floor_reached":13,"playtime":649,"items_purged":[],"score":194,"play_id":"e4f02d5b-7d8a-4536-9841-87affa72e6e2","local_time":"20181112230749","is_ascension_mode":true,"campfire_choices":[{"data":"Bash","floor":8,"key":"SMITH"}],"neow_cost":"NONE","seed_source_timestamp":4568406447619086,"circlet_count":0,"master_deck":["AscendersBane","Strike_R","Strike_R","Strike_R","Strike_R","Defend_R","Defend_R","Defend_R","Defend_R","Bash+1","Flame Barrier","True Grit","Bludgeon","Metallicize","Iron Wave","Evolve","Disarm","Second Wind"],"relics":["Burning Blood","Golden Idol","Sundial","Turnip","Charon\u0027s Ashes"],"potions_floor_usage":[6,6,7],"damage_taken":[{"damage":10,"enemies":"Small Slimes","floor":1,"turns":4},{"damage":0,"enemies":"Jaw Worm","floor":2,"turns":3},{"damage":3,"enemies":"2 Louse","floor":5,"turns":3},{"damage":20,"enemies":"Lagavulin","floor":6,"turns":7},{"damage":26,"enemies":"Exordium Wildlife","floor":7,"turns":6},{"damage":9,"enemies":"2 Fungi Beasts","floor":10,"turns":4},{"damage":18,"enemies":"Red Slaver","floor":11,"turns":6},{"damage":14,"enemies":"3 Sentries","floor":12,"turns":10},{"damage":20,"enemies":"Large Slime","floor":13,"turns":3}],"seed_played":"-6034981953347238741","potions_obtained":[{"floor":1,"key":"AttackPotion"},{"floor":5,"key":"SpeedPotion"},{"floor":6,"key":"LiquidBronze"},{"floor":12,"key":"SteroidPotion"}],"is_trial":false,"path_per_floor":["M","M","?","?","M","E","M","R","T","M","M","E","M"],"character_chosen":"IRONCLAD","items_purchased":[],"campfire_rested":0,"item_purchase_floors":[],"current_hp_per_floor":[64,70,44,62,65,51,31,31,31,28,16,8,0],"gold":242,"neow_bonus":"REMOVE_CARD","is_prod":false,"is_daily":false,"chose_seed":false,"campfire_upgraded":1,"win_rate":0,"timestamp":1542092869,"path_taken":["M","M","?","?","M","E","M","R","T","?","M","E","M"],"build_version":"2018-11-12","purchased_purges":0,"victory":false,"max_hp_per_floor":[75,75,75,75,75,75,75,75,75,75,75,75,75],"card_choices":[{"not_picked":["Body Slam","Rupture"],"picked":"Flame Barrier","floor":1},{"not_picked":["Perfected Strike","Flex"],"picked":"True Grit","floor":2},{"not_picked":["Iron Wave","Combust"],"picked":"Bludgeon","floor":5},{"not_picked":["Heavy Blade","Dropkick"],"picked":"Metallicize","floor":6},{"not_picked":["Perfected Strike","Sentinel"],"picked":"Iron Wave","floor":7},{"not_picked":["Sword Boomerang","Heavy Blade"],"picked":"Evolve","floor":10},{"not_picked":["Iron Wave","Carnage"],"picked":"Disarm","floor":11},{"not_picked":["Combust","Bloodletting"],"picked":"Second Wind","floor":12}],"player_experience":1076725,"relics_obtained":[{"floor":6,"key":"Sundial"},{"floor":9,"key":"Turnip"},{"floor":12,"key":"Charon\u0027s Ashes"}],"event_choices":[{"damage_healed":0,"gold_gain":0,"player_choice":"Take Damage","damage_taken":26,"relics_obtained":["Golden Idol"],"max_hp_gain":0,"max_hp_loss":0,"event_name":"Golden Idol","floor":3,"gold_loss":0},{"damage_healed":18,"gold_gain":0,"player_choice":"Healed","damage_taken":0,"max_hp_gain":0,"max_hp_loss":0,"event_name":"The Cleric","floor":4,"gold_loss":35}],"is_beta":true,"boss_relics":[],"items_purged_floors":[],"is_endless":false,"potions_floor_spawned":[1,5,6,12],"killed_by":"Large Slime","ascension_level":20}