{"gold_per_floor":[117,192,39,49,49,78,78,95,118,118,118,151,169,68,68,172,172,187,187,187,169,188,188],"floor_reached":23,"playtime":1837,"items_purged":["Strike_P"],"score":274,"play_id":"02f1b41e-4103-43b9-8208-700b2aedc551","local_time":"20190910063247","is_ascension_mode":false,"campfire_choices":[{"data":"Eruption","floor":7,"key":"SMITH"},{"floor":11,"key":"REST"},{"data":"Protect","floor":15,"key":"SMITH"}],"neow_cost":"NONE","seed_source_timestamp":311189958676258,"circlet_count":0,"master_deck":["Eruption+1","Vigilance","Conclude","TalkToTheHand+1","EmptyMind","Protect+1","Eruption","Perseverance","FollowUp","EmptyFist","ReachHeaven","ThirdEye","MasterReality","PathToVictory","Halt","EmptyBody","Nirvana","LessonLearned","Adaptation","Fasting"],"relics":["PureWater","NeowsBlessing","MealTicket","Dream Catcher","Ancient Tea Set","Pen Nib","Pandora\u0027s Box"],"potions_floor_usage":[12,16,18,21,21,22],"damage_taken":[{"damage":0,"enemies":"Small Slimes","floor":1,"turns":1},{"damage":0,"enemies":"Cultist","floor":4,"turns":1},{"damage":0,"enemies":"3 Sentries","floor":6,"turns":1},{"damage":3,"enemies":"Jaw Worm","floor":8,"turns":3},{"damage":2,"enemies":"Gremlin Nob","floor":12,"turns":3},{"damage":1,"enemies":"2 Fungi Beasts","floor":13,"turns":3},{"damage":0,"enemies":"Slime Boss","floor":16,"turns":2},{"damage":8,"enemies":"3 Byrds","floor":18,"turns":6},{"damage":8,"enemies":"2 Thieves","floor":21,"turns":4},{"damage":15,"enemies":"Sentry and Sphere","floor":22,"turns":4},{"damage":40,"enemies":"Slavers","floor":23,"turns":3}],"seed_played":"-7922794742550405745","potions_obtained":[{"floor":4,"key":"Explosive Potion"},{"floor":6,"key":"SteroidPotion"},{"floor":13,"key":"Block Potion"},{"floor":18,"key":"Poison Potion"},{"floor":21,"key":"AttackPotion"}],"is_trial":false,"path_per_floor":["M","?","$","M","?","E","R","M","T","?","R","E","M","$","R","B",null,"M","?","?","M","M","E"],"character_chosen":"WATCHER","items_purchased":["TalkToTheHand","EmptyMind","Explosive Potion","ThirdEye"],"campfire_rested":1,"item_purchase_floors":[3,3,3,14],"current_hp_per_floor":[65,54,54,54,54,54,54,51,51,39,58,56,55,65,65,65,65,57,57,57,49,34,0],"gold":188,"neow_bonus":"THREE_ENEMY_KILL","is_prod":false,"is_daily":false,"chose_seed":false,"campfire_upgraded":2,"win_rate":0.0,"timestamp":1568089967,"path_taken":["M","?","$","M","?","E","R","?","T","?","R","E","M","$","R","BOSS","M","?","?","M","?","E"],"build_version":"2019-09-09v2","purchased_purges":1,"victory":false,"max_hp_per_floor":[65,65,65,65,65,65,65,65,65,65,65,65,65,65,65,65,65,65,65,65,65,65,65],"card_choices":[{"not_picked":["BowlingBash","FlyingSleeves"],"picked":"Conclude","floor":1},{"not_picked":["Vengeance","Weave"],"picked":"Protect","floor":4},{"not_picked":["WreathOfFlame","Fasting"],"picked":"Perseverance","floor":6},{"not_picked":["Weave","Evaluate"],"picked":"FollowUp","floor":8},{"not_picked":["TalkToTheHand","Sanctity"],"picked":"EmptyFist","floor":11},{"not_picked":["Consecrate","EmptyMind"],"picked":"ReachHeaven","floor":12},{"not_picked":["Protect","InnerPeace","EmptyFist"],"picked":"SKIP","floor":13},{"not_picked":["Nirvana","SignatureMove"],"picked":"MasterReality","floor":16},{"not_picked":["Sanctity","Scrawl","Weave"],"picked":"SKIP","floor":18},{"not_picked":["Swivel","JustLucky","ThirdEye"],"picked":"SKIP","floor":21},{"not_picked":["BowlingBash","Consecrate","Crescendo"],"picked":"SKIP","floor":22}],"player_experience":602518,"relics_obtained":[{"floor":6,"key":"MealTicket"},{"floor":9,"key":"Dream Catcher"},{"floor":12,"key":"Pen Nib"}],"event_choices":[{"damage_healed":0,"gold_gain":75,"player_choice":"Gather Gold","damage_taken":11,"max_hp_gain":0,"max_hp_loss":0,"event_name":"World of Goop","floor":2,"gold_loss":0},{"damage_healed":0,"gold_gain":0,"player_choice":"1 cards matched","damage_taken":0,"max_hp_gain":0,"max_hp_loss":0,"event_name":"Match and Keep!","floor":5,"gold_loss":0,"cards_obtained":["Eruption"]},{"damage_healed":0,"gold_gain":0,"player_choice":"Success","damage_taken":12,"relics_obtained":["Ancient Tea Set"],"max_hp_gain":0,"max_hp_loss":0,"event_name":"Scrap Ooze","floor":10,"gold_loss":0},{"damage_healed":0,"gold_gain":0,"player_choice":"Ignored","damage_taken":0,"max_hp_gain":0,"max_hp_loss":0,"event_name":"The Mausoleum","floor":19,"gold_loss":0},{"damage_healed":0,"gold_gain":0,"player_choice":"Ignored","damage_taken":0,"max_hp_gain":0,"max_hp_loss":0,"event_name":"NoteForYourself","floor":20,"gold_loss":0}],"is_beta":true,"boss_relics":[{"not_picked":["Tiny House","Calling Bell"],"picked":"Pandora\u0027s Box"}],"items_purged_floors":[14],"is_endless":false,"potions_floor_spawned":[4,6,13,18,21],"killed_by":"Slavers","ascension_level":0}