{"gold_per_floor":[117,136,151,165,178,178,238,238,261,288,357,432,450,450,450,547,547,564,292,292,41,57,90,106,205,232,261,87,112,127,147,147,242,292,306,100,114,24,0,0,25,25,52,67,97,97,122,135,135,135],"floor_reached":51,"playtime":3505,"items_purged":["Defend_G","Strike_G"],"score":1231,"play_id":"0204cfc0-539f-4ea3-b140-27b4e6fc52db","local_time":"20190101233801","is_ascension_mode":true,"campfire_choices":[{"data":"Dash","floor":6.0,"key":"SMITH"},{"floor":8.0,"key":"REST"},{"floor":15.0,"key":"REST"},{"floor":32.0,"key":"REST"},{"floor":40.0,"key":"REST"},{"floor":42.0,"key":"REST"},{"floor":46,"key":"REST"},{"floor":49,"key":"REST"}],"neow_cost":"NONE","seed_source_timestamp":0,"circlet_count":0,"master_deck":["Defend_G","Defend_G","Defend_G","Defend_G","Strike_G","Strike_G","Strike_G","Strike_G","Survivor","Neutralize","Backflip","Prepared","Dash+1","Dagger Spray","Cloak And Dagger+1","Crippling Poison+1","Crippling Poison","All Out Attack","Glass Knife","Backflip+1","Necronomicurse","Leg Sweep","Adrenaline","Skewer+1","Blur","Escape Plan+1","Bullet Time+1","Choke","Flechettes+1","Predator+1","Venomology","Well Laid Plans","Die Die Die","Dash+1","Burst"],"special_seed":0,"relics":["Ring of the Snake","Tiny Chest","Dream Catcher","Bronze Scales","Boot","Fusion Hammer","Lee\u0027s Waffle","Necronomicon","Bottled Flame","Juzu Bracelet","PreservedInsect","Letter Opener","Bird Faced Urn","Tiny House","TwistedFunnel","The Specimen","Red Mask","War Paint","Lantern","Ornamental Fan","Bottled Tornado"],"potions_floor_usage":[45,47,50,50,50,50],"damage_taken":[{"damage":3.0,"enemies":"Cultist","floor":1.0,"turns":6.0},{"damage":0.0,"enemies":"Small Slimes","floor":2.0,"turns":5.0},{"damage":7.0,"enemies":"Jaw Worm","floor":3.0,"turns":5.0},{"damage":4.0,"enemies":"Looter","floor":4.0,"turns":3.0},{"damage":11.0,"enemies":"3 Louse","floor":5.0,"turns":4.0},{"damage":20.0,"enemies":"3 Sentries","floor":7.0,"turns":11.0},{"damage":15.0,"enemies":"Gremlin Nob","floor":10.0,"turns":5.0},{"damage":0.0,"enemies":"Exordium Wildlife","floor":13.0,"turns":3.0},{"damage":31.0,"enemies":"Hexaghost","floor":16.0,"turns":9.0},{"damage":2.0,"enemies":"Chosen","floor":18.0,"turns":4.0},{"damage":0.0,"enemies":"Spheric Guardian","floor":22.0,"turns":3.0},{"damage":31.0,"enemies":"Gremlin Leader","floor":23.0,"turns":8.0},{"damage":1.0,"enemies":"Snake Plant","floor":24.0,"turns":4.0},{"damage":7.0,"enemies":"Book of Stabbing","floor":27.0,"turns":4.0},{"damage":11.0,"enemies":"Gremlin Leader","floor":29.0,"turns":5.0},{"damage":0.0,"enemies":"Sentry and Sphere","floor":30.0,"turns":3.0},{"damage":2.0,"enemies":"Chosen and Byrds","floor":31.0,"turns":3.0},{"damage":36.0,"enemies":"Collector","floor":33.0,"turns":9.0},{"damage":0.0,"enemies":"3 Shapes","floor":35.0,"turns":3.0},{"damage":0.0,"enemies":"Orb Walker","floor":37.0,"turns":3.0},{"damage":34.0,"enemies":"Giant Head","floor":41.0,"turns":6.0},{"damage":16.0,"enemies":"Transient","floor":44.0,"turns":5.0},{"damage":0,"enemies":"Nemesis","floor":45,"turns":3},{"damage":26,"enemies":"Giant Head","floor":47,"turns":6},{"damage":0,"enemies":"3 Darklings","floor":48,"turns":3},{"damage":72,"enemies":"Awakened One","floor":50,"turns":12}],"seed_played":"-7264601014432844862","potions_obtained":[{"floor":2.0,"key":"FearPotion"},{"floor":3.0,"key":"Dexterity Potion"},{"floor":10.0,"key":"LiquidBronze"},{"floor":13.0,"key":"Explosive Potion"},{"floor":24.0,"key":"Block Potion"},{"floor":27.0,"key":"Explosive Potion"},{"floor":29.0,"key":"Swift Potion"},{"floor":34.0,"key":"Strength Potion"},{"floor":35.0,"key":"AttackPotion"},{"floor":47,"key":"AttackPotion"}],"is_trial":false,"path_per_floor":["M","M","M","M","M","R","E","R","T","E","?","?","M","M","T","R","B",null,"M","$","?","$","M","M","E","M","?","T","E","$","E","M","M","R","B",null,"M","$","M","?","?","R","E","R","T","M","E","R","E","M","R","B",null],"character_chosen":"THE_SILENT","items_purchased":["Lee\u0027s Waffle","Bottled Flame","Regen Potion","TwistedFunnel"],"campfire_rested":7,"item_purchase_floors":[19,21,28,36],"current_hp_per_floor":[67,67,60,56,45,45,25,48,48,33,33,22,22,22,45,14,61,59,84,68,68,68,37,36,36,36,29,29,18,27,25,50,14,72,72,72,72,72,72,89,55,81,81,65,65,89,63,65,89,17],"gold":135,"neow_bonus":"TEN_PERCENT_HP_BONUS","is_prod":false,"is_daily":false,"chose_seed":false,"campfire_upgraded":1,"win_rate":0,"timestamp":1546403881,"path_taken":["M","M","M","M","?","R","E","R","T","E","?","?","M","?","R","BOSS","M","$","?","$","M","E","M","?","T","E","?","E","M","M","R","BOSS","M","$","M","?","?","R","E","R","T","M","E","R","E","M","R","BOSS"],"build_version":"2018-12-20","purchased_purges":2,"victory":true,"max_hp_per_floor":[77,77,77,77,77,77,77,77,77,77,77,77,77,77,77,77,77,77,84,84,84,84,84,84,84,84,84,84,84,84,84,84,84,89,89,89,89,89,89,89,89,89,89,89,89,89,89,89,89,89],"card_choices":[{"not_picked":["Deflect","Flechettes"],"picked":"Backflip","floor":1.0},{"not_picked":["Concentrate","Quick Slash"],"picked":"Prepared","floor":2.0},{"not_picked":["Acrobatics","Dagger Throw"],"picked":"Dash","floor":3.0},{"not_picked":["Choke","Slice"],"picked":"Dagger Spray","floor":4.0},{"not_picked":["Distraction","Accuracy"],"picked":"Cloak And Dagger","floor":5.0},{"not_picked":["Prepared","Blade Dance","Deadly Poison"],"picked":"SKIP","floor":7.0},{"not_picked":["Infinite Blades","Blade Dance"],"picked":"Crippling Poison","floor":10.0},{"not_picked":["Dodge and Roll","Backflip"],"picked":"Crippling Poison","floor":13.0},{"not_picked":["Predator","Infinite Blades"],"picked":"All Out Attack","floor":15.0},{"not_picked":["Storm of Steel","Malaise"],"picked":"Glass Knife","floor":16.0},{"not_picked":["Bane","Acrobatics+1"],"picked":"Backflip+1","floor":18.0},{"not_picked":["Cloak And Dagger","Underhanded Strike+1"],"picked":"Leg Sweep","floor":22.0},{"not_picked":["Eviscerate+1","Blur"],"picked":"Adrenaline","floor":23.0},{"not_picked":["Acrobatics","Slice+1"],"picked":"Skewer+1","floor":24.0},{"not_picked":["Grand Finale","PiercingWail","Slice"],"picked":"SKIP","floor":27.0},{"not_picked":["Sucker Punch","Acrobatics","Leg Sweep"],"picked":"SKIP","floor":29.0},{"not_picked":["Flying Knee","Poisoned Stab","Sucker Punch"],"picked":"SKIP","floor":30.0},{"not_picked":["Storm of Steel","Dagger Throw"],"picked":"Blur","floor":31.0},{"not_picked":["Outmaneuver","Sucker Punch"],"picked":"Escape Plan+1","floor":32.0},{"not_picked":["Die Die Die","Night Terror"],"picked":"Bullet Time","floor":33.0},{"not_picked":["Blade Dance+1","Acrobatics"],"picked":"Choke","floor":34.0},{"not_picked":["Cloak And Dagger","Dodge and Roll"],"picked":"Flechettes+1","floor":35.0},{"not_picked":["Backflip+1","Prepared+1","Dagger Throw"],"picked":"SKIP","floor":37.0},{"not_picked":["Distraction","Dagger Spray+1"],"picked":"Predator+1","floor":40.0},{"not_picked":["Poisoned Stab+1","Prepared+1"],"picked":"Venomology","floor":41.0},{"not_picked":["Blade Dance","All Out Attack+1"],"picked":"Well Laid Plans","floor":44.0},{"not_picked":["PiercingWail+1","Infinite Blades","Dagger Spray+1"],"picked":"SKIP","floor":45},{"not_picked":["Bouncing Flask","Outmaneuver"],"picked":"Die Die Die","floor":47},{"not_picked":["Caltrops+1","PiercingWail"],"picked":"Dash+1","floor":48},{"not_picked":["Calculated Gamble","Underhanded Strike+1"],"picked":"Burst","floor":49}],"player_experience":229927,"relics_obtained":[{"floor":7.0,"key":"Tiny Chest"},{"floor":9.0,"key":"Dream Catcher"},{"floor":10.0,"key":"Bronze Scales"},{"floor":14.0,"key":"Boot"},{"floor":20.0,"key":"Necronomicon"},{"floor":23.0,"key":"Juzu Bracelet"},{"floor":26.0,"key":"PreservedInsect"},{"floor":27.0,"key":"Letter Opener"},{"floor":29.0,"key":"Bird Faced Urn"},{"floor":41.0,"key":"War Paint"},{"floor":43.0,"key":"Lantern"},{"floor":45,"key":"Ornamental Fan"},{"floor":47,"key":"Bottled Tornado"}],"event_choices":[{"damage_healed":0.0,"max_hp_gain":0.0,"max_hp_loss":0.0,"gold_gain":69.0,"event_name":"Golden Wing","player_choice":"Gained Gold","floor":11.0,"gold_loss":0.0,"damage_taken":0.0},{"damage_healed":0.0,"max_hp_gain":0.0,"max_hp_loss":0.0,"gold_gain":75.0,"event_name":"World of Goop","player_choice":"Gather Gold","floor":12.0,"gold_loss":0.0,"damage_taken":11.0},{"damage_healed":0.0,"max_hp_gain":0.0,"max_hp_loss":0.0,"gold_gain":0.0,"event_name":"Cursed Tome","player_choice":"Obtained Book","floor":20.0,"gold_loss":0.0,"damage_taken":16.0},{"damage_healed":0.0,"max_hp_gain":0.0,"max_hp_loss":0.0,"gold_gain":99.0,"event_name":"Nest","player_choice":"Stole From Cult","floor":25.0,"gold_loss":0.0,"damage_taken":0.0},{"damage_healed":0.0,"max_hp_gain":0.0,"max_hp_loss":0.0,"gold_gain":0.0,"event_name":"WeMeetAgain","player_choice":"Paid Gold","floor":38.0,"gold_loss":90.0,"damage_taken":0.0,"relics_obtained":["The Specimen"]},{"damage_healed":0.0,"max_hp_gain":0.0,"max_hp_loss":0.0,"gold_gain":0.0,"event_name":"Tomb of Lord Red Mask","player_choice":"Paid","floor":39.0,"gold_loss":24.0,"damage_taken":0.0,"relics_obtained":["Red Mask"]}],"is_beta":false,"boss_relics":[{"not_picked":["Busted Crown","Ectoplasm"],"picked":"Fusion Hammer"},{"not_picked":["Sozu","Cursed Key"],"picked":"Tiny House"}],"items_purged_floors":[19,28],"is_endless":false,"potions_floor_spawned":[2,3,10,13,24,27,29,35,47,48],"ascension_level":9}