{"gold_per_floor":[118,193,193,203,215,215,230,261,261,273,328,13,25,45,45,147,147,163,78,92,92,103,103,136,136,190,204,217,252,83,95,95,200,200,220,220,220,235,215,215,244,244,244,244,276,276,276,20,20,20],"floor_reached":51,"playtime":3770,"items_purged":["Strike_B","Strike_B","Defend_B"],"score":894,"play_id":"6a0c1653-373a-4450-b121-a8e0151a22cf","local_time":"20190327180146","is_ascension_mode":true,"campfire_choices":[{"data":"Self Repair","floor":6.0,"key":"SMITH"},{"data":"Go for the Eyes","floor":15.0,"key":"SMITH"},{"data":"Coolheaded","floor":23.0,"key":"SMITH"},{"data":"White Noise","floor":25.0,"key":"SMITH"},{"data":"Coolheaded","floor":32.0,"key":"SMITH"},{"data":"Panacea","floor":40,"key":"SMITH"},{"data":"FTL","floor":42,"key":"SMITH"},{"data":"Dark Shackles","floor":44,"key":"SMITH"},{"data":"Beam Cell","floor":46,"key":"SMITH"},{"floor":47,"key":"REST"},{"data":"Violence","floor":49,"key":"SMITH"}],"neow_cost":"PERCENT_DAMAGE","seed_source_timestamp":0,"circlet_count":0,"master_deck":["Strike_B","Defend_B","Defend_B","Zap+1","Dualcast","Ball Lightning","Self Repair+1","Cold Snap","Go for the Eyes+1","Gash","Undo","Beam Cell+1","White Noise+1","Biased Cognition+1","Gash","Coolheaded+1","Machine Learning+1","Hologram+1","Coolheaded+1","FTL+1","Rebound+1","Buffer+1","Decay","Dark Shackles+1","Violence+1","Panacea+1","Chill+1"],"special_seed":0,"relics":["Cracked Core","Bottled Lightning","Mango","Omamori","Frozen Egg 2","Nuclear Battery","Bird Faced Urn","Singing Bowl","Lantern","Matryoshka","Calling Bell","Strawberry","The Courier","WingedGreaves","Boot","Bottled Tornado","Darkstone Periapt","DataDisk"],"potions_floor_usage":[41,48,50,50,50],"damage_taken":[{"damage":0.0,"enemies":"2 Louse","floor":1.0,"turns":2.0},{"damage":7.0,"enemies":"Jaw Worm","floor":4.0,"turns":2.0},{"damage":9.0,"enemies":"Small Slimes","floor":5.0,"turns":3.0},{"damage":6.0,"enemies":"Exordium Wildlife","floor":7.0,"turns":2.0},{"damage":24.0,"enemies":"3 Sentries","floor":8.0,"turns":7.0},{"damage":6.0,"enemies":"2 Fungi Beasts","floor":10.0,"turns":3.0},{"damage":7.0,"enemies":"Red Slaver","floor":13.0,"turns":3.0},{"damage":8.0,"enemies":"Large Slime","floor":14.0,"turns":5.0},{"damage":14.0,"enemies":"Slime Boss","floor":16.0,"turns":8.0},{"damage":22.0,"enemies":"2 Thieves","floor":18.0,"turns":3.0},{"damage":12.0,"enemies":"3 Byrds","floor":20.0,"turns":4.0},{"damage":6.0,"enemies":"Sentry and Sphere","floor":22.0,"turns":4.0},{"damage":40.0,"enemies":"Slavers","floor":24.0,"turns":10.0},{"damage":14.0,"enemies":"Shelled Parasite and Fungi","floor":27.0,"turns":5.0},{"damage":10.0,"enemies":"Chosen and Byrds","floor":28.0,"turns":5.0},{"damage":9.0,"enemies":"Gremlin Leader","floor":29.0,"turns":6.0},{"damage":12.0,"enemies":"Cultist and Chosen","floor":31.0,"turns":5.0},{"damage":30.0,"enemies":"Champ","floor":33.0,"turns":11.0},{"damage":28.0,"enemies":"3 Darklings","floor":35.0,"turns":5.0},{"damage":13,"enemies":"3 Shapes","floor":38,"turns":7},{"damage":10,"enemies":"Nemesis","floor":41,"turns":9},{"damage":39,"enemies":"Giant Head","floor":45,"turns":10},{"damage":58,"enemies":"Time Eater","floor":50,"turns":13}],"seed_played":"8617096266245435328","potions_obtained":[{"floor":7.0,"key":"Weak Potion"},{"floor":10.0,"key":"Strength Potion"},{"floor":14.0,"key":"LiquidBronze"},{"floor":16.0,"key":"Ancient Potion"},{"floor":22.0,"key":"Block Potion"},{"floor":28.0,"key":"SteroidPotion"},{"floor":29.0,"key":"Explosive Potion"},{"floor":38,"key":"LiquidBronze"},{"floor":45,"key":"Dexterity Potion"}],"is_trial":false,"path_per_floor":["M","?","?","M","M","R","M","E","T","M","T","$","M","M","R","B",null,"M","?","M","$","M","R","E","R","T","M","M","E","$","M","R","B",null,"M","?","?","M","?","R","E","R","T","R","E","R","R","$","R","B",null],"character_chosen":"DEFECT","items_purchased":["Frozen Egg 2","FTL","Fruit Juice","Strength Potion","Block Potion"],"campfire_rested":1,"item_purchase_floors":[12,30,48,48,48],"current_hp_per_floor":[54,43,43,36,34,34,38,24,38,42,42,42,45,47,47,43,78,56,56,60,60,70,70,46,46,46,50,58,69,69,75,75,63,91,73,73,63,72,72,72,84,84,84,84,65,65,94,99,99,60],"gold":20,"neow_bonus":"REMOVE_TWO","is_prod":false,"is_daily":false,"chose_seed":false,"campfire_upgraded":10,"win_rate":0,"timestamp":1553724106,"path_taken":["M","?","?","M","M","R","M","E","T","M","?","$","M","M","R","BOSS","BOSS","M","?","M","$","M","R","E","R","T","M","M","E","$","M","R","BOSS","M","?","?","M","?","R","E","R","T","R","E","R","R","$","R","BOSS"],"build_version":"2019-01-23","purchased_purges":3,"victory":true,"max_hp_per_floor":[75,75,75,75,75,75,75,75,89,89,89,89,89,89,89,89,89,89,89,89,89,89,89,89,89,89,89,89,91,91,91,91,91,98,100,95,95,97,97,97,99,99,99,99,99,99,99,104,104,104],"card_choices":[{"not_picked":["Redo","Lockon"],"picked":"Ball Lightning","floor":1.0},{"not_picked":["Lockon","Cold Snap"],"picked":"Self Repair","floor":4.0},{"not_picked":["Tempest","Beam Cell"],"picked":"Cold Snap","floor":5.0},{"not_picked":["Streamline","Rebound"],"picked":"Go for the Eyes","floor":7.0},{"not_picked":["Tempest","Hologram"],"picked":"Gash","floor":8.0},{"not_picked":["Streamline","Rip and Tear"],"picked":"Undo","floor":10.0},{"not_picked":["Compile Driver","Hologram"],"picked":"Beam Cell","floor":13.0},{"not_picked":["Aggregate","Steam"],"picked":"White Noise","floor":14.0},{"not_picked":["Meteor Strike","Core Surge"],"picked":"Biased Cognition+1","floor":16.0},{"not_picked":["Steam","Coolheaded"],"picked":"Gash","floor":18.0},{"not_picked":["Stack+1","Compile Driver"],"picked":"Coolheaded","floor":20.0},{"not_picked":["Fusion+1","Cold Snap+1","Turbo"],"picked":"SKIP","floor":22.0},{"not_picked":["Compile Driver","Go for the Eyes"],"picked":"Machine Learning+1","floor":24.0},{"not_picked":["Force Field","Darkness"],"picked":"Hologram+1","floor":27.0},{"not_picked":["Biased Cognition+1","Defragment+1"],"picked":"Coolheaded","floor":28.0},{"not_picked":["Coolheaded","BootSequence+1","Sweeping Beam"],"picked":"Singing Bowl","floor":29.0},{"not_picked":["Conserve Battery","Turbo"],"picked":"Rebound+1","floor":31.0},{"not_picked":["Meteor Strike","Multi-Cast"],"picked":"Buffer+1","floor":33.0},{"not_picked":["Rebound+1","Stack+1","Steam+1"],"picked":"Singing Bowl","floor":35.0},{"not_picked":["PanicButton","Good Instincts"],"picked":"Dark Shackles","floor":37.0},{"not_picked":["HandOfGreed","Enlightenment"],"picked":"Violence","floor":37.0},{"not_picked":["Deep Breath","Dramatic Entrance"],"picked":"Panacea","floor":37.0},{"not_picked":["Ball Lightning","Recycle","Coolheaded"],"picked":"Singing Bowl","floor":38},{"not_picked":["White Noise+1","Steam+1","Sweeping Beam"],"picked":"Singing Bowl","floor":41},{"not_picked":["Leap+1","Recycle"],"picked":"Chill+1","floor":45}],"player_experience":481286,"relics_obtained":[{"floor":8.0,"key":"Bottled Lightning"},{"floor":9.0,"key":"Mango"},{"floor":11.0,"key":"Omamori"},{"floor":24.0,"key":"Singing Bowl"},{"floor":26.0,"key":"Lantern"},{"floor":29.0,"key":"Matryoshka"},{"floor":34.0,"key":"Strawberry"},{"floor":34.0,"key":"The Courier"},{"floor":34.0,"key":"WingedGreaves"},{"floor":41,"key":"Boot"},{"floor":43,"key":"Bottled Tornado"},{"floor":43,"key":"Darkstone Periapt"},{"floor":45,"key":"DataDisk"}],"event_choices":[{"damage_healed":0.0,"max_hp_gain":0.0,"max_hp_loss":0.0,"gold_gain":75.0,"event_name":"World of Goop","player_choice":"Gather Gold","floor":2.0,"gold_loss":0.0,"damage_taken":11.0},{"damage_healed":0.0,"max_hp_gain":0.0,"max_hp_loss":0.0,"gold_gain":0.0,"event_name":"Living Wall","player_choice":"Grow","floor":3.0,"gold_loss":0.0,"damage_taken":0.0,"cards_upgraded":["Zap"]},{"damage_healed":0.0,"max_hp_gain":0.0,"max_hp_loss":0.0,"gold_gain":0.0,"event_name":"Addict","player_choice":"Obtained Relic","floor":19.0,"gold_loss":85.0,"damage_taken":0.0,"relics_obtained":["Bird Faced Urn"]},{"damage_healed":0.0,"max_hp_gain":0.0,"max_hp_loss":5.0,"gold_gain":0.0,"event_name":"Winding Halls","player_choice":"Max HP","floor":36.0,"gold_loss":0.0,"damage_taken":0.0},{"damage_healed":0.0,"max_hp_gain":0.0,"max_hp_loss":0.0,"gold_gain":0.0,"event_name":"SensoryStone","player_choice":"Memory 3","floor":37.0,"gold_loss":0.0,"damage_taken":10.0},{"damage_healed":0,"gold_gain":0,"player_choice":"Bought 1 Potion","damage_taken":0,"max_hp_gain":0,"max_hp_loss":0,"event_name":"The Woman in Blue","floor":39,"gold_loss":0}],"is_beta":false,"boss_relics":[{"not_picked":["Inserter","Coffee Dripper"],"picked":"Nuclear Battery"},{"not_picked":["Cursed Key","White Beast Statue"],"picked":"Calling Bell"}],"items_purged_floors":[12,30,48],"is_endless":false,"potions_floor_spawned":[7,10,14,16,22,28,29,31,38,45],"ascension_level":5}