{"gold_per_floor":[119,135,150,150,75,75,106,106,132,148,163,186,186,204,204,300,300,319,340,390,1,1,1,32,51,76,76,76,114,139,139,139,228,228,248,581,1580,800,816,816,844,844,868,868,868,11,11,11,11,11],"floor_reached":51,"playtime":2966,"items_purged":["Strike_B","Defend_B","Normality","Normality"],"score":1301,"play_id":"a4f0925a-f387-473e-a9e6-16462d1fdc24","local_time":"20180712161216","is_ascension_mode":true,"campfire_choices":[{"data":"Streamline","floor":6.0,"key":"SMITH"},{"data":"Hologram","floor":8.0,"key":"SMITH"},{"data":"Beam Cell","floor":13.0,"key":"SMITH"},{"floor":15.0,"key":"REST"},{"floor":23.0,"key":"REST"},{"data":"Zap","floor":28.0,"key":"SMITH"},{"floor":32.0,"key":"REST"},{"data":"Thunder Strike","floor":40.0,"key":"SMITH"},{"data":"Steam Power","floor":42.0,"key":"SMITH"},{"data":"Consume","floor":49,"key":"SMITH"}],"neow_cost":"","seed_source_timestamp":0,"circlet_count":0,"master_deck":["Defend_B+1","Defend_B+1","Defend_B+1","Zap+1","Dualcast","AscendersBane","Beam Cell+1","Streamline+1","Coolheaded","Hologram+1","Hologram","Steam Power+1","Electrodynamics","Barrage+1","Redo+1","Consume+1","Static Discharge","Glacier","Storm+1","Ghostly","Ghostly","Ghostly","Ghostly","Ghostly","Leap+1","Heatsinks+1","Thunder Strike+1","Fission","Ghostly","Capacitor","Thinking Ahead"],"special_seed":0,"relics":["Cracked Core","Potion Belt","Happy Flower","Astrolabe","Incense Burner","Boot","Juzu Bracelet","Shuriken","Nuclear Battery","Emotion Chip","DollysMirror","Sundial","Bag of Marbles","Blood Vial","Ornamental Fan","Toy Ornithopter"],"potions_floor_usage":[50],"damage_taken":[{"damage":15.0,"enemies":"Small Slimes","floor":1.0,"turns":3.0},{"damage":6.0,"enemies":"2 Louse","floor":2.0,"turns":2.0},{"damage":0.0,"enemies":"Cultist","floor":3.0,"turns":4.0},{"damage":11.0,"enemies":"3 Sentries","floor":7.0,"turns":8.0},{"damage":6.0,"enemies":"3 Louse","floor":10.0,"turns":2.0},{"damage":1.0,"enemies":"2 Fungi Beasts","floor":11.0,"turns":2.0},{"damage":7.0,"enemies":"Large Slime","floor":12.0,"turns":2.0},{"damage":8.0,"enemies":"Blue Slaver","floor":14.0,"turns":2.0},{"damage":23.0,"enemies":"Slime Boss","floor":16.0,"turns":7.0},{"damage":32.0,"enemies":"Chosen","floor":18.0,"turns":7.0},{"damage":9.0,"enemies":"3 Byrds","floor":19.0,"turns":3.0},{"damage":0.0,"enemies":"Gremlin Leader","floor":24.0,"turns":6.0},{"damage":18.0,"enemies":"Centurion and Healer","floor":25.0,"turns":8.0},{"damage":1.0,"enemies":"Book of Stabbing","floor":29.0,"turns":7.0},{"damage":0.0,"enemies":"Sentry and Sphere","floor":30.0,"turns":4.0},{"damage":13.0,"enemies":"Automaton","floor":33.0,"turns":11.0},{"damage":0.0,"enemies":"Flame Bruiser 1 Orb","floor":35.0,"turns":6.0},{"damage":0.0,"enemies":"3 Shapes","floor":39.0,"turns":5.0},{"damage":2.0,"enemies":"2 Orb Walkers","floor":41.0,"turns":6.0},{"damage":1,"enemies":"Awakened One","floor":50,"turns":14}],"seed_played":"-6604056981586489925","potions_obtained":[{"floor":3.0,"key":"SpeedPotion"},{"floor":7.0,"key":"FearPotion"},{"floor":10.0,"key":"EssenceOfSteel"},{"floor":11.0,"key":"LiquidBronze"},{"floor":33.0,"key":"FearPotion"},{"floor":35.0,"key":"Weak Potion"},{"floor":41.0,"key":"GamblersBrew"}],"is_trial":false,"path_per_floor":["M","M","M","?","$","R","E","R","T","M","M","M","R","M","R","B",null,"M","M","?","$","?","R","E","M","T","?","R","E","M","?","R","B",null,"M","?","?","$","M","R","E","R","T","T","?","$","?","?","R","B"],"character_chosen":"DEFECT","items_purchased":["Incense Burner","Fission","Emotion Chip","DollysMirror","Energy Potion","Ornamental Fan","Toy Ornithopter","Thinking Ahead"],"campfire_rested":3,"item_purchase_floors":[21,38,38,38,46,46,46,46],"current_hp_per_floor":[49,43,43,43,43,43,32,32,32,26,25,18,18,10,29,6,50,18,9,9,9,9,28,28,10,10,10,10,9,9,9,18,5,25,25,25,25,25,25,25,23,23,23,23,23,23,32,32,32,31],"gold":11,"neow_bonus":"","is_prod":false,"is_daily":false,"chose_seed":false,"campfire_upgraded":7,"win_rate":0,"timestamp":1531437136,"path_taken":["M","M","M","?","$","R","E","R","T","M","M","M","R","M","R","BOSS","M","M","?","$","?","R","E","M","T","?","R","E","M","?","R","BOSS","M","?","?","$","M","R","E","R","T","?","?","$","?","?","R","BOSS"],"build_version":"2018-07-12","purchased_purges":4,"victory":true,"max_hp_per_floor":[71,71,71,64,64,64,64,64,64,64,64,64,64,64,64,64,64,64,64,64,64,64,64,64,64,64,32,32,32,32,32,32,32,32,32,32,32,32,32,32,32,32,32,32,32,32,32,32,32,32],"card_choices":[{"not_picked":["Leap","Turbo"],"picked":"Beam Cell","floor":1.0},{"not_picked":["Rebound","Undo"],"picked":"Streamline","floor":2.0},{"not_picked":["Barrage","Redo"],"picked":"Coolheaded","floor":3.0},{"not_picked":["Undo","Rebound"],"picked":"Hologram","floor":7.0},{"not_picked":["Meteor Strike","Go for the Eyes","Coolheaded"],"picked":"SKIP","floor":10.0},{"not_picked":["Stack","Force Field"],"picked":"Hologram","floor":11.0},{"not_picked":["Stack","Recycle"],"picked":"Steam Power","floor":12.0},{"not_picked":["Compile Driver","Beam Cell","Sweeping Beam"],"picked":"SKIP","floor":14.0},{"not_picked":["Biased Cognition","Multi-Cast"],"picked":"Electrodynamics","floor":16.0},{"not_picked":["Leap","Aggregate"],"picked":"Consume","floor":18.0},{"not_picked":["Go for the Eyes","Leap"],"picked":"Static Discharge","floor":19.0},{"not_picked":["Heatsinks","Static Discharge"],"picked":"Glacier","floor":24.0},{"not_picked":["Beam Cell","Darkness"],"picked":"Storm+1","floor":25.0},{"not_picked":["Hello World","Turbo"],"picked":"Leap+1","floor":29.0},{"not_picked":["Turbo","Hologram"],"picked":"Heatsinks+1","floor":30.0},{"not_picked":["Machine Learning","Hyperbeam"],"picked":"Thunder Strike","floor":33.0},{"not_picked":["Stack","Coolheaded","Chill+1"],"picked":"SKIP","floor":35.0},{"not_picked":["Cold Snap","Streamline","Compile Driver"],"picked":"SKIP","floor":39.0},{"not_picked":["Reboot","Barrage"],"picked":"Capacitor","floor":41.0}],"player_experience":821880,"relics_obtained":[{"floor":7.0,"key":"Potion Belt"},{"floor":9.0,"key":"Happy Flower"},{"floor":24.0,"key":"Boot"},{"floor":26.0,"key":"Juzu Bracelet"},{"floor":29.0,"key":"Shuriken"},{"floor":41.0,"key":"Sundial"},{"floor":43.0,"key":"Bag of Marbles"},{"floor":44,"key":"Blood Vial"}],"event_choices":[{"event_name":"Golden Idol","player_choice":"Lose Max HP","floor":4.0,"damage_taken":0.0},{"event_name":"Nest","player_choice":"Stole From Cult","floor":20.0,"damage_taken":0.0},{"event_name":"Beggar","player_choice":"Ignored","floor":22.0,"damage_taken":0.0},{"event_name":"Ghosts","player_choice":"Became a Ghost","floor":27.0,"damage_taken":0.0},{"event_name":"Back to Basics","player_choice":"Simplicity","floor":31.0,"damage_taken":0.0},{"event_name":"The Moai Head","player_choice":"Gave Idol","floor":36.0,"damage_taken":0.0},{"event_name":"MindBloom","player_choice":"Gold","floor":37.0,"damage_taken":0.0},{"event_name":"Tomb of Lord Red Mask","player_choice":"Ignored","floor":45,"damage_taken":0},{"event_name":"Wheel of Change","player_choice":"Full Heal","floor":47,"damage_taken":0},{"event_name":"Falling","player_choice":"Removed Skill","floor":48,"damage_taken":0}],"boss_relics":[{"not_picked":["Busted Crown","Black Star"],"picked":"Astrolabe"},{"not_picked":["Runic Pyramid","FrozenCore"],"picked":"Nuclear Battery"}],"items_purged_floors":[5,21,38,46],"is_endless":false,"potions_floor_spawned":[3,7,10,11,33,35,41],"ascension_level":15}