{"gold_per_floor":[110,110,110,35,35,69,92,130,130,130,153,153,167,202,202,301,301,326,326,251,251,251],"floor_reached":22,"playtime":864,"items_purged":["Strike_G"],"score":450,"play_id":"ef66765a-b10a-4303-b678-ad9557908084","local_time":"20190811033146","is_ascension_mode":true,"campfire_choices":[{"data":"Deadly Poison","floor":10,"key":"SMITH"},{"data":"Skewer","floor":12,"key":"SMITH"},{"data":"Skewer","floor":15,"key":"SMITH"}],"neow_cost":"NONE","seed_source_timestamp":9998518713487,"circlet_count":0,"master_deck":["AscendersBane","Strike_G","Strike_G","Defend_G","Defend_G","Defend_G","Defend_G","Defend_G","Survivor","Neutralize+1","Deadly Poison+1","PiercingWail","Flying Knee","Skewer+1","Footwork","Deflect","Skewer+1","Burst","Backflip","Well Laid Plans"],"relics":["Ring of the Snake","NeowsBlessing","Golden Idol","Unceasing Top","Mercury Hourglass","Bird Faced Urn","StoneCalendar","Velvet Choker","Enchiridion"],"potions_floor_usage":[8,14],"damage_taken":[{"damage":0,"enemies":"Small Slimes","floor":1,"turns":1},{"damage":0,"enemies":"Lagavulin","floor":6,"turns":1},{"damage":0,"enemies":"Jaw Worm","floor":7,"turns":1},{"damage":20,"enemies":"Gremlin Nob","floor":8,"turns":4},{"damage":0,"enemies":"2 Louse","floor":11,"turns":2},{"damage":12,"enemies":"Large Slime","floor":13,"turns":6},{"damage":5,"enemies":"Lagavulin","floor":14,"turns":6},{"damage":24,"enemies":"Slime Boss","floor":16,"turns":8},{"damage":22,"enemies":"Spheric Guardian","floor":18,"turns":4},{"damage":13,"enemies":"Shell Parasite","floor":22,"turns":6}],"seed_played":"-4238007914346553810","potions_obtained":[{"floor":1,"key":"Poison Potion"},{"floor":13,"key":"SkillPotion"}],"is_trial":false,"path_per_floor":["M","?","?","?","?","E","M","E","T","R","M","R","M","E","R","B",null,"M","?","$","?","M"],"character_chosen":"THE_SILENT","items_purchased":[],"campfire_rested":0,"item_purchase_floors":[],"current_hp_per_floor":[59,59,59,59,59,59,59,39,39,39,39,39,29,26,26,4,46,26,26,26,5,0],"gold":251,"neow_bonus":"THREE_ENEMY_KILL","is_prod":false,"is_daily":false,"chose_seed":false,"campfire_upgraded":3,"win_rate":0,"timestamp":1565508706,"path_taken":["M","?","?","?","?","E","M","E","T","R","M","R","?","E","R","BOSS","M","?","$","?","M"],"build_version":"2019-07-17","purchased_purges":1,"victory":false,"max_hp_per_floor":[66,66,60,60,60,60,60,60,60,60,60,60,60,60,60,60,60,60,60,60,60,60],"card_choices":[{"not_picked":["Catalyst","Dagger Throw"],"picked":"Deadly Poison","floor":1},{"not_picked":["Venomology","Prepared"],"picked":"PiercingWail","floor":6},{"not_picked":["Finisher","Slice"],"picked":"Flying Knee","floor":7},{"not_picked":["Caltrops","Dagger Throw"],"picked":"Skewer","floor":8},{"not_picked":["Distraction","Backflip"],"picked":"Footwork","floor":11},{"not_picked":["Slice","Terror"],"picked":"Deflect","floor":13},{"not_picked":["Flechettes","Acrobatics"],"picked":"Skewer","floor":14},{"not_picked":["Bullet Time","Doppelganger"],"picked":"Burst","floor":16},{"not_picked":["Calculated Gamble","Dagger Throw"],"picked":"Backflip","floor":18}],"player_experience":716537,"relics_obtained":[{"floor":6,"key":"Unceasing Top"},{"floor":8,"key":"Mercury Hourglass"},{"floor":9,"key":"Bird Faced Urn"},{"floor":14,"key":"StoneCalendar"},{"floor":21,"key":"Enchiridion"}],"event_choices":[{"damage_healed":0,"gold_gain":0,"player_choice":"Grow","damage_taken":0,"max_hp_gain":0,"max_hp_loss":0,"event_name":"Living Wall","floor":2,"gold_loss":0,"cards_upgraded":["Neutralize"]},{"damage_healed":0,"gold_gain":0,"player_choice":"Lose Max HP","damage_taken":0,"relics_obtained":["Golden Idol"],"max_hp_gain":0,"max_hp_loss":6,"event_name":"Golden Idol","floor":3,"gold_loss":0},{"cards_removed":["Strike_G"],"damage_healed":0,"gold_gain":0,"player_choice":"Card Removal","damage_taken":0,"max_hp_gain":0,"max_hp_loss":0,"event_name":"The Cleric","floor":4,"gold_loss":75},{"cards_removed":["Strike_G"],"damage_healed":0,"gold_gain":0,"player_choice":"Offered Basic","damage_taken":0,"max_hp_gain":0,"max_hp_loss":0,"event_name":"Bonfire Elementals","floor":5,"gold_loss":0},{"damage_healed":0,"gold_gain":0,"player_choice":"Read","damage_taken":0,"max_hp_gain":0,"max_hp_loss":0,"event_name":"The Library","floor":19,"gold_loss":0,"cards_obtained":["Well Laid Plans"]},{"damage_healed":0,"gold_gain":0,"player_choice":"Obtained Book","damage_taken":21,"max_hp_gain":0,"max_hp_loss":0,"event_name":"Cursed Tome","floor":21,"gold_loss":0}],"is_beta":false,"boss_relics":[{"not_picked":["Busted Crown","Calling Bell"],"picked":"Velvet Choker"}],"items_purged_floors":[20],"is_endless":false,"potions_floor_spawned":[1,13],"killed_by":"Shell Parasite","ascension_level":20}