{"gold_per_floor":[364,377,452,462,66,99,99,13,13,13,23,23,52,4,4,105,105,121,28,35,55,71,71,71,100,100,127,42,56,56,68,68,168,168,184,284,284,284,184,184,184,210,210,210,26,40,91,116,116,116],"floor_reached":51,"playtime":6593,"items_purged":["Strike_P","Strike_P","Injury"],"score":1154,"play_id":"1b95fd43-b02c-4e5c-82c2-bb1937054c6c","local_time":"20190913204722","is_ascension_mode":true,"campfire_choices":[{"data":"CarveReality","floor":7,"key":"SMITH"},{"data":"Worship","floor":10,"key":"SMITH"},{"data":"Adaptation","floor":12,"key":"SMITH"},{"data":"Sanctity","floor":15,"key":"SMITH"},{"floor":23,"key":"REST"},{"data":"Establishment","floor":30,"key":"SMITH"},{"data":"MasterReality","floor":32,"key":"SMITH"},{"data":"Dark Shackles","floor":40,"key":"SMITH"},{"floor":49,"key":"REST"}],"neow_cost":"TEN_PERCENT_HP_LOSS","seed_source_timestamp":14040773356900,"circlet_count":0,"master_deck":["Strike_P","Strike_P","Defend_P","Defend_P","Defend_P","Defend_P","Eruption","Vigilance","Worship+1","FearNoEvil+1","Sanctity+1","EmptyMind","Adaptation+1","CarveReality+1","ThirdEye","EmptyBody","Dark Shackles+1","Prostrate","Vault","Crescendo","EmptyFist","Establishment+1","Tantrum+1","Crescendo+1","MasterReality+1","Vault","Perseverance+1","Dark Shackles","Impatience","Chrysalis","MentalFortress","FearNoEvil","Devotion","Protect+1"],"relics":["PureWater","Sundial","Gremlin Horn","Bottled Lightning","VioletLotus","CloakClasp","Meat on the Bone","Letter Opener","Oddly Smooth Stone","Pen Nib","Cursed Key","WingedGreaves","Whetstone","The Courier","TungstenRod","Dodecahedron"],"potions_floor_usage":[6,13,13,16,25,27,27,42,47,50,50],"damage_taken":[{"damage":3,"enemies":"Small Slimes","floor":1,"turns":4},{"damage":0,"enemies":"Cultist","floor":2,"turns":4},{"damage":7,"enemies":"Jaw Worm","floor":4,"turns":5},{"damage":7,"enemies":"3 Sentries","floor":6,"turns":9},{"damage":0,"enemies":"2 Fungi Beasts","floor":11,"turns":3},{"damage":24,"enemies":"Gremlin Nob","floor":13,"turns":4},{"damage":0,"enemies":"Hexaghost","floor":16,"turns":10},{"damage":23,"enemies":"Chosen","floor":18,"turns":8},{"damage":7,"enemies":"2 Thieves","floor":20,"turns":5},{"damage":3,"enemies":"Snake Plant","floor":21,"turns":5},{"damage":2,"enemies":"Chosen and Byrds","floor":22,"turns":6},{"damage":0,"enemies":"Gremlin Leader","floor":25,"turns":4},{"damage":0,"enemies":"Book of Stabbing","floor":27,"turns":4},{"damage":0,"enemies":"Centurion and Healer","floor":29,"turns":4},{"damage":1,"enemies":"Shelled Parasite and Fungi","floor":31,"turns":4},{"damage":16,"enemies":"Automaton","floor":33,"turns":9},{"damage":0,"enemies":"3 Shapes","floor":35,"turns":3},{"damage":4,"enemies":"Mind Bloom Boss Battle","floor":36,"turns":7},{"damage":0,"enemies":"Reptomancer","floor":42,"turns":5},{"damage":2,"enemies":"3 Darklings","floor":46,"turns":5},{"damage":22,"enemies":"2 Orb Walkers","floor":47,"turns":7},{"damage":0,"enemies":"Nemesis","floor":48,"turns":7},{"damage":8,"enemies":"Donu and Deca","floor":50,"turns":14}],"seed_played":"-5576726799022680271","potions_obtained":[{"floor":1,"key":"SteroidPotion"},{"floor":6,"key":"SneckoOil"},{"floor":18,"key":"Energy Potion"},{"floor":27,"key":"Dexterity Potion"},{"floor":31,"key":"Regen Potion"},{"floor":33,"key":"Explosive Potion"},{"floor":35,"key":"GamblersBrew"},{"floor":48,"key":"Swift Potion"}],"is_trial":false,"path_per_floor":["M","M","?","M","$","E","R","$","T","R","M","R","E","$","R","B",null,"M","$","M","M","M","R","T","E","T","E","?","M","R","M","R","B",null,"M","?","?","?","$","R","?","E","T","?","$","M","?","E","R","B",null],"character_chosen":"WATCHER","items_purchased":["EmptyMind","Adaptation","Block Potion","LiquidBronze","CarveReality","ThirdEye","Dark Shackles","SpeedPotion","Crescendo","Strength Potion","MentalFortress","FearNoEvil"],"campfire_rested":2,"item_purchase_floors":[5,5,5,5,5,5,8,14,19,19,45,45],"current_hp_per_floor":[56,56,51,44,44,37,37,37,37,37,37,37,13,13,13,13,48,25,25,18,15,13,30,30,30,30,30,30,30,30,41,41,37,54,54,50,40,40,40,40,40,40,40,40,40,38,31,31,47,39],"gold":116,"neow_bonus":"TWO_FIFTY_GOLD","is_prod":false,"is_daily":false,"chose_seed":false,"campfire_upgraded":7,"win_rate":0,"timestamp":1568400442,"path_taken":["M","M","?","M","$","E","R","?","T","R","?","R","E","?","R","BOSS","M","?","M","M","?","R","?","E","T","E","?","M","R","M","R","BOSS","M","?","?","?","$","R","?","E","T","?","$","?","?","E","R","BOSS"],"build_version":"2019-09-12","purchased_purges":3,"victory":true,"max_hp_per_floor":[59,59,59,59,59,59,59,59,59,59,59,59,59,59,59,59,59,59,59,59,59,59,59,59,59,59,59,59,59,59,59,59,59,59,59,59,59,56,56,56,56,56,56,56,56,56,56,56,56,56],"card_choices":[{"not_picked":["Scrawl","EmptyMind"],"picked":"Worship","floor":1},{"not_picked":["BowlingBash","EmptyBody"],"picked":"FearNoEvil","floor":2},{"not_picked":["Prostrate","ClearTheMind"],"picked":"Sanctity","floor":4},{"not_picked":["ThirdEye","Weave"],"picked":"EmptyBody","floor":6},{"not_picked":["CarveReality","EmptyMind"],"picked":"Prostrate","floor":11},{"not_picked":["ThirdEye","Weave","Nirvana"],"picked":"SKIP","floor":13},{"not_picked":["Wish","DeusExMachina"],"picked":"Vault","floor":16},{"not_picked":["JustLucky","WaveOfTheHand","EmptyBody"],"picked":"SKIP","floor":18},{"not_picked":["Halt","EmptyMind"],"picked":"EmptyFist","floor":20},{"not_picked":["ForeignInfluence+1","Meditate"],"picked":"Establishment","floor":21},{"not_picked":["EmptyFist+1","Wireheading"],"picked":"Tantrum","floor":22},{"not_picked":["MentalFortress+1","Prostrate"],"picked":"Crescendo+1","floor":25},{"not_picked":["CarveReality","BowlingBash"],"picked":"MasterReality","floor":27},{"not_picked":["JustLucky","FlurryOfBlows","Sanctity"],"picked":"SKIP","floor":29},{"not_picked":["EmptyBody","Establishment"],"picked":"Consecrate+1","floor":31},{"not_picked":["MasterReality","SignatureMove"],"picked":"Vault","floor":33},{"not_picked":["Halt","FollowUp+1","EmptyFist"],"picked":"SKIP","floor":35},{"not_picked":["ThirdEye","TalkToTheHand"],"picked":"Perseverance+1","floor":36},{"not_picked":["HandOfGreed","Enlightenment"],"picked":"Dark Shackles","floor":37},{"not_picked":["Dark Shackles","Panacea"],"picked":"Impatience","floor":37},{"not_picked":["Purity","Transmutation"],"picked":"Chrysalis","floor":37},{"not_picked":["Consecrate","FollowUp","Prostrate"],"picked":"SKIP","floor":42},{"not_picked":["Weave","EmptyMind+1"],"picked":"Devotion","floor":46},{"not_picked":["Wireheading+1","EmptyBody+1"],"picked":"Protect+1","floor":47},{"not_picked":["BowlingBash","TalkToTheHand","StepAndStrike"],"picked":"SKIP","floor":48}],"player_experience":654459,"relics_obtained":[{"floor":6,"key":"Sundial"},{"floor":9,"key":"Gremlin Horn"},{"floor":13,"key":"Bottled Lightning"},{"floor":24,"key":"CloakClasp"},{"floor":25,"key":"Meat on the Bone"},{"floor":26,"key":"Letter Opener"},{"floor":27,"key":"Oddly Smooth Stone"},{"floor":36,"key":"WingedGreaves"},{"floor":42,"key":"Whetstone"},{"floor":43,"key":"The Courier"},{"floor":47,"key":"TungstenRod"},{"floor":48,"key":"Dodecahedron"}],"event_choices":[{"damage_healed":0,"gold_gain":75,"player_choice":"Touch","damage_taken":5,"max_hp_gain":0,"max_hp_loss":0,"event_name":"FaceTrader","floor":3,"gold_loss":0},{"damage_healed":0,"gold_gain":0,"player_choice":"Obtained Relic","damage_taken":0,"relics_obtained":["Pen Nib"],"max_hp_gain":0,"max_hp_loss":0,"event_name":"Addict","floor":28,"gold_loss":85},{"damage_healed":0,"gold_gain":0,"player_choice":"Fight","damage_taken":0,"max_hp_gain":0,"max_hp_loss":0,"event_name":"MindBloom","floor":36,"gold_loss":0},{"damage_healed":0,"gold_gain":0,"player_choice":"Memory 3","damage_taken":10,"max_hp_gain":0,"max_hp_loss":0,"event_name":"SensoryStone","floor":37,"gold_loss":0},{"damage_healed":0,"gold_gain":0,"player_choice":"Max HP","damage_taken":0,"max_hp_gain":0,"max_hp_loss":3,"event_name":"Winding Halls","floor":38,"gold_loss":0},{"cards_removed":["Consecrate"],"damage_healed":0,"gold_gain":0,"player_choice":"Removed Attack","damage_taken":0,"max_hp_gain":0,"max_hp_loss":0,"event_name":"Falling","floor":41,"gold_loss":0},{"damage_healed":0,"gold_gain":0,"player_choice":"Ignored","damage_taken":0,"max_hp_gain":0,"max_hp_loss":0,"event_name":"Tomb of Lord Red Mask","floor":44,"gold_loss":0},{"damage_healed":0,"gold_gain":0,"player_choice":"Fight","damage_taken":0,"max_hp_gain":0,"max_hp_loss":0,"event_name":"Mysterious Sphere","floor":47,"gold_loss":0}],"is_beta":true,"boss_relics":[{"not_picked":["Black Star","SacredBark"],"picked":"VioletLotus"},{"not_picked":["Runic Dome","HolyWater"],"picked":"Cursed Key"}],"items_purged_floors":[5,39,45],"is_endless":false,"potions_floor_spawned":[1,6,18,27,31,33,35,36,48],"ascension_level":6}