{"gold_per_floor":[118,136,136,60,84,119,132,145,170,122,138,164,178,143,143,242,242,262,58,72,72,89,119,131,131,131,131,160,160,176,176,176,176],"floor_reached":33,"playtime":6955,"items_purged":["Strike_B"],"score":397,"play_id":"24de4674-decb-40e8-a573-c3cf19429db8","local_time":"20181024143856","is_ascension_mode":false,"campfire_choices":[{"floor":15,"key":"REST"},{"data":"Scrape","floor":25,"key":"SMITH"},{"floor":27,"key":"REST"},{"floor":32,"key":"REST"}],"neow_cost":"NONE","seed_source_timestamp":333046370132480,"circlet_count":0,"master_deck":["Strike_B","Strike_B","Defend_B","Defend_B","Defend_B","Defend_B+1","Zap","Dualcast+1","Gash","Gash","Scrape+1","Doom and Gloom","Go for the Eyes","Consume","Redo","Coolheaded","Compile Driver","Gash","All For One","BootSequence","Compile Driver","Defragment","Beam Cell","Gash","Loop+1","Conserve Battery","Buffer","Beam Cell+1"],"relics":["Cracked Core","NeowsBlessing","Blood Vial","Pantograph","Bronze Scales","Centennial Puzzle","Cursed Key","MutagenicStrength","Bag of Marbles","Strawberry"],"potions_floor_usage":[],"damage_taken":[{"damage":0,"enemies":"2 Louse","floor":1,"turns":1},{"damage":0,"enemies":"Jaw Worm","floor":2,"turns":1},{"damage":0,"enemies":"Lagavulin","floor":6,"turns":1},{"damage":0,"enemies":"Cultist","floor":7,"turns":3},{"damage":17,"enemies":"Exordium Thugs","floor":8,"turns":3},{"damage":1,"enemies":"Exordium Wildlife","floor":11,"turns":3},{"damage":20,"enemies":"Gremlin Nob","floor":12,"turns":4},{"damage":4,"enemies":"Gremlin Gang","floor":13,"turns":2},{"damage":0,"enemies":"Slime Boss","floor":16,"turns":8},{"damage":5,"enemies":"3 Byrds","floor":18,"turns":3},{"damage":8,"enemies":"Shell Parasite","floor":20,"turns":5},{"damage":12,"enemies":"Centurion and Healer","floor":22,"turns":4},{"damage":6,"enemies":"Gremlin Leader","floor":23,"turns":5},{"damage":15,"enemies":"Snake Plant","floor":24,"turns":3},{"damage":30,"enemies":"Slavers","floor":28,"turns":4},{"damage":0,"enemies":"Snecko","floor":30,"turns":4},{"damage":79,"enemies":"Automaton","floor":33,"turns":8}],"seed_played":"-9001299246596700921","potions_obtained":[{"floor":6,"key":"Explosive Potion"},{"floor":7,"key":"Block Potion"},{"floor":12,"key":"Energy Potion"},{"floor":20,"key":"PowerPotion"}],"is_trial":false,"path_per_floor":["M","M","?","$","T","E","M","M","T","$","M","E","M","?","R","B",null,"M","$","M","?","M","E","M","R","T","R","E","?","M","?","R"],"character_chosen":"DEFECT","items_purchased":["Scrape","Redo","Compile Driver","Defragment"],"campfire_rested":3,"item_purchase_floors":[4,10,19,19],"current_hp_per_floor":[75,75,60,60,60,62,64,49,49,49,50,32,30,48,70,75,75,70,70,64,64,54,50,37,37,37,59,38,22,24,24,50,0],"gold":176,"neow_bonus":"THREE_ENEMY_KILL","is_prod":false,"is_daily":false,"chose_seed":false,"campfire_upgraded":1,"win_rate":0.0,"timestamp":1540406336,"path_taken":["M","M","?","$","?","E","M","?","T","$","M","E","M","?","R","BOSS","M","$","M","?","M","E","M","R","T","R","E","?","M","?","R","BOSS"],"build_version":"2018-10-18","purchased_purges":1,"victory":false,"max_hp_per_floor":[75,75,75,75,75,75,75,75,75,75,75,75,75,75,75,75,75,75,75,75,75,75,75,75,75,75,75,82,87,87,87,87,87],"card_choices":[{"not_picked":["Hologram","Compile Driver"],"picked":"Gash","floor":1},{"not_picked":["Self Repair","Darkness"],"picked":"Gash","floor":2},{"not_picked":["Beam Cell","Static Discharge"],"picked":"Doom and Gloom","floor":6},{"not_picked":["Stack","Leap"],"picked":"Go for the Eyes","floor":7},{"not_picked":["Leap","Genetic Algorithm"],"picked":"Consume","floor":8},{"not_picked":["Fission","Steam"],"picked":"Coolheaded","floor":11},{"not_picked":["Stack","Leap"],"picked":"Compile Driver","floor":12},{"not_picked":["Coolheaded","FTL"],"picked":"Gash","floor":13},{"not_picked":["Machine Learning","Amplify"],"picked":"All For One","floor":16},{"not_picked":["Barrage","Steam Power"],"picked":"BootSequence","floor":18},{"not_picked":["Chaos+1","Cold Snap"],"picked":"Beam Cell","floor":20},{"not_picked":["Leap","Steam Power"],"picked":"Gash","floor":22},{"not_picked":["Heatsinks","Redo+1"],"picked":"Loop+1","floor":23},{"not_picked":["Leap","Sweeping Beam"],"picked":"Conserve Battery","floor":24},{"not_picked":["Compile Driver+1","Sweeping Beam"],"picked":"Buffer","floor":28},{"not_picked":["Leap","Capacitor+1"],"picked":"Beam Cell+1","floor":30}],"player_experience":5299,"relics_obtained":[{"floor":5,"key":"Blood Vial"},{"floor":6,"key":"Pantograph"},{"floor":9,"key":"Bronze Scales"},{"floor":12,"key":"Centennial Puzzle"},{"floor":23,"key":"Bag of Marbles"},{"floor":28,"key":"Strawberry"}],"event_choices":[{"damage_healed":0,"gold_gain":0,"player_choice":"Entered Light","damage_taken":15,"max_hp_gain":0,"max_hp_loss":0,"event_name":"Shining Light","floor":3,"gold_loss":0,"cards_upgraded":["Dualcast","Defend_B"]},{"damage_healed":18,"gold_gain":0,"player_choice":"Healed","damage_taken":0,"max_hp_gain":0,"max_hp_loss":0,"event_name":"The Cleric","floor":14,"gold_loss":35},{"damage_healed":0,"gold_gain":0,"player_choice":"Inject Mutagens","damage_taken":0,"relics_obtained":["MutagenicStrength"],"max_hp_gain":0,"max_hp_loss":0,"event_name":"Drug Dealer","floor":21,"gold_loss":0},{"damage_healed":0,"gold_gain":0,"player_choice":"Shed Blood","damage_taken":21,"max_hp_gain":5,"max_hp_loss":0,"event_name":"Forgotten Altar","floor":29,"gold_loss":0},{"cards_removed":["Strike_B"],"damage_healed":0,"gold_gain":0,"player_choice":"Purged","damage_taken":0,"max_hp_gain":0,"max_hp_loss":0,"event_name":"Purifier","floor":31,"gold_loss":0}],"is_beta":false,"boss_relics":[{"not_picked":["Velvet Choker","Busted Crown"],"picked":"Cursed Key"}],"items_purged_floors":[19],"is_endless":false,"potions_floor_spawned":[6,7,12,13,20,22,24,28,30],"killed_by":"Automaton","ascension_level":0}