{"gold_per_floor":[110,123,48,68,82,82,114,114,114,142,156,184,202,236,236,341,341,356,356,374,387,62,62,96,96,120,120,70,103,103,2,2,2],"floor_reached":33,"playtime":2709,"items_purged":["Strike_G","Defend_G","Terror","Strike_G"],"score":385,"play_id":"deb97533-9534-4021-82c1-7e5728a7a5ce","local_time":"20190317183817","is_ascension_mode":true,"campfire_choices":[{"data":"Neutralize","floor":6.0,"key":"SMITH"},{"data":"Sucker Punch","floor":8.0,"key":"SMITH"},{"data":"Dodge and Roll","floor":15.0,"key":"SMITH"},{"data":"Leg Sweep","floor":23.0,"key":"SMITH"},{"floor":25.0,"key":"REST"},{"data":"Terror","floor":27.0,"key":"SMITH"},{"data":"Flying Knee","floor":30.0,"key":"SMITH"},{"data":"The Bomb","floor":32,"key":"SMITH"}],"neow_cost":"NONE","seed_source_timestamp":0,"circlet_count":0,"master_deck":["Defend_G","Defend_G","Defend_G","Defend_G","Strike_G","Strike_G","Strike_G","Survivor","Neutralize+1","Dodge and Roll+1","Distraction","Sucker Punch+1","Acrobatics","Slice","Terror+1","Dash+1","Leg Sweep+1","Venomology","PiercingWail","The Bomb+1","Dagger Spray","Flying Knee+1","Dagger Throw"],"special_seed":0,"relics":["Ring of the Snake","Meat on the Bone","Pear","Anchor","Frozen Egg 2","Regal Pillow","Busted Crown","Smiling Mask","Ancient Tea Set","Art of War"],"potions_floor_usage":[],"damage_taken":[{"damage":0.0,"enemies":"Cultist","floor":1.0,"turns":4.0},{"damage":6.0,"enemies":"Jaw Worm","floor":2.0,"turns":5.0},{"damage":1.0,"enemies":"Small Slimes","floor":4.0,"turns":4.0},{"damage":6.0,"enemies":"Exordium Wildlife","floor":5.0,"turns":6.0},{"damage":18.0,"enemies":"3 Sentries","floor":7.0,"turns":14.0},{"damage":26.0,"enemies":"Lagavulin","floor":10.0,"turns":11.0},{"damage":0.0,"enemies":"2 Fungi Beasts","floor":11.0,"turns":4.0},{"damage":19.0,"enemies":"3 Sentries","floor":12.0,"turns":11.0},{"damage":6.0,"enemies":"Exordium Thugs","floor":13.0,"turns":7.0},{"damage":10.0,"enemies":"Gremlin Nob","floor":14.0,"turns":5.0},{"damage":3.0,"enemies":"The Guardian","floor":16.0,"turns":15.0},{"damage":12.0,"enemies":"Chosen","floor":18.0,"turns":7.0},{"damage":9.0,"enemies":"3 Byrds","floor":20.0,"turns":9.0},{"damage":10.0,"enemies":"3 Cultists","floor":21.0,"turns":6.0},{"damage":25.0,"enemies":"Book of Stabbing","floor":24.0,"turns":7.0},{"damage":5.0,"enemies":"Slavers","floor":29.0,"turns":3.0},{"damage":93,"enemies":"Champ","floor":33,"turns":13}],"seed_played":"-6243368724008138404","potions_obtained":[{"floor":4.0,"key":"FearPotion"},{"floor":5.0,"key":"SteroidPotion"},{"floor":7.0,"key":"Block Potion"},{"floor":12.0,"key":"Dexterity Potion"},{"floor":13.0,"key":"Dexterity Potion"},{"floor":20.0,"key":"Strength Potion"},{"floor":21.0,"key":"Regen Potion"}],"is_trial":false,"path_per_floor":["M","M","$","M","M","R","E","R","T","E","M","E","M","E","R","B",null,"M","?","M","M","$","R","E","R","T","R","$","E","R","$","R","B"],"character_chosen":"THE_SILENT","items_purchased":["The Bomb","Dagger Spray","Dagger Throw"],"campfire_rested":1,"item_purchase_floors":[22,22,31],"current_hp_per_floor":[77,71,71,70,64,64,46,46,56,42,54,47,53,55,55,52,87,75,75,66,56,56,56,46,87,87,87,87,82,82,82,82,0],"gold":2,"neow_bonus":"TEN_PERCENT_HP_BONUS","is_prod":false,"is_daily":false,"chose_seed":false,"campfire_upgraded":7,"win_rate":0,"timestamp":1552844297,"path_taken":["M","M","$","M","?","R","E","R","T","E","M","E","M","E","R","BOSS","M","?","M","M","$","R","E","R","T","R","$","E","R","?","R","BOSS"],"build_version":"2019-03-15","purchased_purges":4,"victory":false,"max_hp_per_floor":[77,77,77,77,77,77,77,77,87,87,87,87,87,87,87,87,87,87,87,87,87,87,87,87,87,87,87,87,87,87,87,87,87],"card_choices":[{"not_picked":["Slice","Flechettes"],"picked":"Dodge and Roll","floor":1.0},{"not_picked":["Choke","Concentrate"],"picked":"Distraction","floor":2.0},{"not_picked":["Flying Knee","Outmaneuver"],"picked":"Sucker Punch","floor":4.0},{"not_picked":["Deflect","Prepared"],"picked":"Acrobatics","floor":5.0},{"not_picked":["Unload","Choke","A Thousand Cuts"],"picked":"SKIP","floor":7.0},{"not_picked":["Dodge and Roll","Prepared"],"picked":"Slice","floor":10.0},{"not_picked":["Endless Agony","Quick Slash"],"picked":"Terror","floor":11.0},{"not_picked":["Dodge and Roll","Sucker Punch"],"picked":"Dash","floor":12.0},{"not_picked":["Choke","Underhanded Strike"],"picked":"Terror","floor":13.0},{"not_picked":["Poisoned Stab","Riddle With Holes"],"picked":"Leg Sweep","floor":14.0},{"not_picked":["Corpse Explosion","Unload"],"picked":"Venomology","floor":16.0},{"not_picked":["Sucker Punch+1"],"picked":"SKIP","floor":18.0},{"not_picked":[],"picked":"PiercingWail","floor":20.0},{"not_picked":["Bane"],"picked":"SKIP","floor":21.0},{"not_picked":["Dodge and Roll"],"picked":"SKIP","floor":24.0},{"not_picked":[],"picked":"Flying Knee","floor":29.0}],"player_experience":281594,"relics_obtained":[{"floor":7.0,"key":"Meat on the Bone"},{"floor":9.0,"key":"Pear"},{"floor":10.0,"key":"Anchor"},{"floor":12.0,"key":"Frozen Egg 2"},{"floor":14.0,"key":"Regal Pillow"},{"floor":24.0,"key":"Smiling Mask"},{"floor":26.0,"key":"Ancient Tea Set"},{"floor":29.0,"key":"Art of War"}],"event_choices":[{"damage_healed":0.0,"max_hp_gain":0.0,"max_hp_loss":0.0,"gold_gain":0.0,"event_name":"Upgrade Shrine","player_choice":"Upgraded","floor":19.0,"gold_loss":0.0,"damage_taken":0.0,"cards_upgraded":["Dash"]}],"is_beta":true,"boss_relics":[{"not_picked":["Fusion Hammer","Runic Dome"],"picked":"Busted Crown"}],"items_purged_floors":[3,22,28,31],"is_endless":false,"potions_floor_spawned":[4,5,7,12,13,20,21],"killed_by":"Champ","ascension_level":3}