{"gold_per_floor":[138,177,210,50,50,50,102,102,129,174,174,236,286,297,297,396,396,431,446,507,168,204,204,204,204],"floor_reached":25,"playtime":1535,"items_purged":["Pain","Strike_R"],"score":369,"play_id":"f062f39c-85af-417f-b546-8c46d8863ac8","local_time":"20190312004546","is_ascension_mode":true,"campfire_choices":[{"data":"HandOfGreed","floor":6,"key":"SMITH"},{"floor":8,"key":"REST"},{"data":"Uppercut","floor":11,"key":"SMITH"},{"floor":15,"key":"REST"},{"floor":23,"key":"REST"}],"neow_cost":"CURSE","seed_source_timestamp":163430403832672,"circlet_count":0,"master_deck":["AscendersBane","Strike_R+1","Strike_R+1","Strike_R","Defend_R","Defend_R","Defend_R","Defend_R","Bash","Finesse","HandOfGreed+1","Uppercut+1","True Grit","Clothesline","Spot Weakness","Pommel Strike","Spot Weakness","Offering","Headbutt","Shrug It Off","Rage","Corruption","Shockwave"],"relics":["Burning Blood","Whetstone","Anchor","Sozu","PreservedInsect","Nilry\u0027s Codex"],"potions_floor_usage":[7,12,16,20],"damage_taken":[{"damage":9,"enemies":"Small Slimes","floor":1,"turns":5},{"damage":2,"enemies":"Cultist","floor":2,"turns":3},{"damage":3,"enemies":"2 Louse","floor":3,"turns":5},{"damage":43,"enemies":"Lagavulin","floor":7,"turns":8},{"damage":0,"enemies":"2 Fungi Beasts","floor":10,"turns":2},{"damage":15,"enemies":"Exordium Wildlife","floor":12,"turns":6},{"damage":0,"enemies":"Looter","floor":14,"turns":2},{"damage":38,"enemies":"The Guardian","floor":16,"turns":11},{"damage":14,"enemies":"Shell Parasite","floor":18,"turns":5},{"damage":6,"enemies":"Chosen","floor":19,"turns":3},{"damage":9,"enemies":"3 Cultists","floor":20,"turns":4},{"damage":17,"enemies":"Snecko","floor":22,"turns":5},{"damage":54,"enemies":"Gremlin Leader","floor":25,"turns":6}],"seed_played":"-1557061921862941335","potions_obtained":[{"floor":1,"key":"SteroidPotion"},{"floor":3,"key":"Weak Potion"},{"floor":14,"key":"EssenceOfSteel"},{"floor":16,"key":"LiquidBronze"}],"is_trial":false,"path_per_floor":["M","M","M","$","?","R","E","R","T","M","R","M","?","M","R","B",null,"M","M","M","$","M","R","?","E"],"character_chosen":"IRONCLAD","items_purchased":["Spot Weakness","Corruption","PreservedInsect"],"campfire_rested":3,"item_purchase_floors":[4,21,21],"current_hp_per_floor":[65,69,72,72,65,65,28,50,50,56,56,47,40,46,68,36,65,57,57,54,54,43,65,44,0],"gold":204,"neow_bonus":"RANDOM_COLORLESS_2","is_prod":false,"is_daily":false,"chose_seed":false,"campfire_upgraded":2,"win_rate":0,"timestamp":1552347946,"path_taken":["M","M","M","$","?","R","E","R","T","M","R","M","?","?","R","BOSS","M","M","M","$","M","R","?","E"],"build_version":"2019-02-06","purchased_purges":2,"victory":false,"max_hp_per_floor":[75,75,75,75,75,75,75,75,75,75,75,75,75,75,75,75,75,75,75,75,75,75,75,75,75],"card_choices":[{"not_picked":["Feel No Pain","Cleave"],"picked":"Uppercut","floor":1},{"not_picked":["Twin Strike","Pummel"],"picked":"True Grit","floor":2},{"not_picked":["Sword Boomerang","Limit Break"],"picked":"Clothesline","floor":3},{"not_picked":["Thunderclap","Twin Strike"],"picked":"Pommel Strike","floor":7},{"not_picked":["Clothesline","Wild Strike","True Grit"],"picked":"SKIP","floor":10},{"not_picked":["Searing Blow","True Grit","Perfected Strike"],"picked":"SKIP","floor":12},{"not_picked":["Inflame","Shrug It Off"],"picked":"Spot Weakness","floor":14},{"not_picked":["Bludgeon","Berserk"],"picked":"Offering","floor":16},{"not_picked":["Entrench","Clash"],"picked":"Headbutt","floor":18},{"not_picked":["Combust","Flex"],"picked":"Shrug It Off","floor":19},{"not_picked":["Body Slam","Flex"],"picked":"Rage","floor":20},{"not_picked":["Armaments","Clash"],"picked":"Shockwave","floor":22}],"player_experience":194402,"relics_obtained":[{"floor":7,"key":"Whetstone"},{"floor":9,"key":"Anchor"},{"floor":24,"key":"Nilry\u0027s Codex"}],"event_choices":[{"cards_removed":["Strike_R"],"damage_healed":0,"gold_gain":0,"player_choice":"Card Removal","damage_taken":7,"max_hp_gain":0,"max_hp_loss":0,"event_name":"Golden Wing","floor":5,"gold_loss":0},{"damage_healed":0,"gold_gain":50,"player_choice":"Touch","damage_taken":7,"max_hp_gain":0,"max_hp_loss":0,"event_name":"FaceTrader","floor":13,"gold_loss":0},{"damage_healed":0,"gold_gain":0,"player_choice":"Obtained Book","damage_taken":21,"max_hp_gain":0,"max_hp_loss":0,"event_name":"Cursed Tome","floor":24,"gold_loss":0}],"is_beta":true,"boss_relics":[{"not_picked":["Ectoplasm","Eternal Feather"],"picked":"Sozu"}],"items_purged_floors":[4,21],"is_endless":false,"potions_floor_spawned":[1,3,14,16,18,20,22],"killed_by":"Gremlin Leader","ascension_level":16}