{"gold_per_floor":[119,131,148,128,53,81,81,96,123,123,158,158,19,45,45,45],"floor_reached":16,"playtime":624,"items_purged":["Strike_R","Strike_R"],"score":236,"play_id":"2f69654f-6428-43a6-aa31-b1bf61247b6b","local_time":"20190216032729","is_ascension_mode":true,"campfire_choices":[{"data":"True Grit","floor":7,"key":"SMITH"},{"data":"Evolve","floor":10,"key":"SMITH"},{"data":"Rampage","floor":12,"key":"SMITH"},{"floor":15,"key":"REST"}],"neow_cost":"NONE","seed_source_timestamp":3474521146035327,"circlet_count":0,"master_deck":["AscendersBane","Strike_R","Strike_R","Strike_R","Defend_R","Defend_R","Defend_R","Defend_R","Bash+1","Feel No Pain","Shrug It Off","Rampage+1","True Grit+1","Evolve+1","Shrug It Off","Inflame","Shrug It Off"],"relics":["Burning Blood","Centennial Puzzle","Bag of Marbles","Boot","PreservedInsect"],"potions_floor_usage":[6,6,8,14],"damage_taken":[{"damage":4,"enemies":"Small Slimes","floor":1,"turns":4},{"damage":6,"enemies":"Cultist","floor":2,"turns":3},{"damage":1,"enemies":"Jaw Worm","floor":3,"turns":4},{"damage":27,"enemies":"Lagavulin","floor":6,"turns":5},{"damage":5,"enemies":"Gremlin Gang","floor":8,"turns":6},{"damage":27,"enemies":"Gremlin Nob","floor":11,"turns":4},{"damage":28,"enemies":"Lagavulin","floor":14,"turns":6},{"damage":37,"enemies":"Slime Boss","floor":16,"turns":9}],"seed_played":"-489820620382320857","potions_obtained":[{"floor":1,"key":"SkillPotion"},{"floor":3,"key":"Poison Potion"},{"floor":6,"key":"Poison Potion"},{"floor":11,"key":"Dexterity Potion"}],"is_trial":false,"path_per_floor":["M","M","M","?","$","E","R","M","T","R","E","R","$","E","R","B"],"character_chosen":"IRONCLAD","items_purchased":["Inflame"],"campfire_rested":1,"item_purchase_floors":[13],"current_hp_per_floor":[70,70,75,75,75,54,54,55,55,55,34,34,34,12,34,0],"gold":45,"neow_bonus":"UPGRADE_CARD","is_prod":false,"is_daily":false,"chose_seed":false,"campfire_upgraded":3,"win_rate":0,"timestamp":1550316449,"path_taken":["M","M","M","?","$","E","R","M","T","R","E","R","?","E","R","BOSS"],"build_version":"2019-02-06","purchased_purges":2,"victory":false,"max_hp_per_floor":[75,75,75,75,75,75,75,75,75,75,75,75,75,75,75,75],"card_choices":[{"not_picked":["Shockwave","Intimidate"],"picked":"Feel No Pain","floor":1},{"not_picked":["Anger","Pommel Strike"],"picked":"Shrug It Off","floor":2},{"not_picked":["Perfected Strike","Evolve"],"picked":"Rampage","floor":3},{"not_picked":["Flex","Thunderclap"],"picked":"True Grit","floor":6},{"not_picked":["Perfected Strike","Shrug It Off"],"picked":"Evolve","floor":8},{"not_picked":["Perfected Strike","Berserk"],"picked":"Shrug It Off","floor":11},{"not_picked":["Anger","Rage"],"picked":"Shrug It Off","floor":14}],"player_experience":1222693,"relics_obtained":[{"floor":6,"key":"Centennial Puzzle"},{"floor":9,"key":"Bag of Marbles"},{"floor":11,"key":"Boot"},{"floor":14,"key":"PreservedInsect"}],"event_choices":[{"damage_healed":0,"gold_gain":0,"player_choice":"Bought 1 Potion","damage_taken":0,"max_hp_gain":0,"max_hp_loss":0,"event_name":"The Woman in Blue","floor":4,"gold_loss":0}],"is_beta":true,"boss_relics":[],"items_purged_floors":[5,13],"is_endless":false,"potions_floor_spawned":[1,3,6,11],"killed_by":"Slime Boss","ascension_level":20}