{"path_per_floor":["M","M","M","M","?","R","M","M","T","R","M","R","$","M","R","B",null,"M","M","?","$"],"character_chosen":"DEFECT","items_purchased":["Glacier+1"],"gold_per_floor":[11,26,36,52,52,52,67,81,81,81,93,93,18,34,34,108,108,121,136,136,58,58],"floor_reached":22,"campfire_rested":0,"playtime":1879,"item_purchase_floors":[21],"current_hp_per_floor":[64,70,70,43,43,43,42,41,41,41,39,39,39,39,39,21,59,57,48,27,27,0],"items_purged":["Strike_B"],"gold":58,"score":315,"play_id":"9ca69094-600e-4cac-941e-b4f4aee04e1c","local_time":"20180616220800","is_prod":false,"is_daily":false,"chose_seed":false,"is_ascension_mode":true,"campfire_upgraded":3,"win_rate":0,"timestamp":1529212080,"campfire_choices":[{"data":"Hologram","floor":6,"key":"SMITH"},{"data":"Beam Cell","floor":10,"key":"SMITH"},{"data":"Zap","floor":12,"key":"SMITH"},{"data":"1","floor":15,"key":"LIFT"}],"path_taken":["M","M","M","M","?","R","M","M","T","R","?","R","$","M","R","BOSS","M","M","?","$","M"],"build_version":"2018-06-14v2","seed_source_timestamp":272725237053214,"purchased_purges":1,"victory":false,"master_deck":["Strike_B","Strike_B","Strike_B","Defend_B","Defend_B","Defend_B","Defend_B","Zap+1","Dualcast","AscendersBane","Self Repair","Gash","Hologram+1","Beam Cell+1","Steam","Electrodynamics","Coolheaded+1","Genetic Algorithm+1","All For One","Glacier+1","Glacier+1"],"max_hp_per_floor":[71,71,71,71,71,71,71,71,71,71,71,71,71,71,71,71,71,71,71,71,71,71],"relics":["Cracked Core","Girya","Toxic Egg 2","Inserter","Nilry\u0027s Codex"],"card_choices":[{"not_picked":["Compile Driver","Go for the Eyes"],"picked":"Self Repair","floor":1},{"not_picked":["Heatsinks","Capacitor"],"picked":"Gash","floor":2},{"not_picked":["Capacitor","Scrape"],"picked":"Hologram","floor":3},{"not_picked":["Skim","Aggregate"],"picked":"Beam Cell","floor":4},{"not_picked":["Blizzard","Barrage"],"picked":"Steam","floor":7},{"not_picked":["Coolheaded","Sweeping Beam"],"picked":"Electrodynamics","floor":8},{"not_picked":["Reprogram+1","Hologram+1"],"picked":"Coolheaded+1","floor":11},{"not_picked":["BootSequence+1","Undo+1"],"picked":"Genetic Algorithm+1","floor":14},{"not_picked":["Buffer","Thunder Strike"],"picked":"All For One","floor":16},{"not_picked":["Recycle+1","Stack+1"],"picked":"Glacier+1","floor":18},{"not_picked":["Stack+1","Blizzard","Sunder"],"picked":"SKIP","floor":19},{"not_picked":["Stack+1","Blizzard","Sunder"],"picked":"SKIP","floor":19}],"player_experience":615647,"potions_floor_usage":[8,16,19,22],"damage_taken":[{"damage":0,"enemies":"2 Louse","floor":1,"turns":1},{"damage":1,"enemies":"Cultist","floor":2,"turns":3},{"damage":7,"enemies":"Jaw Worm","floor":3,"turns":4},{"damage":34,"enemies":"Exordium Thugs","floor":4,"turns":6},{"damage":8,"enemies":"Blue Slaver","floor":7,"turns":4},{"damage":8,"enemies":"Exordium Wildlife","floor":8,"turns":3},{"damage":2,"enemies":"3 Louse","floor":11,"turns":2},{"damage":0,"enemies":"2 Fungi Beasts","floor":14,"turns":2},{"damage":25,"enemies":"The Guardian","floor":16,"turns":11},{"damage":9,"enemies":"Chosen","floor":18,"turns":4},{"damage":16,"enemies":"3 Byrds","floor":19,"turns":4},{"damage":29,"enemies":"Snecko","floor":22,"turns":4}],"relics_obtained":[{"floor":9,"key":"Toxic Egg 2"},{"floor":20,"key":"Nilry\u0027s Codex"}],"event_choices":[{"event_name":"Liars Game","player_choice":"disagreed","floor":5,"damage_taken":0},{"event_name":"Cursed Tome","player_choice":"Obtained Book","floor":20,"damage_taken":0}],"boss_relics":[{"not_picked":["Black Star","Calling Bell"],"picked":"Inserter"}],"items_purged_floors":[13],"is_endless":false,"potions_floor_spawned":[2,3,4,18,19],"seed_played":"3301429937869623861","killed_by":"Snecko","ascension_level":15,"potions_obtained":[{"floor":2,"key":"FairyPotion"},{"floor":3,"key":"FocusPotion"},{"floor":4,"key":"Fire Potion"},{"floor":18,"key":"Weak Potion"},{"floor":19,"key":"PowerPotion"}],"is_trial":false}