{"gold_per_floor":[115,129,129,144,163,163,191,191,191,216,23,23,23,23,23,23],"floor_reached":16,"playtime":772,"items_purged":[],"score":216,"play_id":"f52dd628-8d37-4422-9529-3e58ac65b6fa","local_time":"20190325150125","is_ascension_mode":true,"campfire_choices":[{"data":"Bash","floor":6,"key":"SMITH"},{"floor":8,"key":"REST"},{"data":"Armaments","floor":13,"key":"SMITH"},{"floor":15,"key":"REST"}],"neow_cost":"NONE","seed_source_timestamp":125675429841266,"circlet_count":0,"master_deck":["AscendersBane","Strike_R","Strike_R","Strike_R","Strike_R","Defend_R","Defend_R","Defend_R","Defend_R","Bash+1","Clothesline","Headbutt","Shrug It Off","Metallicize","Impervious","Ghostly Armor","Armaments+1"],"relics":["Burning Blood","Lantern","Du-Vu Doll","Unceasing Top","Pocketwatch","Blood Vial"],"potions_floor_usage":[10,16],"damage_taken":[{"damage":7,"enemies":"2 Louse","floor":1,"turns":2},{"damage":7,"enemies":"Jaw Worm","floor":2,"turns":4},{"damage":1,"enemies":"Cultist","floor":4,"turns":3},{"damage":13,"enemies":"Large Slime","floor":5,"turns":8},{"damage":49,"enemies":"3 Sentries","floor":7,"turns":14},{"damage":34,"enemies":"Gremlin Nob","floor":10,"turns":6},{"damage":46,"enemies":"Hexaghost","floor":16,"turns":13}],"seed_played":"7937178834066742757","potions_obtained":[{"floor":7,"key":"BloodPotion"},{"floor":10,"key":"Poison Potion"}],"is_trial":false,"path_per_floor":["M","M","?","M","M","R","E","R","T","E","$","?","R","?","R","B"],"character_chosen":"IRONCLAD","items_purchased":["Blood Vial","Armaments"],"campfire_rested":2,"item_purchase_floors":[11,11],"current_hp_per_floor":[67,66,66,71,64,64,21,43,43,22,22,22,22,22,44,0],"gold":23,"neow_bonus":"RANDOM_COMMON_RELIC","is_prod":false,"is_daily":false,"chose_seed":false,"campfire_upgraded":2,"win_rate":0,"timestamp":1553522485,"path_taken":["M","M","?","M","M","R","E","R","T","E","$","?","R","?","R","BOSS"],"build_version":"2019-03-15","purchased_purges":0,"victory":false,"max_hp_per_floor":[75,75,75,75,75,75,75,75,75,75,75,75,75,75,75,75],"card_choices":[{"not_picked":["Cleave","Sword Boomerang"],"picked":"Clothesline","floor":1},{"not_picked":["Seeing Red","Power Through"],"picked":"Headbutt","floor":2},{"not_picked":["True Grit","Rage"],"picked":"Shrug It Off","floor":4},{"not_picked":["Clothesline","Combust"],"picked":"Metallicize","floor":5},{"not_picked":["Twin Strike","Shockwave"],"picked":"Impervious","floor":7},{"not_picked":["Iron Wave","Pommel Strike"],"picked":"Ghostly Armor","floor":10}],"player_experience":375698,"relics_obtained":[{"floor":7,"key":"Du-Vu Doll"},{"floor":9,"key":"Unceasing Top"},{"floor":10,"key":"Pocketwatch"}],"event_choices":[{"damage_healed":0,"gold_gain":0,"player_choice":"Ignored","damage_taken":0,"max_hp_gain":0,"max_hp_loss":0,"event_name":"Liars Game","floor":3,"gold_loss":0},{"damage_healed":0,"gold_gain":0,"player_choice":"Ignored","damage_taken":0,"max_hp_gain":0,"max_hp_loss":0,"event_name":"Shining Light","floor":12,"gold_loss":0},{"cards_removed":["Strike_R"],"damage_healed":0,"gold_gain":0,"player_choice":"Purged","damage_taken":0,"max_hp_gain":0,"max_hp_loss":0,"event_name":"Purifier","floor":14,"gold_loss":0}],"is_beta":true,"boss_relics":[],"items_purged_floors":[],"is_endless":false,"potions_floor_spawned":[7,10],"killed_by":"Hexaghost","ascension_level":20}