{"gold_per_floor":[119,35,35,46,62,96,96,123,148,148,180,40,52,52,52,126,126,83,83],"floor_reached":19,"playtime":857,"items_purged":[],"score":458,"play_id":"0ba5fcfc-6a02-4961-b6cb-5d54364a9022","local_time":"20181109001316","is_ascension_mode":true,"campfire_choices":[{"data":"Go for the Eyes","floor":7,"key":"SMITH"},{"floor":10,"key":"REST"},{"data":"Defragment","floor":15,"key":"SMITH"}],"neow_cost":"NONE","seed_source_timestamp":4226524072636572,"circlet_count":0,"master_deck":["AscendersBane","Strike_B","Defend_B","Defend_B","Defend_B","Defend_B","Zap","Dualcast","Rainbow","Streamline+1","Defragment","Go for the Eyes+1","Cold Snap","Defragment+1","Compile Driver","Coolheaded","Capacitor","Redo","Barrage","Seek","Steam Power+1","Gash+1","Capacitor+1","Gash"],"relics":["Cracked Core","DataDisk","Omamori","PreservedInsect","Bag of Preparation","Astrolabe"],"potions_floor_usage":[16,19],"damage_taken":[{"damage":1,"enemies":"Cultist","floor":1,"turns":3},{"damage":3,"enemies":"2 Louse","floor":4,"turns":2},{"damage":0,"enemies":"Jaw Worm","floor":5,"turns":3},{"damage":30,"enemies":"3 Sentries","floor":6,"turns":8},{"damage":3,"enemies":"Gremlin Nob","floor":8,"turns":3},{"damage":11,"enemies":"3 Sentries","floor":11,"turns":6},{"damage":9,"enemies":"Large Slime","floor":13,"turns":4},{"damage":0,"enemies":"The Guardian","floor":16,"turns":11},{"damage":22,"enemies":"2 Thieves","floor":18,"turns":5},{"damage":52,"enemies":"Masked Bandits","floor":19,"turns":4}],"seed_played":"542484273772519899","potions_obtained":[{"floor":4,"key":"Fire Potion"},{"floor":8,"key":"Ancient Potion"},{"floor":16,"key":"Block Potion"}],"is_trial":false,"path_per_floor":["M","$","?","M","M","E","R","E","T","R","E","$","M","?","R","B",null,"M","?"],"character_chosen":"DEFECT","items_purchased":["Defragment","Capacitor","Redo"],"campfire_rested":1,"item_purchase_floors":[2,12,12],"current_hp_per_floor":[63,63,63,60,60,30,30,27,27,48,37,37,28,28,28,28,60,38,0],"gold":83,"neow_bonus":"ONE_RANDOM_RARE_CARD","is_prod":false,"is_daily":false,"chose_seed":false,"campfire_upgraded":2,"win_rate":0,"timestamp":1541751196,"path_taken":["M","$","?","?","M","E","R","E","T","R","E","?","M","?","R","BOSS","M","?"],"build_version":"2018-11-08","purchased_purges":0,"victory":false,"max_hp_per_floor":[71,71,71,71,71,71,71,71,71,71,71,71,71,71,71,71,71,71,71],"card_choices":[{"not_picked":["Defragment","Steam Power"],"picked":"Streamline","floor":1},{"not_picked":["Skim","Leap"],"picked":"Go for the Eyes","floor":4},{"not_picked":["Rebound","Redo"],"picked":"Cold Snap","floor":5},{"not_picked":["Streamline","Hello World"],"picked":"Defragment","floor":6},{"not_picked":["Hologram","Ball Lightning"],"picked":"Compile Driver","floor":8},{"not_picked":["Meteor Strike","FTL"],"picked":"Coolheaded","floor":11},{"not_picked":["Hologram","Rebound"],"picked":"Barrage","floor":13},{"not_picked":["Machine Learning","Fission"],"picked":"Seek","floor":16},{"not_picked":["Compile Driver","Rebound"],"picked":"Gash","floor":18}],"player_experience":1037198,"relics_obtained":[{"floor":6,"key":"DataDisk"},{"floor":8,"key":"Omamori"},{"floor":9,"key":"PreservedInsect"},{"floor":11,"key":"Bag of Preparation"}],"event_choices":[{"damage_healed":0,"gold_gain":0,"player_choice":"Forge","damage_taken":0,"max_hp_gain":0,"max_hp_loss":0,"event_name":"Accursed Blacksmith","floor":3,"gold_loss":0,"cards_upgraded":["Streamline"]},{"damage_healed":0,"gold_gain":0,"player_choice":"Ignored","damage_taken":0,"max_hp_gain":0,"max_hp_loss":0,"event_name":"Liars Game","floor":14,"gold_loss":0},{"damage_healed":0,"gold_gain":0,"player_choice":"Fought Bandits","damage_taken":0,"max_hp_gain":0,"max_hp_loss":0,"event_name":"Masked Bandits","floor":19,"gold_loss":0}],"is_beta":true,"boss_relics":[{"not_picked":["Tiny House","Runic Pyramid"],"picked":"Astrolabe"}],"items_purged_floors":[],"is_endless":false,"potions_floor_spawned":[4,8,11,16,18],"killed_by":"Masked Bandits","ascension_level":19}