{"gold_per_floor":[116,36,49,49,49,79,39,39,39,72,72,105,140,175,187,274,286,312,324,336,348,371,383,395],"floor_reached":24,"playtime":1066,"items_purged":[],"score":416,"play_id":"d785ce33-82cd-4a60-a0e7-91488b978148","local_time":"20181219194200","is_ascension_mode":true,"campfire_choices":[{"floor":8,"key":"REST"},{"data":"Zap","floor":11,"key":"SMITH"},{"floor":15,"key":"REST"},{"floor":23,"key":"REST"}],"neow_cost":"NONE","seed_source_timestamp":7752438859327918,"circlet_count":0,"master_deck":["AscendersBane","Strike_B","Strike_B","Strike_B","Strike_B","Defend_B","Defend_B","Defend_B","Defend_B","Zap+1","Dualcast","Ball Lightning","Self Repair","Gash","Streamline","FTL","Compile Driver","Cold Snap","Go for the Eyes","Creative AI","Hologram","Ghostly","Ghostly","Ghostly","Necronomicurse","Reinforced Body"],"relics":["Cracked Core","Lantern","Vajra","Kunai","Letter Opener","MawBank","Boot","Odd Mushroom","Fusion Hammer","Necronomicon"],"potions_floor_usage":[6,10,22,24],"damage_taken":[{"damage":9,"enemies":"Small Slimes","floor":1,"turns":3},{"damage":1,"enemies":"Cultist","floor":3,"turns":3},{"damage":39,"enemies":"Gremlin Nob","floor":6,"turns":4},{"damage":28,"enemies":"Lagavulin","floor":10,"turns":5},{"damage":17,"enemies":"3 Sentries","floor":12,"turns":5},{"damage":11,"enemies":"The Mushroom Lair","floor":14,"turns":3},{"damage":25,"enemies":"The Guardian","floor":16,"turns":10},{"damage":32,"enemies":"Shell Parasite","floor":18,"turns":5},{"damage":3,"enemies":"Spheric Guardian","floor":22,"turns":4},{"damage":27,"enemies":"Gremlin Leader","floor":24,"turns":8}],"seed_played":"3563886990570324836","potions_obtained":[{"floor":1,"key":"FocusPotion"},{"floor":3,"key":"FocusPotion"},{"floor":14,"key":"SkillPotion"},{"floor":16,"key":"Fire Potion"}],"is_trial":false,"path_per_floor":["M","$","M","?","$","E","$","R","T","E","R","E","T","?","R","B",null,"M","?","?","?","M","R","E"],"character_chosen":"DEFECT","items_purchased":["Self Repair","FTL"],"campfire_rested":3,"item_purchase_floors":[2,7],"current_hp_per_floor":[55,55,61,71,71,39,39,60,60,39,39,29,29,18,39,21,59,34,34,13,6,10,22,0],"gold":395,"neow_bonus":"RANDOM_COMMON_RELIC","is_prod":false,"is_daily":false,"chose_seed":false,"campfire_upgraded":1,"win_rate":0,"timestamp":1545277320,"path_taken":["M","$","M","?","?","E","$","R","T","E","R","E","?","?","R","BOSS","M","?","?","?","M","R","E"],"build_version":"2018-12-17","purchased_purges":0,"victory":false,"max_hp_per_floor":[71,71,71,71,71,71,71,71,71,71,71,71,71,71,71,71,71,71,35,35,40,40,40,40],"card_choices":[{"not_picked":["Steam Power","Hologram"],"picked":"Ball Lightning","floor":1},{"not_picked":["Coolheaded","Loop"],"picked":"Gash","floor":3},{"not_picked":["Self Repair","Blizzard"],"picked":"Streamline","floor":6},{"not_picked":["Beam Cell","Coolheaded"],"picked":"Compile Driver","floor":10},{"not_picked":["Barrage","Go for the Eyes"],"picked":"Cold Snap","floor":12},{"not_picked":["Hello World","Hologram"],"picked":"Go for the Eyes","floor":14},{"not_picked":["Hyperbeam","Machine Learning"],"picked":"Creative AI","floor":16},{"not_picked":["Cold Snap","Conserve Battery"],"picked":"Hologram","floor":18},{"not_picked":["Streamline","Coolheaded"],"picked":"Reinforced Body","floor":22}],"player_experience":1111144,"relics_obtained":[{"floor":6,"key":"Vajra"},{"floor":9,"key":"Kunai"},{"floor":10,"key":"Letter Opener"},{"floor":12,"key":"MawBank"},{"floor":13,"key":"Boot"},{"floor":14,"key":"Odd Mushroom"},{"floor":20,"key":"Necronomicon"}],"event_choices":[{"damage_healed":10,"gold_gain":0,"player_choice":"Full Heal","damage_taken":0,"max_hp_gain":0,"max_hp_loss":0,"event_name":"Wheel of Change","floor":4,"gold_loss":0},{"damage_healed":0,"gold_gain":0,"player_choice":"Fought Mushrooms","damage_taken":0,"max_hp_gain":0,"max_hp_loss":0,"event_name":"Mushrooms","floor":14,"gold_loss":0},{"damage_healed":0,"gold_gain":0,"player_choice":"Became a Ghost","damage_taken":0,"max_hp_gain":0,"max_hp_loss":36,"event_name":"Ghosts","floor":19,"gold_loss":0,"cards_obtained":["Ghostly","Ghostly","Ghostly"]},{"damage_healed":0,"gold_gain":0,"player_choice":"Obtained Book","damage_taken":21,"max_hp_gain":0,"max_hp_loss":0,"event_name":"Cursed Tome","floor":20,"gold_loss":0},{"damage_healed":0,"gold_gain":0,"player_choice":"Shed Blood","damage_taken":12,"max_hp_gain":5,"max_hp_loss":0,"event_name":"Forgotten Altar","floor":21,"gold_loss":0}],"is_beta":true,"boss_relics":[{"not_picked":["Tiny House","Runic Dome"],"picked":"Fusion Hammer"}],"items_purged_floors":[],"is_endless":false,"potions_floor_spawned":[1,3,14,16],"killed_by":"Gremlin Leader","ascension_level":20}