{"gold_per_floor":[113,125,137,155,165,165,178,211,260,272,272,337,366,383,383,484,484,499,511,521,170,170,185,185,212,212,243,65,99,99,116,116,212,212,223,243,50,63,27,27,127,161,161,191,191,217,229,256,256,256],"floor_reached":51,"playtime":4752,"items_purged":["Strike_R","Strike_R+1"],"score":1040,"play_id":"a13929be-ae9a-4c9d-b49a-0de755194419","local_time":"20181109193017","is_ascension_mode":true,"campfire_choices":[{"data":"Havoc","floor":6,"key":"SMITH"},{"floor":11,"key":"REST"},{"data":"Corruption","floor":15,"key":"SMITH"},{"floor":24,"key":"REST"},{"data":"Armaments","floor":32,"key":"SMITH"},{"floor":40,"key":"REST"},{"floor":49,"key":"REST"}],"neow_cost":"NONE","seed_source_timestamp":642854321703702,"circlet_count":0,"master_deck":["Strike_R+1","Strike_R+1","Strike_R+1","Defend_R+1","Defend_R+1","Defend_R+1","Defend_R+1","Bash+1","Inflame","Sword Boomerang","Havoc+1","Corruption+1","Impervious","Rage","Feel No Pain","Sword Boomerang","Reaper","Shrug It Off+1","Feed","Flame Barrier","Pommel Strike","Ghostly Armor+1","Spot Weakness+1","Headbutt","Armaments+1","Hemokinesis","Shrug It Off+1","Burning Pact+1","Double Tap+1","Exhume+1","Armaments+1","Entrench+1","Panacea+1","Flame Barrier+1","Sentinel+1","Dual Wield+1","Sentinel+1","Ghostly Armor+1","Spot Weakness+1","Offering+1","Shockwave+1","Barricade","Whirlwind+1"],"relics":["Burning Blood","PreservedInsect","Ancient Tea Set","Mango","Kunai","Lizard Tail","Regal Pillow","War Paint","Toxic Egg 2","Centennial Puzzle","Dream Catcher","Bottled Flame","Mark of Pain","Pocketwatch","Nunchaku","Magic Flower","Pantograph","Paper Frog","Boot"],"potions_floor_usage":[4,7,13,19,19,20,25,27,33,33,36],"damage_taken":[{"damage":2,"enemies":"Jaw Worm","floor":1,"turns":3},{"damage":0,"enemies":"Small Slimes","floor":2,"turns":3},{"damage":2,"enemies":"2 Louse","floor":3,"turns":3},{"damage":15,"enemies":"Lots of Slimes","floor":4,"turns":4},{"damage":12,"enemies":"Looter","floor":5,"turns":3},{"damage":15,"enemies":"Exordium Wildlife","floor":7,"turns":3},{"damage":20,"enemies":"Lagavulin","floor":8,"turns":7},{"damage":11,"enemies":"Blue Slaver","floor":10,"turns":3},{"damage":10,"enemies":"Gremlin Nob","floor":12,"turns":4},{"damage":31,"enemies":"3 Sentries","floor":13,"turns":6},{"damage":6,"enemies":"3 Louse","floor":14,"turns":3},{"damage":50,"enemies":"The Guardian","floor":16,"turns":9},{"damage":7,"enemies":"Shell Parasite","floor":18,"turns":7},{"damage":46,"enemies":"3 Byrds","floor":19,"turns":7},{"damage":13,"enemies":"Centurion and Healer","floor":20,"turns":7},{"damage":25,"enemies":"3 Cultists","floor":23,"turns":6},{"damage":17,"enemies":"Slavers","floor":25,"turns":7},{"damage":0,"enemies":"Book of Stabbing","floor":27,"turns":5},{"damage":63,"enemies":"Slavers","floor":29,"turns":7},{"damage":10,"enemies":"Snake Plant","floor":31,"turns":5},{"damage":68,"enemies":"Champ","floor":33,"turns":12},{"damage":62,"enemies":"3 Darklings","floor":35,"turns":8},{"damage":4,"enemies":"Orb Walker","floor":36,"turns":3},{"damage":71,"enemies":"4 Shapes","floor":38,"turns":7},{"damage":12,"enemies":"Mind Bloom Boss Battle","floor":41,"turns":8},{"damage":2,"enemies":"Giant Head","floor":42,"turns":6},{"damage":26,"enemies":"Nemesis","floor":44,"turns":9},{"damage":53,"enemies":"Reptomancer","floor":46,"turns":8},{"damage":16,"enemies":"3 Darklings","floor":47,"turns":6},{"damage":44,"enemies":"Nemesis","floor":48,"turns":11},{"damage":46,"enemies":"Donu and Deca","floor":50,"turns":6}],"seed_played":"1885465173563530478","potions_obtained":[{"floor":3,"key":"Fire Potion"},{"floor":4,"key":"Fruit Juice"},{"floor":8,"key":"GamblersBrew"},{"floor":10,"key":"BloodPotion"},{"floor":12,"key":"Regen Potion"},{"floor":13,"key":"SneckoOil"},{"floor":19,"key":"Strength Potion"},{"floor":23,"key":"EssenceOfSteel"},{"floor":25,"key":"PowerPotion"},{"floor":29,"key":"Weak Potion"},{"floor":33,"key":"SteroidPotion"},{"floor":35,"key":"SpeedPotion"},{"floor":38,"key":"FairyPotion"},{"floor":46,"key":"SmokeBomb"}],"is_trial":false,"path_per_floor":["M","M","M","M","M","R","M","E","T","M","R","?","E","M","R","B",null,"M","M","M","$","?","M","R","E","T","E","$","E","?","M","R","B",null,"M","M","$","M","$","R","?","E","T","E","?","E","M","E","R","B",null],"character_chosen":"IRONCLAD","items_purchased":["Spot Weakness","Regal Pillow","Headbutt","Dream Catcher","Shrug It Off+1","Panacea+1","Sentinel+1"],"campfire_rested":4,"item_purchase_floors":[21,21,21,28,28,37,39],"current_hp_per_floor":[80,80,80,71,65,65,61,47,47,42,67,77,66,66,66,31,99,101,67,60,60,60,62,105,108,108,108,108,51,87,87,87,35,108,82,84,84,62,62,110,111,111,111,94,94,89,111,78,111,74],"gold":256,"neow_bonus":"UPGRADE_CARD","is_prod":false,"is_daily":false,"chose_seed":false,"campfire_upgraded":3,"win_rate":0,"timestamp":1541788217,"path_taken":["M","M","M","M","M","R","M","E","T","M","R","?","E","M","R","BOSS","M","M","M","$","?","M","R","E","T","E","$","E","?","M","R","BOSS","M","M","$","M","$","R","?","E","T","E","?","E","?","E","R","BOSS"],"build_version":"2018-11-08","purchased_purges":2,"victory":true,"max_hp_per_floor":[80,80,80,80,80,80,85,85,85,85,85,99,99,99,99,99,99,102,105,105,105,105,105,105,108,108,108,108,108,108,108,108,108,108,108,108,108,111,111,111,111,111,111,111,111,111,111,111,111,111],"card_choices":[{"not_picked":["Body Slam","Intimidate"],"picked":"Inflame","floor":1},{"not_picked":["Twin Strike","Warcry"],"picked":"Sword Boomerang","floor":2},{"not_picked":["Entrench","Anger"],"picked":"Havoc","floor":3},{"not_picked":["Whirlwind","Bloodletting"],"picked":"Dropkick","floor":4},{"not_picked":["Rage","Twin Strike"],"picked":"Corruption","floor":5},{"not_picked":["Havoc","Cleave"],"picked":"Impervious","floor":7},{"not_picked":["Bloodletting","Sword Boomerang"],"picked":"Rage","floor":8},{"not_picked":["Armaments","Thunderclap"],"picked":"Feel No Pain","floor":10},{"not_picked":["Flex","Headbutt"],"picked":"Sword Boomerang","floor":12},{"not_picked":["Havoc","Dropkick"],"picked":"Reaper","floor":13},{"not_picked":["Headbutt","Pommel Strike"],"picked":"Shrug It Off","floor":14},{"not_picked":["Berserk","Reaper"],"picked":"Feed","floor":16},{"not_picked":["Searing Blow","Twin Strike"],"picked":"Flame Barrier","floor":18},{"not_picked":["True Grit","Sever Soul"],"picked":"Pommel Strike","floor":19},{"not_picked":["Wild Strike+1","Twin Strike"],"picked":"Ghostly Armor+1","floor":20},{"not_picked":["Combust","Warcry","Twin Strike"],"picked":"SKIP","floor":23},{"not_picked":["Wild Strike","Flame Barrier"],"picked":"Armaments","floor":25},{"not_picked":["Body Slam","Reckless Charge"],"picked":"Hemokinesis","floor":27},{"not_picked":["Feel No Pain","Heavy Blade"],"picked":"Burning Pact+1","floor":29},{"not_picked":["Clothesline+1","Headbutt"],"picked":"Double Tap+1","floor":31},{"not_picked":["Barricade","Immolate"],"picked":"Exhume+1","floor":33},{"not_picked":["Sword Boomerang","Iron Wave"],"picked":"Armaments+1","floor":35},{"not_picked":["Spot Weakness+1","Headbutt"],"picked":"Entrench+1","floor":36},{"not_picked":["Clothesline+1","Flex+1"],"picked":"Flame Barrier+1","floor":38},{"not_picked":["Clash+1","Pommel Strike+1"],"picked":"Dual Wield+1","floor":40},{"not_picked":["Headbutt","Wild Strike"],"picked":"Sentinel+1","floor":41},{"not_picked":["Thunderclap+1","Bloodletting+1"],"picked":"Ghostly Armor+1","floor":42},{"not_picked":["Clothesline+1","Searing Blow"],"picked":"Spot Weakness+1","floor":44},{"not_picked":["Iron Wave","Body Slam"],"picked":"Offering+1","floor":46},{"not_picked":["Clothesline","Headbutt"],"picked":"Shockwave+1","floor":47},{"not_picked":["Cleave","Sword Boomerang+1"],"picked":"Barricade","floor":48},{"not_picked":["Warcry+1","Ghostly Armor+1"],"picked":"Whirlwind+1","floor":49}],"player_experience":48237,"relics_obtained":[{"floor":8,"key":"PreservedInsect"},{"floor":9,"key":"Ancient Tea Set"},{"floor":12,"key":"Mango"},{"floor":13,"key":"Kunai"},{"floor":25,"key":"War Paint"},{"floor":26,"key":"Toxic Egg 2"},{"floor":27,"key":"Centennial Puzzle"},{"floor":29,"key":"Bottled Flame"},{"floor":41,"key":"Pocketwatch"},{"floor":42,"key":"Nunchaku"},{"floor":43,"key":"Magic Flower"},{"floor":44,"key":"Pantograph"},{"floor":46,"key":"Paper Frog"},{"floor":48,"key":"Boot"}],"event_choices":[{"damage_healed":0,"gold_gain":0,"player_choice":"Searched \u00271\u0027 times","damage_taken":0,"max_hp_gain":0,"max_hp_loss":0,"event_name":"Dead Adventurer","floor":12,"gold_loss":0},{"damage_healed":0,"gold_gain":0,"player_choice":"Simplicity","damage_taken":0,"max_hp_gain":0,"max_hp_loss":0,"event_name":"Back to Basics","floor":22,"gold_loss":0,"cards_upgraded":["Strike_R","Strike_R","Strike_R","Strike_R","Defend_R","Defend_R","Defend_R","Defend_R"]},{"damage_healed":36,"gold_gain":0,"player_choice":"Heal","damage_taken":0,"max_hp_gain":0,"max_hp_loss":0,"event_name":"The Library","floor":30,"gold_loss":0},{"damage_healed":0,"gold_gain":0,"player_choice":"Fight","damage_taken":0,"max_hp_gain":0,"max_hp_loss":0,"event_name":"MindBloom","floor":41,"gold_loss":0},{"cards_removed":["Dropkick"],"damage_healed":0,"gold_gain":0,"player_choice":"Purged","damage_taken":0,"max_hp_gain":0,"max_hp_loss":0,"event_name":"Purifier","floor":45,"gold_loss":0}],"is_beta":true,"boss_relics":[{"not_picked":["Orrery","Velvet Choker"],"picked":"Lizard Tail"},{"not_picked":["Astrolabe","Eternal Feather"],"picked":"Mark of Pain"}],"items_purged_floors":[21,37],"is_endless":false,"potions_floor_spawned":[3,4,8,10,12,13,19,23,25,29,33,35,38,46,48],"ascension_level":3}