{"gold_per_floor":[117,128,147,162,162,162,162,180,231,243,111,127,127,127,127,256,256,269,288,213,213,62,62,101,101,125,146,146,146,146],"floor_reached":30,"playtime":2429,"items_purged":["Defend_G"],"score":263,"play_id":"de424ea9-1b46-4017-8803-d969d66626a6","local_time":"20181103173212","is_ascension_mode":false,"campfire_choices":[{"data":"Deadly Poison","floor":6,"key":"SMITH"},{"data":"Tactician","floor":10,"key":"SMITH"},{"data":"Dagger Throw","floor":13,"key":"SMITH"},{"floor":15,"key":"REST"},{"floor":23,"key":"REST"},{"floor":25,"key":"REST"}],"neow_cost":"NONE","seed_source_timestamp":119699767965136,"circlet_count":0,"master_deck":["Defend_G","Defend_G","Defend_G","Defend_G","Survivor","Neutralize","Backflip","Deadly Poison+1","Flying Knee","Tactician+1","Well Laid Plans","Slice","Adrenaline","Dagger Throw+1","A Thousand Cuts","Deadly Poison","Escape Plan","Infinite Blades","Terror+1","Quick Slash","Bite","Bite","Bite","Bite","Bite"],"relics":["Ring of the Snake","MawBank","Golden Idol","WristBlade","Letter Opener","Lantern"],"potions_floor_usage":[16,16,24],"damage_taken":[{"damage":0,"enemies":"Cultist","floor":1,"turns":4},{"damage":0,"enemies":"Small Slimes","floor":2,"turns":3},{"damage":0,"enemies":"Jaw Worm","floor":3,"turns":5},{"damage":0,"enemies":"Blue Slaver","floor":4,"turns":4},{"damage":1,"enemies":"Exordium Wildlife","floor":8,"turns":4},{"damage":2,"enemies":"3 Louse","floor":12,"turns":3},{"damage":52,"enemies":"The Guardian","floor":16,"turns":10},{"damage":30,"enemies":"2 Thieves","floor":18,"turns":4},{"damage":32,"enemies":"Spheric Guardian","floor":19,"turns":6},{"damage":37,"enemies":"Slavers","floor":24,"turns":6},{"damage":30,"enemies":"Snake Plant","floor":27,"turns":4},{"damage":2,"enemies":"Chosen and Byrds","floor":30,"turns":1}],"seed_played":"5338391710469206326","potions_obtained":[{"floor":2,"key":"LiquidBronze"},{"floor":3,"key":"Weak Potion"},{"floor":18,"key":"SpeedPotion"},{"floor":19,"key":"Ancient Potion"},{"floor":24,"key":"Strength Potion"}],"is_trial":false,"path_per_floor":["M","M","M","M","?","R","?","M","T","R","$","M","R","?","R","B",null,"M","M","?","?","$","R","E","R","T","M","?","?","M"],"character_chosen":"THE_SILENT","items_purchased":["Adrenaline","Infinite Blades"],"campfire_rested":3,"item_purchase_floors":[11,22],"current_hp_per_floor":[77,77,77,77,82,82,82,81,81,81,81,79,79,59,82,30,82,52,20,20,20,20,44,7,31,31,1,1,1,0],"gold":146,"neow_bonus":"TEN_PERCENT_HP_BONUS","is_prod":false,"is_daily":false,"chose_seed":false,"campfire_upgraded":3,"win_rate":0.0,"timestamp":1541262732,"path_taken":["M","M","M","M","?","R","?","M","T","R","$","M","R","?","R","BOSS","M","M","?","?","$","R","E","R","T","?","?","?","M"],"build_version":"2018-11-01","purchased_purges":1,"victory":false,"max_hp_per_floor":[77,77,77,77,82,82,82,82,82,82,82,82,82,82,82,82,82,82,82,82,82,82,82,82,82,82,82,82,57,57],"card_choices":[{"not_picked":["Dagger Spray","Tactician"],"picked":"Backflip","floor":1},{"not_picked":["Blade Dance","Escape Plan"],"picked":"Deadly Poison","floor":2},{"not_picked":["Well Laid Plans","Sucker Punch"],"picked":"Flying Knee","floor":3},{"not_picked":["Flying Knee","Outmaneuver"],"picked":"Tactician","floor":4},{"not_picked":["PiercingWail","Prepared"],"picked":"Slice","floor":8},{"not_picked":["Slice","Tactician"],"picked":"Dagger Throw","floor":12},{"not_picked":["Wraith Form v2","Bullet Time"],"picked":"A Thousand Cuts","floor":16},{"not_picked":["Acrobatics","Sucker Punch"],"picked":"Deadly Poison","floor":18},{"not_picked":["Sucker Punch","Prepared"],"picked":"Escape Plan","floor":19},{"not_picked":["Venomology","Blur"],"picked":"Terror+1","floor":24},{"not_picked":["Reflex","Flying Knee"],"picked":"Quick Slash","floor":27}],"player_experience":31605,"relics_obtained":[{"floor":9,"key":"MawBank"},{"floor":24,"key":"Letter Opener"},{"floor":26,"key":"Lantern"}],"event_choices":[{"damage_healed":0,"gold_gain":0,"player_choice":"Donut","damage_taken":0,"max_hp_gain":5,"max_hp_loss":0,"event_name":"Big Fish","floor":5,"gold_loss":0},{"damage_healed":0,"gold_gain":0,"cards_transformed":["Strike_G"],"player_choice":"Change","damage_taken":0,"max_hp_gain":0,"max_hp_loss":0,"event_name":"Living Wall","floor":7,"gold_loss":0,"cards_obtained":["Well Laid Plans"]},{"damage_healed":0,"gold_gain":0,"player_choice":"Take Damage","damage_taken":20,"relics_obtained":["Golden Idol"],"max_hp_gain":0,"max_hp_loss":0,"event_name":"Golden Idol","floor":14,"gold_loss":0},{"cards_removed":["Strike_G"],"damage_healed":0,"gold_gain":0,"player_choice":"Gave Gold","damage_taken":0,"max_hp_gain":0,"max_hp_loss":0,"event_name":"Beggar","floor":20,"gold_loss":75},{"damage_healed":0,"gold_gain":0,"player_choice":"Ignored","damage_taken":0,"max_hp_gain":0,"max_hp_loss":0,"event_name":"The Mausoleum","floor":21,"gold_loss":0},{"damage_healed":0,"gold_gain":0,"player_choice":"Ignored","damage_taken":0,"max_hp_gain":0,"max_hp_loss":0,"event_name":"Ghosts","floor":28,"gold_loss":0},{"damage_healed":0,"gold_gain":0,"player_choice":"Became a vampire","damage_taken":0,"max_hp_gain":0,"max_hp_loss":25,"event_name":"Vampires","floor":29,"gold_loss":0,"cards_obtained":["Bite","Bite","Bite","Bite","Bite"]}],"is_beta":false,"boss_relics":[{"not_picked":["Runic Dome","Ectoplasm"],"picked":"WristBlade"}],"items_purged_floors":[22],"is_endless":false,"potions_floor_spawned":[2,3,18,19,24],"killed_by":"Chosen and Byrds","ascension_level":0}