{"gold_per_floor":[111,111,126,0,0,0,10,35,35,35,35,35,48,48,48,144,144,154,154,170,20,32,32,32],"floor_reached":24,"playtime":1762,"items_purged":[],"score":194,"play_id":"d3d6eb24-6623-4bca-b2d3-94a9f793fef9","local_time":"20190918162756","is_ascension_mode":false,"campfire_choices":[{"floor":6,"key":"RECALL"},{"floor":12,"key":"REST"},{"floor":15,"key":"REST"},{"data":"Buffer","floor":23,"key":"SMITH"}],"neow_cost":"NONE","seed_source_timestamp":94520434987500,"circlet_count":0,"master_deck":["Strike_B","Strike_B","Strike_B","Strike_B+1","Defend_B","Defend_B","Defend_B+1","Defend_B","Zap","Dualcast","Genetic Algorithm","Gash","Gash","Coolheaded","Compile Driver","Gash","Cold Snap","Hello World","Buffer+1","Hologram","Coolheaded","Go for the Eyes+1"],"relics":["FrozenCore","NeowsBlessing","Gremlin Horn","Bag of Marbles","Bag of Preparation"],"potions_floor_usage":[20,24,24],"damage_taken":[{"damage":0,"enemies":"Jaw Worm","floor":1,"turns":1},{"damage":0,"enemies":"2 Louse","floor":3,"turns":1},{"damage":0,"enemies":"Small Slimes","floor":7,"turns":1},{"damage":18,"enemies":"Gremlin Nob","floor":8,"turns":4},{"damage":2,"enemies":"Exordium Wildlife","floor":13,"turns":5},{"damage":15,"enemies":"Hexaghost","floor":16,"turns":11},{"damage":8,"enemies":"Shell Parasite","floor":18,"turns":8},{"damage":7,"enemies":"3 Byrds","floor":20,"turns":6},{"damage":19,"enemies":"Snake Plant","floor":22,"turns":6},{"damage":46,"enemies":"Slavers","floor":24,"turns":6}],"seed_played":"4073431132862393544","potions_obtained":[{"floor":1,"key":"Weak Potion"},{"floor":3,"key":"Dexterity Potion"},{"floor":13,"key":"AttackPotion"},{"floor":22,"key":"Ancient Potion"}],"is_trial":false,"path_per_floor":["M","?","M","$","?","R","M","E","T","$","?","R","M","?","R","B",null,"M","?","M","$","M","R","E"],"character_chosen":"DEFECT","items_purchased":["Gash","Coolheaded","Compile Driver","Bag of Preparation"],"campfire_rested":2,"item_purchase_floors":[4,4,4,21],"current_hp_per_floor":[75,60,60,60,60,60,60,42,42,42,42,64,62,37,59,44,75,67,67,60,60,41,41,0],"gold":32,"neow_bonus":"THREE_ENEMY_KILL","is_prod":false,"is_daily":false,"chose_seed":false,"campfire_upgraded":1,"win_rate":0,"timestamp":1568813276,"path_taken":["M","?","M","$","?","R","M","E","T","?","?","R","?","?","R","BOSS","M","?","M","$","M","R","E"],"build_version":"2019-07-17","purchased_purges":0,"victory":false,"max_hp_per_floor":[75,75,75,75,75,75,75,75,75,75,75,75,75,75,75,75,75,75,75,75,75,75,75,75],"card_choices":[{"not_picked":["Turbo","Recycle"],"picked":"Genetic Algorithm","floor":1},{"not_picked":["Sweeping Beam","Beam Cell"],"picked":"Gash","floor":3},{"not_picked":["Rebound","Genetic Algorithm"],"picked":"Gash","floor":7},{"not_picked":["Barrage","Conserve Battery"],"picked":"Cold Snap","floor":8},{"not_picked":["Steam Power","Beam Cell"],"picked":"Hello World","floor":13},{"not_picked":["Fission","Machine Learning"],"picked":"Buffer","floor":16},{"not_picked":["Redo","Streamline"],"picked":"Hologram","floor":18},{"not_picked":["Heatsinks","Sweeping Beam"],"picked":"Coolheaded","floor":20},{"not_picked":["Undo","Hologram"],"picked":"Go for the Eyes+1","floor":22}],"player_experience":104467,"relics_obtained":[{"floor":8,"key":"Gremlin Horn"}],"event_choices":[{"damage_healed":0,"gold_gain":0,"player_choice":"Entered Light","damage_taken":15,"max_hp_gain":0,"max_hp_loss":0,"event_name":"Shining Light","floor":2,"gold_loss":0,"cards_upgraded":["Strike_B","Defend_B"]},{"damage_healed":0,"gold_gain":0,"player_choice":"Ignored","damage_taken":0,"max_hp_gain":0,"max_hp_loss":0,"event_name":"Golden Wing","floor":5,"gold_loss":0},{"damage_healed":0,"gold_gain":0,"player_choice":"Ignored","damage_taken":0,"max_hp_gain":0,"max_hp_loss":0,"event_name":"Golden Idol","floor":11,"gold_loss":0},{"damage_healed":0,"gold_gain":0,"player_choice":"Success","damage_taken":25,"relics_obtained":["Bag of Marbles"],"max_hp_gain":0,"max_hp_loss":0,"event_name":"Scrap Ooze","floor":14,"gold_loss":0},{"damage_healed":0,"gold_gain":0,"player_choice":"Ignored","damage_taken":0,"max_hp_gain":0,"max_hp_loss":0,"event_name":"Ghosts","floor":19,"gold_loss":0}],"is_beta":false,"boss_relics":[{"not_picked":["Black Star","Runic Pyramid"],"picked":"FrozenCore"}],"items_purged_floors":[],"is_endless":false,"potions_floor_spawned":[1,3,13,16,22],"killed_by":"Slavers","ascension_level":0}