{"gold_per_floor":[114,127,146,146,170,170,170,170,193,193,211,250,250,289,289,382,382,396,381,381,153,176,176,176,219,244,256,291,145,145,158,158,254,254,274,13,31,55,388,388,402,432,459,118,133,133,161,178,178,178,178,178,178,53,87,87],"floor_reached":56,"playtime":4194,"items_purged":["Strike_R","Strike_R","Strike_R"],"score":2009,"play_id":"16b7965e-45d8-41cc-9e8a-ed130d8d09a2","local_time":"20181223052243","is_ascension_mode":true,"campfire_choices":[{"data":"Uppercut","floor":6,"key":"SMITH"},{"data":"Iron Wave","floor":8,"key":"SMITH"},{"floor":10,"key":"REST"},{"data":"Evolve","floor":13,"key":"SMITH"},{"data":"Power Through","floor":15,"key":"SMITH"},{"data":"Heavy Blade","floor":23,"key":"SMITH"},{"data":"Inflame","floor":27,"key":"SMITH"},{"data":"J.A.X.","floor":30,"key":"SMITH"},{"data":"Spot Weakness","floor":32,"key":"SMITH"},{"data":"Limit Break","floor":40,"key":"SMITH"},{"floor":46,"key":"RECALL"},{"data":"Feel No Pain","floor":49,"key":"SMITH"},{"data":"True Grit","floor":53,"key":"SMITH"}],"neow_cost":"NONE","seed_source_timestamp":8043352279662267,"circlet_count":0,"master_deck":["AscendersBane","Defend_R","Defend_R+1","Defend_R","Defend_R","Bash+1","Uppercut+1","Iron Wave+1","Carnage","Evolve+1","Power Through+1","Power Through","Reaper","Spot Weakness+1","Inflame+1","Heavy Blade+1","J.A.X.+1","Battle Trance","Limit Break+1","Feel No Pain+1","True Grit+1","Shrug It Off+1","Offering+1","Fiend Fire","Burning Pact","Disarm"],"relics":["Burning Blood","Happy Flower","Anchor","Art of War","Letter Opener","Coffee Dripper","Medical Kit","Bronze Scales","MawBank","Empty Cage","PreservedInsect","War Paint","Oddly Smooth Stone","Juzu Bracelet","FossilizedHelix"],"potions_floor_usage":[5,16,22,25,33,33,56,56],"damage_taken":[{"damage":9,"enemies":"Small Slimes","floor":1,"turns":5},{"damage":9,"enemies":"Jaw Worm","floor":2,"turns":4},{"damage":1,"enemies":"2 Louse","floor":3,"turns":3},{"damage":17,"enemies":"Gremlin Gang","floor":5,"turns":4},{"damage":0,"enemies":"Looter","floor":11,"turns":2},{"damage":10,"enemies":"3 Sentries","floor":12,"turns":7},{"damage":18,"enemies":"Lagavulin","floor":14,"turns":6},{"damage":40,"enemies":"Hexaghost","floor":16,"turns":11},{"damage":4,"enemies":"Shell Parasite","floor":18,"turns":5},{"damage":6,"enemies":"2 Thieves","floor":19,"turns":4},{"damage":20,"enemies":"Shelled Parasite and Fungi","floor":22,"turns":7},{"damage":76,"enemies":"Slavers","floor":25,"turns":7},{"damage":7,"enemies":"Cultist and Chosen","floor":28,"turns":5},{"damage":23,"enemies":"Centurion and Healer","floor":31,"turns":5},{"damage":65,"enemies":"Automaton","floor":33,"turns":10},{"damage":26,"enemies":"3 Shapes","floor":35,"turns":6},{"damage":42,"enemies":"3 Darklings","floor":37,"turns":6},{"damage":35,"enemies":"Spire Growth","floor":38,"turns":6},{"damage":27,"enemies":"Sphere and 2 Shapes","floor":41,"turns":6},{"damage":80,"enemies":"Reptomancer","floor":42,"turns":6},{"damage":19,"enemies":"Maw","floor":45,"turns":6},{"damage":9,"enemies":"Giant Head","floor":47,"turns":4},{"damage":15,"enemies":"4 Shapes","floor":48,"turns":4},{"damage":74,"enemies":"Awakened One","floor":50,"turns":10},{"damage":35,"enemies":"Donu and Deca","floor":51,"turns":7},{"damage":55,"enemies":"Shield and Spear","floor":55,"turns":5},{"damage":58,"enemies":"The Heart","floor":56,"turns":3}],"seed_played":"3757549177859495555","potions_obtained":[{"floor":2,"key":"AttackPotion"},{"floor":3,"key":"Block Potion"},{"floor":11,"key":"SteroidPotion"},{"floor":22,"key":"Regen Potion"},{"floor":25,"key":"Explosive Potion"},{"floor":28,"key":"PowerPotion"},{"floor":41,"key":"Ancient Potion"},{"floor":42,"key":"SpeedPotion"}],"is_trial":false,"path_per_floor":["M","M","M","?","M","R","?","R","T","R","M","E","R","E","R","B",null,"M","M","?","$","M","R","?","E","T","R","M","$","R","M","R","B",null,"M","$","M","M","?","R","M","E","T","$","M","R","E","M","R","B","B",null,"R","$","E","B"],"character_chosen":"IRONCLAD","items_purchased":["Medical Kit","BloodPotion","Feel No Pain","PreservedInsect","Oddly Smooth Stone","Fiend Fire"],"campfire_rested":1,"item_purchase_floors":[21,29,36,36,44,44],"current_hp_per_floor":[65,62,67,41,30,30,30,30,30,52,58,54,54,42,42,8,58,66,70,70,70,68,68,68,13,13,13,37,37,37,39,39,10,59,52,52,72,75,75,75,75,50,50,50,75,75,75,75,75,55,54,70,70,70,42,0],"gold":87,"neow_bonus":"UPGRADE_CARD","is_prod":false,"is_daily":false,"chose_seed":false,"campfire_upgraded":11,"win_rate":0,"timestamp":1545571363,"path_taken":["M","M","M","?","M","R","?","R","T","R","M","E","R","E","R","BOSS","M","M","?","$","M","R","?","E","T","R","M","$","R","M","R","BOSS","M","$","M","M","?","R","M","E","T","$","M","R","E","M","R","BOSS","BOSS","R","$","E","BOSS"],"build_version":"2018-12-20","purchased_purges":3,"victory":false,"max_hp_per_floor":[75,75,75,75,75,75,75,75,75,75,75,75,75,75,75,75,75,75,75,75,75,75,75,75,75,75,75,75,75,75,75,75,75,75,75,75,75,75,75,75,75,75,75,75,75,75,75,75,75,75,75,75,75,75,75,75],"card_choices":[{"not_picked":["Flex","Combust"],"picked":"Uppercut","floor":1},{"not_picked":["Infernal Blade","Cleave"],"picked":"Iron Wave","floor":2},{"not_picked":["Hemokinesis","Thunderclap","Entrench"],"picked":"SKIP","floor":3},{"not_picked":["Anger","Flex"],"picked":"Carnage","floor":5},{"not_picked":["Reckless Charge","Clash"],"picked":"Evolve","floor":11},{"not_picked":["Sword Boomerang","Entrench"],"picked":"Power Through","floor":12},{"not_picked":["Clothesline","Body Slam"],"picked":"Power Through","floor":14},{"not_picked":["Double Tap","Immolate"],"picked":"Reaper","floor":16},{"not_picked":["Sword Boomerang","Twin Strike","Clash"],"picked":"SKIP","floor":18},{"not_picked":["Bloodletting","Armaments+1"],"picked":"Spot Weakness","floor":19},{"not_picked":["Anger","Rupture"],"picked":"Heavy Blade","floor":22},{"not_picked":["Entrench","Pommel Strike","Sentinel"],"picked":"SKIP","floor":25},{"not_picked":["Havoc","Pommel Strike","Sever Soul+1"],"picked":"SKIP","floor":28},{"not_picked":["Shrug It Off","Headbutt+1"],"picked":"Battle Trance","floor":31},{"not_picked":["Barricade","Demon Form"],"picked":"Limit Break","floor":33},{"not_picked":["Shockwave","Evolve","Seeing Red+1"],"picked":"SKIP","floor":35},{"not_picked":["Twin Strike","Fire Breathing+1"],"picked":"True Grit","floor":37},{"not_picked":["True Grit","Dropkick+1","Warcry"],"picked":"SKIP","floor":38},{"not_picked":["Body Slam","Cleave"],"picked":"Shrug It Off+1","floor":41},{"not_picked":["Clash+1","Ghostly Armor"],"picked":"Offering","floor":42},{"not_picked":["Dual Wield+1","Pummel+1"],"picked":"Burning Pact","floor":45},{"not_picked":["Bloodletting","Spot Weakness+1","Warcry"],"picked":"SKIP","floor":47},{"not_picked":["Clothesline","Clash","Rupture"],"picked":"SKIP","floor":48},{"not_picked":["Thunderclap","Twin Strike"],"picked":"Disarm","floor":55}],"player_experience":1123020,"relics_obtained":[{"floor":9,"key":"Anchor"},{"floor":12,"key":"Art of War"},{"floor":14,"key":"Letter Opener"},{"floor":25,"key":"Bronze Scales"},{"floor":26,"key":"MawBank"},{"floor":42,"key":"War Paint"},{"floor":47,"key":"Juzu Bracelet"},{"floor":55,"key":"FossilizedHelix"}],"event_choices":[{"damage_healed":0,"gold_gain":0,"player_choice":"Take Damage","damage_taken":26,"relics_obtained":["Golden Idol"],"max_hp_gain":0,"max_hp_loss":0,"event_name":"Golden Idol","floor":4,"gold_loss":0},{"damage_healed":0,"gold_gain":0,"player_choice":"Searched \u00271\u0027 times","damage_taken":0,"relics_obtained":["Happy Flower"],"max_hp_gain":0,"max_hp_loss":0,"event_name":"Dead Adventurer","floor":7,"gold_loss":0},{"damage_healed":0,"gold_gain":0,"player_choice":"Read","damage_taken":0,"max_hp_gain":0,"max_hp_loss":0,"event_name":"The Library","floor":20,"gold_loss":0,"cards_obtained":["Inflame"]},{"damage_healed":0,"gold_gain":0,"player_choice":"Obtain J.A.X.","damage_taken":0,"max_hp_gain":0,"max_hp_loss":0,"event_name":"Drug Dealer","floor":24,"gold_loss":0,"cards_obtained":["J.A.X."]},{"damage_healed":0,"gold_gain":333,"player_choice":"Gave Idol","damage_taken":0,"max_hp_gain":0,"max_hp_loss":0,"event_name":"The Moai Head","floor":39,"relics_lost":["Golden Idol"],"gold_loss":0}],"is_beta":true,"boss_relics":[{"not_picked":["Runic Pyramid","Black Blood"],"picked":"Coffee Dripper"},{"not_picked":["Calling Bell","Runic Dome"],"picked":"Empty Cage"}],"items_purged_floors":[29,44,54],"is_endless":false,"potions_floor_spawned":[2,3,11,14,22,25,28,41,42,45,48,55],"killed_by":"The Heart","ascension_level":20}