{"gold_per_floor":[118,134,152,77,77,106,123,123,123,134,134,161,180,199,199,199],"floor_reached":16,"playtime":614,"items_purged":["Strike_G"],"score":114,"play_id":"059979d1-e525-4da9-b097-2721958a68d0","local_time":"20190613180752","is_ascension_mode":false,"campfire_choices":[{"data":"Dagger Spray","floor":8,"key":"SMITH"},{"data":"Neutralize","floor":15,"key":"SMITH"}],"neow_cost":"NONE","seed_source_timestamp":99895716656909,"circlet_count":0,"master_deck":["Defend_G","Defend_G+1","Defend_G","Defend_G","Defend_G","Strike_G","Strike_G","Strike_G","Survivor+1","Neutralize+1","Backflip","Deflect","Dagger Spray+1","Poisoned Stab","Backstab","Night Terror","Cloak And Dagger"],"relics":["Ring of the Snake","NeowsBlessing","War Paint","Bottled Flame","The Courier"],"potions_floor_usage":[12,16,16],"damage_taken":[{"damage":0,"enemies":"Jaw Worm","floor":1,"turns":1},{"damage":0,"enemies":"Cultist","floor":2,"turns":1},{"damage":0,"enemies":"Small Slimes","floor":3,"turns":2},{"damage":24,"enemies":"3 Sentries","floor":6,"turns":9},{"damage":17,"enemies":"Gremlin Gang","floor":7,"turns":5},{"damage":0,"enemies":"3 Louse","floor":10,"turns":1},{"damage":19,"enemies":"Gremlin Nob","floor":12,"turns":4},{"damage":0,"enemies":"Red Slaver","floor":13,"turns":3},{"damage":0,"enemies":"Exordium Wildlife","floor":14,"turns":4},{"damage":18,"enemies":"Hexaghost","floor":16,"turns":14}],"seed_played":"-8776228458308606949","potions_obtained":[{"floor":2,"key":"Dexterity Potion"},{"floor":3,"key":"Regen Potion"},{"floor":7,"key":"Dexterity Potion"},{"floor":14,"key":"Swift Potion"}],"is_trial":false,"path_per_floor":["M","M","M","$","?","E","M","R","T","M","?","E","M","M","R","B"],"character_chosen":"THE_SILENT","items_purchased":[],"campfire_rested":0,"item_purchase_floors":[],"current_hp_per_floor":[70,70,70,70,63,39,22,22,22,22,22,15,15,15,15,0],"gold":199,"neow_bonus":"THREE_ENEMY_KILL","is_prod":false,"is_daily":false,"chose_seed":false,"campfire_upgraded":2,"win_rate":0,"timestamp":1560463672,"path_taken":["M","M","M","$","?","E","M","R","T","?","?","E","M","M","R","BOSS"],"build_version":"2019-01-23","purchased_purges":1,"victory":false,"max_hp_per_floor":[70,70,70,70,70,70,70,70,70,70,70,70,70,70,70,70],"card_choices":[{"not_picked":["Bane","Masterful Stab"],"picked":"Backflip","floor":1},{"not_picked":["Endless Agony","Underhanded Strike"],"picked":"Deflect","floor":2},{"not_picked":["Underhanded Strike","Backflip"],"picked":"Dagger Spray","floor":3},{"not_picked":["Calculated Gamble","Acrobatics"],"picked":"Poisoned Stab","floor":6},{"not_picked":["Underhanded Strike","Sucker Punch"],"picked":"Backstab","floor":7},{"not_picked":["Flying Knee","Deflect","Bane"],"picked":"SKIP","floor":10},{"not_picked":["Outmaneuver","Cloak And Dagger"],"picked":"Night Terror","floor":12},{"not_picked":["Prepared","Underhanded Strike","Deflect"],"picked":"SKIP","floor":13},{"not_picked":["Prepared","Quick Slash"],"picked":"Cloak And Dagger","floor":14}],"player_experience":629643,"relics_obtained":[{"floor":6,"key":"War Paint"},{"floor":9,"key":"Bottled Flame"},{"floor":12,"key":"The Courier"}],"event_choices":[{"damage_healed":0,"gold_gain":0,"player_choice":"Damaged","damage_taken":7,"max_hp_gain":0,"max_hp_loss":0,"event_name":"Wheel of Change","floor":5,"gold_loss":0},{"cards_removed":["Strike_G"],"damage_healed":0,"gold_gain":0,"player_choice":"Offered Basic","damage_taken":0,"max_hp_gain":0,"max_hp_loss":0,"event_name":"Bonfire Elementals","floor":11,"gold_loss":0}],"is_beta":false,"boss_relics":[],"items_purged_floors":[4],"is_endless":false,"potions_floor_spawned":[2,3,7,14],"killed_by":"Hexaghost","ascension_level":0}