{"gold_per_floor":[119,130,7,26,26,26,26,69,115,15,15,29,29,70,70,200,200,215,215,228,228,228,228,228,228,303,303,322,322,322,355,355,480,480,505,0,0,0,0,0,13,38,38,38,38,59,59,75,75,75],"floor_reached":50,"playtime":2470,"items_purged":["Strike_R","Strike_R"],"score":489,"play_id":"9d0d4b1e-3ed6-44d2-b5dd-f780b9bc6cbd","local_time":"20190509232635","is_ascension_mode":false,"campfire_choices":[{"data":"Bash","floor":6.0,"key":"SMITH"},{"data":"True Grit","floor":11.0,"key":"SMITH"},{"floor":13.0,"key":"REST"},{"data":"Flex","floor":15.0,"key":"SMITH"},{"data":"Clothesline","floor":23.0,"key":"SMITH"},{"data":"Ghostly","floor":25.0,"key":"SMITH"},{"data":"Ghostly","floor":27.0,"key":"SMITH"},{"data":"Ghostly","floor":30.0,"key":"SMITH"},{"floor":32.0,"key":"REST"},{"data":"Ghostly","floor":40.0,"key":"SMITH"},{"data":"Ghostly","floor":47.0,"key":"SMITH"},{"data":"Heavy Blade","floor":49.0,"key":"SMITH"}],"neow_cost":"NONE","seed_source_timestamp":107448035840043,"circlet_count":0,"master_deck":["Strike_R","Strike_R","Defend_R","Defend_R","Defend_R","Bash+1","Flex+1","Anger+1","True Grit+1","Pommel Strike","Shrug It Off","Clothesline+1","Ghostly+1","Ghostly+1","Ghostly+1","Ghostly+1","Ghostly+1","Headbutt","J.A.X.+1","Twin Strike+1","Ghostly+1","Flex+1","Heavy Blade+1"],"special_seed":0,"relics":["Black Blood","Juzu Bracelet","Golden Idol","Potion Belt","Art of War","Pantograph","Velvet Choker","CultistMask","Singing Bowl","Blue Candle","Dead Branch","DollysMirror","Toxic Egg 2"],"potions_floor_usage":[50,50],"damage_taken":[{"damage":2.0,"enemies":"2 Louse","floor":1.0,"turns":4.0},{"damage":6.0,"enemies":"Cultist","floor":2.0,"turns":3.0},{"damage":3.0,"enemies":"Small Slimes","floor":4.0,"turns":2.0},{"damage":26.0,"enemies":"Lagavulin","floor":8.0,"turns":6.0},{"damage":8.0,"enemies":"Red Slaver","floor":12.0,"turns":3.0},{"damage":13.0,"enemies":"Gremlin Nob","floor":14.0,"turns":4.0},{"damage":40.0,"enemies":"Hexaghost","floor":16.0,"turns":9.0},{"damage":21.0,"enemies":"Shell Parasite","floor":18.0,"turns":4.0},{"damage":20.0,"enemies":"Spheric Guardian","floor":20.0,"turns":5.0},{"damage":18.0,"enemies":"Cultist and Chosen","floor":28.0,"turns":8.0},{"damage":23.0,"enemies":"Book of Stabbing","floor":31.0,"turns":6.0},{"damage":22.0,"enemies":"Champ","floor":33.0,"turns":10.0},{"damage":2.0,"enemies":"Orb Walker","floor":35.0,"turns":3.0},{"damage":3.0,"enemies":"3 Shapes","floor":41.0,"turns":5.0},{"damage":17.0,"enemies":"Spire Growth","floor":42.0,"turns":4.0},{"damage":4.0,"enemies":"Sphere and 2 Shapes","floor":46.0,"turns":6.0},{"damage":4.0,"enemies":"Jaw Worm Horde","floor":48.0,"turns":5.0},{"damage":86,"enemies":"Donu and Deca","floor":50,"turns":9}],"seed_played":"8501935528253342863","potions_obtained":[{"floor":2.0,"key":"GamblersBrew"},{"floor":8.0,"key":"GamblersBrew"},{"floor":12.0,"key":"Block Potion"},{"floor":31.0,"key":"LiquidBronze"},{"floor":33.0,"key":"SkillPotion"},{"floor":42.0,"key":"Dexterity Potion"},{"floor":46.0,"key":"Explosive Potion"},{"floor":48.0,"key":"Regen Potion"}],"is_trial":false,"path_per_floor":["M","M","$","M","?","R","?","E","T","$","R","M","R","E","R","B",null,"M","?","M","?","?","R","?","R","T","R","M","?","R","E","R","B",null,"M","$","?","?","?","R","M","M","T","?","?","M","R","M","R","B"],"character_chosen":"IRONCLAD","items_purchased":["Explosive Potion","Dead Branch","DollysMirror"],"campfire_rested":2,"item_purchase_floors":[3,36,36],"current_hp_per_floor":[80,80,80,80,60,60,60,40,40,40,40,38,62,55,55,46,80,65,65,51,40,40,40,40,40,40,40,28,28,28,11,23,26,42,44,44,44,44,40,40,47,42,42,42,42,50,50,54,54,0],"gold":75,"neow_bonus":"RANDOM_COMMON_RELIC","is_prod":false,"is_daily":false,"chose_seed":false,"campfire_upgraded":10,"win_rate":0,"timestamp":1557437195,"path_taken":["M","M","$","M","?","R","?","E","T","$","R","M","R","E","R","BOSS","M","?","M","?","?","R","?","R","T","R","M","?","R","E","R","BOSS","M","$","?","?","?","R","M","M","T","?","?","M","R","M","R","BOSS"],"build_version":"2019-05-07","purchased_purges":2,"victory":false,"max_hp_per_floor":[80,80,80,80,80,80,80,80,80,80,80,80,80,80,80,80,80,80,80,80,40,40,40,40,40,40,40,40,40,40,40,40,42,42,44,44,44,44,50,50,50,52,52,52,52,54,54,54,54,54],"card_choices":[{"not_picked":["True Grit","Clash"],"picked":"Flex","floor":1.0},{"not_picked":["Twin Strike","Warcry"],"picked":"Anger","floor":2.0},{"not_picked":["Entrench","Rupture"],"picked":"True Grit","floor":4.0},{"not_picked":["Havoc","Carnage","Limit Break"],"picked":"SKIP","floor":8.0},{"not_picked":["Infernal Blade","Shockwave"],"picked":"Pommel Strike","floor":12.0},{"not_picked":["True Grit","Exhume"],"picked":"Shrug It Off","floor":14.0},{"not_picked":["Pommel Strike","Feel No Pain+1","Hemokinesis"],"picked":"SKIP","floor":18.0},{"not_picked":["Pommel Strike","Headbutt"],"picked":"Clothesline","floor":20.0},{"not_picked":["Shrug It Off","Perfected Strike"],"picked":"Headbutt","floor":28.0},{"not_picked":["Perfected Strike","Armaments"],"picked":"Twin Strike+1","floor":31.0},{"not_picked":["Exhume","Barricade","Brutality"],"picked":"Singing Bowl","floor":33.0},{"not_picked":["Clothesline","Corruption","Wild Strike"],"picked":"Singing Bowl","floor":35.0},{"not_picked":["Trip","Blind","Panacea"],"picked":"Singing Bowl","floor":39.0},{"not_picked":["Magnetism","Impatience","Deep Breath"],"picked":"Singing Bowl","floor":39.0},{"not_picked":["Impatience","Transmutation","Discovery"],"picked":"Singing Bowl","floor":39.0},{"not_picked":["Body Slam","Searing Blow+1"],"picked":"Flex+1","floor":41.0},{"not_picked":["Ghostly Armor+1","Sentinel","Battle Trance"],"picked":"Singing Bowl","floor":42.0},{"not_picked":["Whirlwind","Intimidate+1","Sentinel+1"],"picked":"Singing Bowl","floor":46.0},{"not_picked":["Cleave+1","Twin Strike+1"],"picked":"Heavy Blade","floor":48.0}],"player_experience":561936,"relics_obtained":[{"floor":8.0,"key":"Potion Belt"},{"floor":9.0,"key":"Art of War"},{"floor":14.0,"key":"Pantograph"},{"floor":26.0,"key":"Singing Bowl"},{"floor":31.0,"key":"Blue Candle"},{"floor":43.0,"key":"Toxic Egg 2"}],"event_choices":[{"damage_healed":0.0,"max_hp_gain":0.0,"max_hp_loss":0.0,"gold_gain":0.0,"event_name":"Golden Idol","player_choice":"Take Damage","floor":5.0,"gold_loss":0.0,"damage_taken":20.0,"relics_obtained":["Golden Idol"]},{"damage_healed":0.0,"max_hp_gain":0.0,"max_hp_loss":0.0,"gold_gain":0.0,"event_name":"Upgrade Shrine","player_choice":"Upgraded","floor":7.0,"gold_loss":0.0,"damage_taken":0.0,"cards_upgraded":["Anger"]},{"damage_healed":0.0,"max_hp_gain":0.0,"max_hp_loss":0.0,"gold_gain":0.0,"event_name":"FaceTrader","player_choice":"Trade","floor":19.0,"gold_loss":0.0,"damage_taken":0.0,"relics_obtained":["CultistMask"]},{"damage_healed":0.0,"max_hp_gain":0.0,"max_hp_loss":40.0,"gold_gain":0.0,"event_name":"Ghosts","player_choice":"Became a Ghost","floor":21.0,"gold_loss":0.0,"damage_taken":0.0,"cards_obtained":["Ghostly","Ghostly","Ghostly","Ghostly","Ghostly"]},{"damage_healed":0.0,"max_hp_gain":0.0,"max_hp_loss":0.0,"gold_gain":0.0,"event_name":"Transmorgrifier","player_choice":"Ignored","floor":22.0,"gold_loss":0.0,"damage_taken":0.0},{"cards_removed":["Strike_R"],"damage_healed":0.0,"max_hp_gain":0.0,"max_hp_loss":0.0,"gold_gain":0.0,"event_name":"Purifier","player_choice":"Purged","floor":24.0,"gold_loss":0.0,"damage_taken":0.0},{"damage_healed":0.0,"max_hp_gain":0.0,"max_hp_loss":0.0,"gold_gain":0.0,"event_name":"Drug Dealer","player_choice":"Obtain J.A.X.","floor":29.0,"gold_loss":0.0,"damage_taken":0.0,"cards_obtained":["J.A.X."]},{"damage_healed":0.0,"max_hp_gain":0.0,"max_hp_loss":0.0,"gold_gain":0.0,"event_name":"Accursed Blacksmith","player_choice":"Forge","floor":37.0,"gold_loss":0.0,"damage_taken":0.0,"cards_upgraded":["J.A.X."]},{"cards_removed":["Defend_R"],"damage_healed":0.0,"max_hp_gain":0.0,"max_hp_loss":0.0,"gold_gain":0.0,"event_name":"Falling","player_choice":"Removed Skill","floor":38.0,"gold_loss":0.0,"damage_taken":0.0},{"damage_healed":0.0,"max_hp_gain":0.0,"max_hp_loss":0.0,"gold_gain":0.0,"event_name":"SensoryStone","player_choice":"Memory 3","floor":39.0,"gold_loss":0.0,"damage_taken":10.0},{"damage_healed":0.0,"max_hp_gain":0.0,"max_hp_loss":0.0,"gold_gain":0.0,"event_name":"Mysterious Sphere","player_choice":"Ignored","floor":44.0,"gold_loss":0.0,"damage_taken":0.0},{"damage_healed":0.0,"max_hp_gain":0.0,"max_hp_loss":0.0,"gold_gain":0.0,"event_name":"Match and Keep!","player_choice":"0 cards matched","floor":45.0,"gold_loss":0.0,"damage_taken":0.0,"cards_obtained":[]}],"is_beta":true,"boss_relics":[{"not_picked":["Empty Cage","Snecko Eye"],"picked":"Velvet Choker"},{"not_picked":["Runic Dome","Astrolabe"],"picked":"Black Blood"}],"items_purged_floors":[3,10],"is_endless":false,"potions_floor_spawned":[2,8,12,31,33,42,46,48],"killed_by":"Donu and Deca","ascension_level":0}