{"gold_per_floor":[210,210,223,223,398,398,414,431,456,55,71,82,151,166,166,263,263,275,190,38,53,53,53,88,117,117,117,117,117,117,129,129,129],"floor_reached":33,"playtime":2435,"items_purged":[],"score":255,"play_id":"33774860-c1eb-448b-a77c-910351cf5948","local_time":"20190805030935","is_ascension_mode":false,"campfire_choices":[{"floor":6,"key":"REST"},{"data":"Cold Snap","floor":15,"key":"SMITH"},{"floor":23,"key":"REST"},{"floor":28,"key":"REST"},{"data":"Electrodynamics","floor":30,"key":"SMITH"},{"floor":32,"key":"REST"}],"neow_cost":"NONE","seed_source_timestamp":1183934512262100,"circlet_count":0,"master_deck":["Strike_B+1","Strike_B","Strike_B","Strike_B","Defend_B","Defend_B+1","Defend_B+1","Defend_B","Dualcast+1","Cold Snap","Melter","Doubt","Cold Snap+1","Sweeping Beam","Beam Cell","Undo","Coolheaded","Gash","Electrodynamics+1","Decay","Writhe","Sweeping Beam","Go for the Eyes","Defragment","Beam Cell","Coolheaded","Self Repair","Reboot","Blizzard+1","Defend_B","Genetic Algorithm+1"],"relics":["Cracked Core","Oddly Smooth Stone","Medical Kit","Juzu Bracelet","Mercury Hourglass","Calling Bell","Happy Flower","Meat on the Bone","Torii","Anchor","War Paint","Red Mask","Pear","Enchiridion"],"potions_floor_usage":[16,24,33],"damage_taken":[{"damage":2,"enemies":"2 Louse","floor":1,"turns":3},{"damage":0,"enemies":"Cultist","floor":3,"turns":3},{"damage":2,"enemies":"Jaw Worm","floor":7,"turns":4},{"damage":6,"enemies":"3 Louse","floor":8,"turns":3},{"damage":0,"enemies":"Blue Slaver","floor":11,"turns":2},{"damage":4,"enemies":"Looter","floor":12,"turns":3},{"damage":0,"enemies":"2 Fungi Beasts","floor":14,"turns":2},{"damage":27,"enemies":"Slime Boss","floor":16,"turns":11},{"damage":31,"enemies":"2 Thieves","floor":18,"turns":3},{"damage":9,"enemies":"3 Byrds","floor":21,"turns":4},{"damage":12,"enemies":"Slavers","floor":24,"turns":3},{"damage":31,"enemies":"Masked Bandits","floor":25,"turns":6},{"damage":36,"enemies":"Snake Plant","floor":31,"turns":4},{"damage":87,"enemies":"Champ","floor":33,"turns":17}],"seed_played":"660811063551492935","potions_obtained":[{"floor":1,"key":"Swift Potion"},{"floor":7,"key":"Weak Potion"},{"floor":12,"key":"PowerPotion"},{"floor":21,"key":"SmokeBomb"},{"floor":25,"key":"Weak Potion"}],"is_trial":false,"path_per_floor":["M","?","M","?","?","R","M","M","T","$","M","M","T","M","R","B",null,"M","?","$","M","?","R","E","?","T","?","R","?","R","M","R","B"],"character_chosen":"DEFECT","items_purchased":["Medical Kit","Juzu Bracelet","Beam Cell","Go for the Eyes","Defragment","Beam Cell"],"campfire_rested":4,"item_purchase_floors":[10,10,10,20,20,20],"current_hp_per_floor":[73,73,73,58,58,75,73,67,67,67,67,63,63,63,63,36,75,44,44,44,47,47,69,64,52,62,46,71,71,71,54,79,0],"gold":129,"neow_bonus":"HUNDRED_GOLD","is_prod":false,"is_daily":false,"chose_seed":false,"campfire_upgraded":2,"win_rate":0.0,"timestamp":1564963775,"path_taken":["M","?","?","?","?","R","M","M","T","?","M","M","?","M","R","BOSS","M","?","$","M","?","R","E","?","T","?","R","?","R","M","R","BOSS"],"build_version":"2019-07-17","purchased_purges":0,"victory":false,"max_hp_per_floor":[75,75,75,75,75,75,75,75,75,75,75,75,75,75,75,75,75,75,75,75,75,75,75,75,75,85,85,85,85,85,85,85,85],"card_choices":[{"not_picked":["Blizzard","Steam Power"],"picked":"Cold Snap","floor":1},{"not_picked":["Stack","Conserve Battery"],"picked":"Melter","floor":3},{"not_picked":["Leap","Genetic Algorithm"],"picked":"Cold Snap","floor":7},{"not_picked":["Leap","Amplify"],"picked":"Sweeping Beam","floor":8},{"not_picked":["BootSequence","Aggregate"],"picked":"Undo","floor":11},{"not_picked":["Chaos","Ball Lightning"],"picked":"Coolheaded","floor":12},{"not_picked":["Scrape","Ball Lightning"],"picked":"Gash","floor":14},{"not_picked":["Fission","Creative AI"],"picked":"Electrodynamics","floor":16},{"not_picked":["Undo","Streamline"],"picked":"Sweeping Beam","floor":18},{"not_picked":["Heatsinks+1","Conserve Battery"],"picked":"Coolheaded","floor":21},{"not_picked":["Force Field+1","Compile Driver"],"picked":"Reboot","floor":24},{"not_picked":["Barrage","Self Repair+1"],"picked":"Blizzard+1","floor":25},{"not_picked":["Heatsinks","Leap"],"picked":"Genetic Algorithm+1","floor":31}],"player_experience":30140,"relics_obtained":[{"floor":9,"key":"Oddly Smooth Stone"},{"floor":13,"key":"Mercury Hourglass"},{"floor":17,"key":"Happy Flower"},{"floor":17,"key":"Meat on the Bone"},{"floor":17,"key":"Torii"},{"floor":24,"key":"War Paint"},{"floor":25,"key":"Red Mask"},{"floor":26,"key":"Pear"},{"floor":27,"key":"Enchiridion"}],"event_choices":[{"cards_removed":["Zap"],"damage_healed":0,"gold_gain":0,"player_choice":"Offered Basic","damage_taken":0,"max_hp_gain":0,"max_hp_loss":0,"event_name":"Bonfire Elementals","floor":2,"gold_loss":0},{"damage_healed":0,"gold_gain":0,"player_choice":"Entered Light","damage_taken":15,"max_hp_gain":0,"max_hp_loss":0,"event_name":"Shining Light","floor":4,"gold_loss":0,"cards_upgraded":["Strike_B","Defend_B"]},{"damage_healed":0,"gold_gain":175,"player_choice":"AGREE","damage_taken":0,"max_hp_gain":0,"max_hp_loss":0,"event_name":"Liars Game","floor":5,"gold_loss":0,"cards_obtained":["Doubt"]},{"damage_healed":0,"gold_gain":0,"player_choice":"Obtained Relic","damage_taken":0,"relics_obtained":["Anchor"],"max_hp_gain":0,"max_hp_loss":0,"event_name":"Addict","floor":19,"gold_loss":85},{"damage_healed":0,"gold_gain":0,"player_choice":"1 cards matched","damage_taken":0,"max_hp_gain":0,"max_hp_loss":0,"event_name":"Match and Keep!","floor":22,"gold_loss":0,"cards_obtained":["Self Repair"]},{"damage_healed":0,"gold_gain":0,"player_choice":"Fought Bandits","damage_taken":0,"max_hp_gain":0,"max_hp_loss":0,"event_name":"Masked Bandits","floor":25,"gold_loss":0},{"damage_healed":0,"gold_gain":0,"player_choice":"Obtained Book","damage_taken":16,"max_hp_gain":0,"max_hp_loss":0,"event_name":"Cursed Tome","floor":27,"gold_loss":0},{"cards_removed":["Pain"],"damage_healed":0,"gold_gain":0,"player_choice":"Took Card","damage_taken":0,"max_hp_gain":0,"max_hp_loss":0,"event_name":"NoteForYourself","floor":29,"gold_loss":0,"cards_obtained":["Defend_B"]}],"is_beta":false,"boss_relics":[{"not_picked":["Coffee Dripper","Black Star"],"picked":"Calling Bell"}],"items_purged_floors":[],"is_endless":false,"potions_floor_spawned":[1,7,12,14,21,25],"killed_by":"Champ","ascension_level":0}