{"gold_per_floor":[118,137,17,36,36,36,49,77,77,131,206,218,233,268,268,367,367,292,217,34,34,34,34,34,34,34,34,34,34,34,34,34,34,34,34,34,34,34,0,0,0,0,0,0,0,0,0,0,0,0],"floor_reached":51,"playtime":3150,"items_purged":["Strike_G"],"score":927,"play_id":"a4340839-26fc-4827-a9d2-9460582d05d2","local_time":"20190317211237","is_ascension_mode":true,"campfire_choices":[{"data":"Sucker Punch","floor":6,"key":"SMITH"},{"floor":15,"key":"REST"},{"data":"Noxious Fumes","floor":23,"key":"SMITH"},{"data":"Dodge and Roll","floor":25,"key":"SMITH"},{"data":"Backstab","floor":30,"key":"SMITH"},{"data":"Deflect","floor":32,"key":"SMITH"},{"data":"Glass Knife","floor":41,"key":"SMITH"},{"data":"Die Die Die","floor":44,"key":"SMITH"},{"data":"Cloak And Dagger","floor":47,"key":"SMITH"},{"data":"Survivor","floor":49,"key":"SMITH"}],"neow_cost":"NONE","seed_source_timestamp":27229397878233,"circlet_count":0,"master_deck":["Defend_G","Defend_G","Defend_G","Defend_G","Defend_G","Strike_G","Strike_G","Survivor+1","Neutralize+1","Endless Agony","Escape Plan","Sucker Punch+1","Cloak And Dagger+1","Dodge and Roll+1","Deflect+1","Noxious Fumes+1","All Out Attack","Leg Sweep+1","Die Die Die+1","Bouncing Flask+1","Backstab+1","Prepared+1","Predator+1","Catalyst+1","Catalyst+1","Terror+1","Glass Knife+1","Poisoned Stab+1","Blur+1","Concentrate+1","Riddle With Holes+1"],"relics":["Ring of the Snake","Dream Catcher","Pen Nib","Bronze Scales","Toxic Egg 2","Ectoplasm","Anchor","Gremlin Horn","Shuriken","Eternal Feather","Strawberry","Red Mask","Happy Flower","Bag of Marbles","PreservedInsect","Bag of Preparation"],"potions_floor_usage":[8,14,16,24,28,46],"damage_taken":[{"damage":2,"enemies":"Cultist","floor":1,"turns":4},{"damage":1,"enemies":"Small Slimes","floor":2,"turns":4},{"damage":4,"enemies":"Jaw Worm","floor":4,"turns":4},{"damage":0,"enemies":"Blue Slaver","floor":7,"turns":4},{"damage":24,"enemies":"Gremlin Nob","floor":8,"turns":4},{"damage":11,"enemies":"3 Louse","floor":12,"turns":3},{"damage":0,"enemies":"Exordium Wildlife","floor":13,"turns":5},{"damage":8,"enemies":"3 Sentries","floor":14,"turns":5},{"damage":22,"enemies":"The Guardian","floor":16,"turns":12},{"damage":6,"enemies":"2 Thieves","floor":18,"turns":5},{"damage":3,"enemies":"Book of Stabbing","floor":24,"turns":5},{"damage":5,"enemies":"Spheric Guardian","floor":27,"turns":2},{"damage":6,"enemies":"3 Cultists","floor":28,"turns":4},{"damage":0,"enemies":"Snake Plant","floor":29,"turns":2},{"damage":4,"enemies":"Centurion and Healer","floor":31,"turns":3},{"damage":1,"enemies":"Champ","floor":33,"turns":5},{"damage":9,"enemies":"3 Darklings","floor":35,"turns":2},{"damage":2,"enemies":"3 Shapes","floor":37,"turns":3},{"damage":18,"enemies":"Giant Head","floor":40,"turns":6},{"damage":0,"enemies":"Sphere and 2 Shapes","floor":45,"turns":3},{"damage":0,"enemies":"Nemesis","floor":46,"turns":5},{"damage":4,"enemies":"Giant Head","floor":48,"turns":3},{"damage":35,"enemies":"Awakened One","floor":50,"turns":11}],"seed_played":"-447453566238064544","potions_obtained":[{"floor":1,"key":"Ancient Potion"},{"floor":7,"key":"Fire Potion"},{"floor":12,"key":"SkillPotion"},{"floor":14,"key":"LiquidBronze"},{"floor":18,"key":"Fruit Juice"},{"floor":24,"key":"Explosive Potion"},{"floor":40,"key":"SpeedPotion"},{"floor":48,"key":"SteroidPotion"}],"is_trial":false,"path_per_floor":["M","M","$","M","?","R","M","E","T","T","?","M","M","E","R","B",null,"M","?","$","?","$","R","E","R","T","M","M","M","R","M","R","B",null,"M","$","M","T","?","E","R","?","T","R","M","E","R","E","R","B",null],"character_chosen":"THE_SILENT","items_purchased":["Sucker Punch","Anchor","Backstab"],"campfire_rested":1,"item_purchase_floors":[3,20,20],"current_hp_per_floor":[68,67,67,63,68,68,68,44,44,44,33,22,22,14,36,14,75,69,69,69,69,69,69,71,71,71,66,60,60,60,56,56,55,80,71,71,69,76,76,58,76,76,76,87,87,87,87,83,87,52],"gold":0,"neow_bonus":"UPGRADE_CARD","is_prod":false,"is_daily":false,"chose_seed":false,"campfire_upgraded":9,"win_rate":0,"timestamp":1552853557,"path_taken":["M","?","$","M","?","R","M","E","T","?","?","M","M","E","R","BOSS","M","?","$","?","$","R","E","R","T","M","M","?","R","M","R","BOSS","M","$","M","?","?","E","R","?","T","R","M","E","R","E","R","BOSS"],"build_version":"2019-03-15","purchased_purges":1,"victory":true,"max_hp_per_floor":[70,70,70,70,75,75,75,75,75,75,75,75,75,75,75,75,75,75,75,75,75,75,75,80,80,80,80,80,80,80,80,80,80,80,80,80,80,87,87,87,87,87,87,87,87,87,87,87,87,87],"card_choices":[{"not_picked":["Tactician","Poisoned Stab"],"picked":"Endless Agony","floor":1},{"not_picked":["Riddle With Holes","Outmaneuver"],"picked":"Escape Plan","floor":2},{"not_picked":["Dagger Throw","Poisoned Stab"],"picked":"Cloak And Dagger","floor":4},{"not_picked":["Crippling Poison","Cloak And Dagger"],"picked":"Dodge and Roll","floor":7},{"not_picked":["Dagger Spray","Flying Knee"],"picked":"Deflect","floor":8},{"not_picked":["Bane","Sucker Punch"],"picked":"Dagger Throw","floor":12},{"not_picked":["Acrobatics","Sucker Punch"],"picked":"Noxious Fumes","floor":13},{"not_picked":["Tactician","Skewer"],"picked":"All Out Attack","floor":14},{"not_picked":["Dodge and Roll+1","PiercingWail+1"],"picked":"Leg Sweep+1","floor":15},{"not_picked":["Unload","Storm of Steel+1"],"picked":"Die Die Die","floor":16},{"not_picked":["Bane+1","Slice+1"],"picked":"Bouncing Flask+1","floor":18},{"not_picked":["Underhanded Strike","Infinite Blades"],"picked":"Prepared+1","floor":24},{"not_picked":["Acrobatics+1","Heel Hook+1"],"picked":"Predator+1","floor":27},{"not_picked":["Deflect+1","Bouncing Flask+1"],"picked":"Catalyst+1","floor":28},{"not_picked":["Distraction+1","Dagger Throw+1"],"picked":"Catalyst+1","floor":29},{"not_picked":["Setup+1","Sucker Punch"],"picked":"Terror+1","floor":31},{"not_picked":["Tools of the Trade","Bullet Time+1"],"picked":"Glass Knife","floor":33},{"not_picked":["Bane","Dagger Spray+1"],"picked":"Poisoned Stab+1","floor":35},{"not_picked":["Blade Dance+1","Infinite Blades+1"],"picked":"Blur+1","floor":37},{"not_picked":["Endless Agony+1","Dodge and Roll+1"],"picked":"Concentrate+1","floor":40},{"not_picked":["Distraction+1","Setup+1","Prepared+1"],"picked":"SKIP","floor":45},{"not_picked":["Sucker Punch","Flying Knee"],"picked":"Riddle With Holes+1","floor":46},{"not_picked":["Underhanded Strike+1","Sucker Punch","Dagger Spray"],"picked":"SKIP","floor":48},{"not_picked":["Underhanded Strike+1","Sucker Punch","Dagger Spray"],"picked":"SKIP","floor":48}],"player_experience":289777,"relics_obtained":[{"floor":8,"key":"Dream Catcher"},{"floor":9,"key":"Pen Nib"},{"floor":10,"key":"Bronze Scales"},{"floor":14,"key":"Toxic Egg 2"},{"floor":24,"key":"Gremlin Horn"},{"floor":26,"key":"Shuriken"},{"floor":38,"key":"Strawberry"},{"floor":40,"key":"Happy Flower"},{"floor":43,"key":"Bag of Marbles"},{"floor":46,"key":"PreservedInsect"},{"floor":48,"key":"Bag of Preparation"}],"event_choices":[{"damage_healed":0,"gold_gain":0,"player_choice":"Donut","damage_taken":0,"max_hp_gain":5,"max_hp_loss":0,"event_name":"Big Fish","floor":5,"gold_loss":0},{"damage_healed":0,"gold_gain":75,"player_choice":"Gather Gold","damage_taken":11,"max_hp_gain":0,"max_hp_loss":0,"event_name":"World of Goop","floor":11,"gold_loss":0},{"cards_removed":["Strike_G"],"damage_healed":0,"gold_gain":0,"player_choice":"Gave Gold","damage_taken":0,"max_hp_gain":0,"max_hp_loss":0,"event_name":"Beggar","floor":19,"gold_loss":75},{"cards_removed":["Strike_G"],"damage_healed":0,"gold_gain":0,"player_choice":"Card Removal","damage_taken":0,"max_hp_gain":0,"max_hp_loss":0,"event_name":"Wheel of Change","floor":21,"gold_loss":0},{"damage_healed":0,"gold_gain":0,"player_choice":"Paid","damage_taken":0,"relics_obtained":["Red Mask"],"max_hp_gain":0,"max_hp_loss":0,"event_name":"Tomb of Lord Red Mask","floor":39,"gold_loss":34},{"cards_removed":["Dagger Throw"],"damage_healed":0,"gold_gain":0,"player_choice":"Removed Attack","damage_taken":0,"max_hp_gain":0,"max_hp_loss":0,"event_name":"Falling","floor":42,"gold_loss":0}],"is_beta":true,"boss_relics":[{"not_picked":["Pandora\u0027s Box","Coffee Dripper"],"picked":"Ectoplasm"},{"not_picked":["White Beast Statue","Philosopher\u0027s Stone"],"picked":"Eternal Feather"}],"items_purged_floors":[3],"is_endless":false,"potions_floor_spawned":[1,7,12,14,18,24,40,48],"ascension_level":3}