{"gold_per_floor":[112,128,146,157,7,7,36,36,36,52,52,64,64,64,64,162,162,172,172,172,172,183,183,2,2,2,2,12,32,46,46,46,143,143,162,209,209,38,49,49,62,81,104,128,140,152,175,197,209,221],"floor_reached":50,"playtime":4341,"items_purged":["Strike_G","Writhe","Reflex+1"],"score":694,"play_id":"f5ad8abc-e65c-407d-8b3e-ae70bed91a9d","local_time":"20190328182651","is_ascension_mode":true,"campfire_choices":[{"data":"Poisoned Stab","floor":6.0,"key":"SMITH"},{"data":"Footwork","floor":8.0,"key":"SMITH"},{"data":"Bouncing Flask","floor":13.0,"key":"SMITH"},{"floor":15.0,"key":"REST"},{"data":"Neutralize","floor":23.0,"key":"SMITH"},{"data":"Leg Sweep","floor":25.0,"key":"SMITH"},{"data":"After Image","floor":27.0,"key":"SMITH"},{"data":"Noxious Fumes","floor":32.0,"key":"SMITH"},{"floor":40.0,"key":"REST"},{"floor":45.0,"key":"REST"},{"floor":49.0,"key":"REST"}],"neow_cost":"NONE","seed_source_timestamp":0,"circlet_count":0,"master_deck":["AscendersBane","Defend_G+1","Defend_G+1","Defend_G+1","Defend_G+1","Survivor","Neutralize+1","Dagger Throw","Bouncing Flask+1","Escape Plan","Poisoned Stab+1","Footwork+1","Well Laid Plans","Riddle With Holes+1","After Image+1","Dagger Spray+1","Backstab+1","Quick Slash+1","Leg Sweep+1","PiercingWail+1","Leg Sweep+1","Noxious Fumes+1","Die Die Die+1","Sucker Punch+1","Envenom+1","Deadly Poison+1","A Thousand Cuts","Dodge and Roll+1","Terror+1","Acrobatics+1"],"special_seed":0,"relics":["Ring of the Snake","Singing Bowl","Molten Egg 2","Philosopher\u0027s Stone","Pear","Toxic Egg 2","Astrolabe","Gambling Chip","MawBank"],"potions_floor_usage":[50,50,50],"damage_taken":[{"damage":0.0,"enemies":"Jaw Worm","floor":1.0,"turns":6.0},{"damage":0.0,"enemies":"Cultist","floor":2.0,"turns":4.0},{"damage":0.0,"enemies":"2 Louse","floor":3.0,"turns":2.0},{"damage":4.0,"enemies":"Looter","floor":4.0,"turns":4.0},{"damage":28.0,"enemies":"Lagavulin","floor":7.0,"turns":4.0},{"damage":8.0,"enemies":"Large Slime","floor":10.0,"turns":8.0},{"damage":1.0,"enemies":"Lots of Slimes","floor":12.0,"turns":2.0},{"damage":2.0,"enemies":"Hexaghost","floor":16.0,"turns":9.0},{"damage":6.0,"enemies":"Chosen","floor":18.0,"turns":4.0},{"damage":8.0,"enemies":"2 Thieves","floor":22.0,"turns":4.0},{"damage":8.0,"enemies":"Sentry and Sphere","floor":28.0,"turns":5.0},{"damage":3.0,"enemies":"Snecko","floor":29.0,"turns":5.0},{"damage":0.0,"enemies":"Centurion and Healer","floor":30.0,"turns":6.0},{"damage":11.0,"enemies":"Collector","floor":33.0,"turns":11.0},{"damage":4.0,"enemies":"3 Shapes","floor":35.0,"turns":6.0},{"damage":56.0,"enemies":"2 Orb Walkers","floor":36.0,"turns":7.0},{"damage":0.0,"enemies":"3 Darklings","floor":39.0,"turns":6.0},{"damage":13.0,"enemies":"4 Shapes","floor":41.0,"turns":11.0},{"damage":23.0,"enemies":"Transient","floor":42.0,"turns":5.0},{"damage":1.0,"enemies":"Maw","floor":44.0,"turns":8.0},{"damage":0.0,"enemies":"4 Shapes","floor":47.0,"turns":8.0},{"damage":19.0,"enemies":"Transient","floor":48.0,"turns":5.0},{"damage":51,"enemies":"Time Eater","floor":50,"turns":14}],"seed_played":"8951496244181471450","potions_obtained":[{"floor":0.0,"key":"FearPotion"},{"floor":0.0,"key":"Block Potion"},{"floor":0.0,"key":"SkillPotion"},{"floor":7.0,"key":"EssenceOfSteel"},{"floor":10.0,"key":"Explosive Potion"},{"floor":12.0,"key":"EssenceOfSteel"},{"floor":22.0,"key":"SneckoOil"},{"floor":29.0,"key":"Dexterity Potion"},{"floor":30.0,"key":"SteroidPotion"},{"floor":33.0,"key":"Weak Potion"},{"floor":36.0,"key":"Fire Potion"},{"floor":41.0,"key":"SpeedPotion"},{"floor":47.0,"key":"Weak Potion"},{"floor":48.0,"key":"Energy Potion"}],"is_trial":false,"path_per_floor":["M","M","M","M","$","R","E","R","T","M","?","M","R","?","R","B",null,"M","?","?","?","M","R","$","R","T","R","M","M","M","$","R","B",null,"M","?","?","$","M","R","M","M","T","M","R","?","M","M","R","B"],"character_chosen":"THE_SILENT","items_purchased":["Footwork","Leg Sweep","Dodge and Roll+1"],"campfire_rested":4,"item_purchase_floors":[5,24,38],"current_hp_per_floor":[63,63,63,59,59,59,33,33,33,25,25,24,24,17,38,36,63,57,67,67,67,59,59,59,59,59,59,51,48,48,48,48,37,71,67,13,13,13,15,40,29,8,8,7,34,34,34,17,44,0],"gold":221,"neow_bonus":"THREE_SMALL_POTIONS","is_prod":false,"is_daily":false,"chose_seed":false,"campfire_upgraded":7,"win_rate":0,"timestamp":1553794011,"path_taken":["M","M","M","M","$","R","E","R","T","M","?","?","R","?","R","BOSS","M","?","?","?","M","R","$","R","T","R","?","M","M","?","R","BOSS","M","?","?","$","M","R","M","M","T","?","R","?","M","M","R","BOSS"],"build_version":"2019-03-15","purchased_purges":3,"victory":false,"max_hp_per_floor":[70,70,70,70,70,70,72,72,72,72,72,72,72,72,72,72,72,72,82,82,82,82,82,82,82,82,82,82,82,82,82,82,82,82,82,84,84,84,86,86,88,90,90,90,90,90,90,92,92,92],"card_choices":[{"not_picked":["Slice","Riddle With Holes"],"picked":"Dagger Throw","floor":1.0},{"not_picked":["Reflex","Skewer"],"picked":"Bouncing Flask","floor":2.0},{"not_picked":["Quick Slash","Dagger Spray"],"picked":"Escape Plan","floor":3.0},{"not_picked":["Prepared","Catalyst"],"picked":"Poisoned Stab","floor":4.0},{"not_picked":["Acrobatics","Deflect","Accuracy"],"picked":"Singing Bowl","floor":7.0},{"not_picked":["Flying Knee+1","Acrobatics"],"picked":"Well Laid Plans","floor":10.0},{"not_picked":["Night Terror","Masterful Stab+1"],"picked":"Riddle With Holes+1","floor":12.0},{"not_picked":["Burst","Die Die Die+1"],"picked":"After Image","floor":16.0},{"not_picked":["Calculated Gamble","Blade Dance+1"],"picked":"Dagger Spray+1","floor":18.0},{"not_picked":["Slice+1","Riddle With Holes+1"],"picked":"Quick Slash+1","floor":22.0},{"not_picked":["Skewer+1","Reflex+1"],"picked":"PiercingWail+1","floor":28.0},{"not_picked":["Finisher+1","Flying Knee+1"],"picked":"Leg Sweep+1","floor":29.0},{"not_picked":["Blade Dance+1","Choke+1"],"picked":"Noxious Fumes","floor":30.0},{"not_picked":["Wraith Form v2","Burst+1"],"picked":"Die Die Die+1","floor":33.0},{"not_picked":["Slice+1","Terror+1"],"picked":"Deadly Poison+1","floor":35.0},{"not_picked":["Deadly Poison+1","Blade Dance+1","Bane+1"],"picked":"Singing Bowl","floor":36.0},{"not_picked":["Infinite Blades","Dagger Spray+1","Endless Agony+1"],"picked":"Singing Bowl","floor":39.0},{"not_picked":["Underhanded Strike+1","Heel Hook+1","Reflex+1"],"picked":"Singing Bowl","floor":41.0},{"not_picked":["Riddle With Holes+1","Slice+1","Backstab+1"],"picked":"Singing Bowl","floor":42.0},{"not_picked":["Cloak And Dagger+1","Phantasmal Killer+1"],"picked":"Terror+1","floor":44.0},{"not_picked":["Underhanded Strike+1","Quick Slash+1"],"picked":"Acrobatics+1","floor":47.0},{"not_picked":["Masterful Stab+1","Slice+1","Underhanded Strike+1"],"picked":"Singing Bowl","floor":48.0}],"player_experience":396295,"relics_obtained":[{"floor":7.0,"key":"Singing Bowl"},{"floor":9.0,"key":"Molten Egg 2"},{"floor":26.0,"key":"Toxic Egg 2"},{"floor":36.0,"key":"Gambling Chip"},{"floor":43.0,"key":"MawBank"}],"event_choices":[{"damage_healed":0.0,"max_hp_gain":0.0,"max_hp_loss":0.0,"gold_gain":0.0,"event_name":"The Woman in Blue","player_choice":"Bought 0 Potions","floor":11.0,"gold_loss":0.0,"damage_taken":0.0},{"cards_removed":["Strike_G"],"damage_healed":0.0,"max_hp_gain":0.0,"max_hp_loss":0.0,"gold_gain":0.0,"event_name":"Golden Wing","player_choice":"Card Removal","floor":14.0,"gold_loss":0.0,"damage_taken":7.0},{"damage_healed":0.0,"max_hp_gain":0.0,"max_hp_loss":0.0,"gold_gain":0.0,"event_name":"The Mausoleum","player_choice":"Opened","floor":19.0,"gold_loss":0.0,"damage_taken":0.0,"relics_obtained":["Pear"],"cards_obtained":["Writhe"]},{"damage_healed":0.0,"max_hp_gain":0.0,"max_hp_loss":0.0,"gold_gain":0.0,"event_name":"Back to Basics","player_choice":"Simplicity","floor":20.0,"gold_loss":0.0,"damage_taken":0.0,"cards_upgraded":["Defend_G","Defend_G","Defend_G","Defend_G","Defend_G","Strike_G","Strike_G","Strike_G"]},{"damage_healed":0.0,"max_hp_gain":0.0,"max_hp_loss":0.0,"gold_gain":0.0,"event_name":"Match and Keep!","player_choice":"1 cards matched","floor":21.0,"gold_loss":0.0,"damage_taken":0.0,"cards_obtained":["Backstab"]},{"damage_healed":0.0,"max_hp_gain":0.0,"max_hp_loss":0.0,"gold_gain":0.0,"event_name":"Mysterious Sphere","player_choice":"Fight","floor":36.0,"gold_loss":0.0,"damage_taken":0.0},{"damage_healed":0.0,"max_hp_gain":0.0,"max_hp_loss":0.0,"gold_gain":0.0,"event_name":"Match and Keep!","player_choice":"1 cards matched","floor":37.0,"gold_loss":0.0,"damage_taken":0.0,"cards_obtained":["A Thousand Cuts"]},{"cards_removed":["Defend_G"],"damage_healed":0.0,"max_hp_gain":0.0,"max_hp_loss":0.0,"gold_gain":0.0,"event_name":"Falling","player_choice":"Removed Skill","floor":46.0,"gold_loss":0.0,"damage_taken":0.0}],"is_beta":true,"boss_relics":[{"not_picked":["Coffee Dripper","Calling Bell"],"picked":"Philosopher\u0027s Stone"},{"not_picked":["WristBlade","Runic Pyramid"],"picked":"Astrolabe"}],"items_purged_floors":[5,24,38],"is_endless":false,"potions_floor_spawned":[7,10,12,22,29,30,33,36,41,47,48],"killed_by":"Time Eater","ascension_level":10}