{"gold_per_floor":[113,127,138,153,153,153,187,208,208,64,64],"floor_reached":11,"playtime":623,"items_purged":[],"score":102,"play_id":"c82c9f42-8d19-4c31-b9a4-ac92c819dc9f","local_time":"20190419170907","is_ascension_mode":true,"campfire_choices":[{"data":"Zap","floor":6,"key":"SMITH"}],"neow_cost":"NONE","seed_source_timestamp":352013944813177,"circlet_count":0,"master_deck":["Strike_B","Strike_B","Strike_B","Defend_B","Defend_B","Defend_B","Defend_B","Zap+1","Dualcast","Streamline","Scrape","Gash","Genetic Algorithm","Conserve Battery","Regret","Tempest","White Noise","All For One"],"relics":["Cracked Core","Ice Cream","Singing Bowl","Odd Mushroom","Gremlin Horn"],"potions_floor_usage":[8],"damage_taken":[{"damage":0,"enemies":"Cultist","floor":1,"turns":4},{"damage":2,"enemies":"Jaw Worm","floor":2,"turns":3},{"damage":5,"enemies":"Small Slimes","floor":3,"turns":2},{"damage":4,"enemies":"3 Louse","floor":4,"turns":3},{"damage":27,"enemies":"Lagavulin","floor":7,"turns":6},{"damage":25,"enemies":"The Mushroom Lair","floor":8,"turns":4},{"damage":10,"enemies":"3 Sentries","floor":11,"turns":2}],"seed_played":"808634298546518751","potions_obtained":[{"floor":1,"key":"LiquidBronze"},{"floor":3,"key":"GamblersBrew"}],"is_trial":false,"path_per_floor":["M","M","M","M","?","R","E","?","T","$","E"],"character_chosen":"DEFECT","items_purchased":["All For One"],"campfire_rested":0,"item_purchase_floors":[10],"current_hp_per_floor":[68,66,61,57,57,57,30,5,5,5,0],"gold":64,"neow_bonus":"TRANSFORM_CARD","is_prod":false,"is_daily":false,"chose_seed":false,"campfire_upgraded":1,"win_rate":0,"timestamp":1555708147,"path_taken":["M","M","M","?","?","R","E","?","T","$","E"],"build_version":"2019-01-23","purchased_purges":0,"victory":false,"max_hp_per_floor":[75,75,75,75,75,75,75,75,75,75,75],"card_choices":[{"not_picked":["Static Discharge","Go for the Eyes"],"picked":"Scrape","floor":1},{"not_picked":["Beam Cell","Stack"],"picked":"Gash","floor":2},{"not_picked":["Sunder","Heatsinks"],"picked":"Genetic Algorithm","floor":3},{"not_picked":["Doom and Gloom","Redo"],"picked":"Conserve Battery","floor":4},{"not_picked":["Amplify","Hologram"],"picked":"Tempest","floor":7},{"not_picked":["Conserve Battery","BootSequence"],"picked":"White Noise","floor":8}],"player_experience":522487,"relics_obtained":[{"floor":7,"key":"Singing Bowl"},{"floor":8,"key":"Odd Mushroom"},{"floor":9,"key":"Gremlin Horn"}],"event_choices":[{"damage_healed":0,"gold_gain":0,"player_choice":"Box","damage_taken":0,"relics_obtained":["Ice Cream"],"max_hp_gain":0,"max_hp_loss":0,"event_name":"Big Fish","floor":5,"gold_loss":0,"cards_obtained":["Regret"]},{"damage_healed":0,"gold_gain":0,"player_choice":"Fought Mushrooms","damage_taken":0,"max_hp_gain":0,"max_hp_loss":0,"event_name":"Mushrooms","floor":8,"gold_loss":0}],"is_beta":false,"boss_relics":[],"items_purged_floors":[],"is_endless":false,"potions_floor_spawned":[1,3],"killed_by":"3 Sentries","ascension_level":8}