{"gold_per_floor":[119,30,43,60,76,102,102,102,102,115,115,132,132,166,166,166],"floor_reached":16,"playtime":1074,"items_purged":[],"score":224,"play_id":"25b311a1-62f9-4e4a-a4ff-817ff97b2b7e","local_time":"20190313005257","is_ascension_mode":true,"campfire_choices":[{"floor":8,"key":"REST"},{"data":"Underhanded Strike","floor":11,"key":"SMITH"},{"data":"Distraction","floor":13,"key":"SMITH"},{"data":"Prepared","floor":15,"key":"SMITH"}],"neow_cost":"NONE","seed_source_timestamp":334799257863000,"circlet_count":0,"master_deck":["AscendersBane","Defend_G","Defend_G","Defend_G","Defend_G","Defend_G","Strike_G","Strike_G","Strike_G","Strike_G","Strike_G","Survivor","Neutralize","Deflect","Tools of the Trade+1","Masterful Stab","Prepared+1","Underhanded Strike+1","Backflip","Dagger Throw","Distraction+1","Flying Knee"],"special_seed":0,"relics":["Runic Pyramid","Singing Bowl","Mercury Hourglass","Ancient Tea Set"],"potions_floor_usage":[14,16],"damage_taken":[{"damage":4.0,"enemies":"2 Louse","floor":1.0,"turns":4.0},{"damage":0,"enemies":"Jaw Worm","floor":3,"turns":6},{"damage":0,"enemies":"Cultist","floor":4,"turns":4},{"damage":9,"enemies":"2 Fungi Beasts","floor":5,"turns":5},{"damage":27,"enemies":"3 Sentries","floor":6,"turns":14},{"damage":0,"enemies":"Red Slaver","floor":10,"turns":3},{"damage":0,"enemies":"Lots of Slimes","floor":12,"turns":3},{"damage":3,"enemies":"Lagavulin","floor":14,"turns":6},{"damage":36,"enemies":"Slime Boss","floor":16,"turns":6}],"seed_played":"4761576737251767622","potions_obtained":[{"floor":3,"key":"Ancient Potion"},{"floor":6,"key":"Explosive Potion"},{"floor":10,"key":"GhostInAJar"}],"is_trial":false,"path_per_floor":["M","$","M","M","M","E","?","R","T","M","R","M","R","E","R","B"],"character_chosen":"THE_SILENT","items_purchased":["Tools of the Trade"],"campfire_rested":1,"item_purchase_floors":[2],"current_hp_per_floor":[55,55,55,55,46,19,19,38,38,38,38,38,38,35,35,0],"gold":166,"neow_bonus":"BOSS_RELIC","is_prod":false,"is_daily":false,"chose_seed":false,"campfire_upgraded":3,"win_rate":0,"timestamp":1552463577,"path_taken":["M","$","M","M","M","E","?","R","T","M","R","M","R","E","R","BOSS"],"build_version":"2019-02-06","purchased_purges":0,"victory":false,"max_hp_per_floor":[66,66,66,66,66,66,66,66,66,66,66,66,66,66,66,66],"card_choices":[{"not_picked":["Deadly Poison","Outmaneuver"],"picked":"Deflect","floor":1.0},{"not_picked":["Dagger Spray","Flying Knee"],"picked":"Masterful Stab","floor":3},{"not_picked":["Deflect","Cloak And Dagger"],"picked":"Prepared","floor":4},{"not_picked":["Doppelganger","Outmaneuver"],"picked":"Underhanded Strike","floor":5},{"not_picked":["PiercingWail","Acrobatics"],"picked":"Backflip","floor":6},{"not_picked":["Cloak And Dagger","Dagger Spray"],"picked":"Dagger Throw","floor":10},{"not_picked":["Setup","Dagger Throw"],"picked":"Distraction","floor":12},{"not_picked":["Setup","Catalyst"],"picked":"Flying Knee","floor":14}],"player_experience":3356550,"relics_obtained":[{"floor":6,"key":"Singing Bowl"},{"floor":9,"key":"Mercury Hourglass"},{"floor":14,"key":"Ancient Tea Set"}],"event_choices":[{"damage_healed":0,"gold_gain":0,"player_choice":"Grow","damage_taken":0,"max_hp_gain":0,"max_hp_loss":0,"event_name":"Living Wall","floor":7,"gold_loss":0,"cards_upgraded":["Tools of the Trade"]}],"is_beta":true,"boss_relics":[],"items_purged_floors":[],"is_endless":false,"potions_floor_spawned":[3,6,10],"killed_by":"Slime Boss","ascension_level":20}