{"gold_per_floor":[117,127,127,140,156,156,217,217,244,244,244,264,290,14,14,110,110,123,123,135,89,106,106,140,140,140,167,184,213,213,4,4,109,109,122,137,137,62,76,76,109,109,109,9,37,0,0,17,17,17],"floor_reached":51,"playtime":3654,"items_purged":["Strike_G","Defend_G"],"score":871,"play_id":"25b50faf-8233-4e83-bc03-86fbd07810fb","local_time":"20190313001222","is_ascension_mode":true,"campfire_choices":[{"data":"Bouncing Flask","floor":6,"key":"SMITH"},{"floor":11,"key":"REST"},{"floor":15,"key":"REST"},{"floor":23,"key":"REST"},{"floor":25,"key":"REST"},{"floor":32,"key":"REST"},{"floor":40,"key":"REST"},{"data":"Catalyst","floor":42,"key":"SMITH"},{"data":"Well Laid Plans","floor":47,"key":"SMITH"},{"floor":49,"key":"REST"}],"neow_cost":"TEN_PERCENT_HP_LOSS","seed_source_timestamp":245700575117237,"circlet_count":0,"master_deck":["Defend_G","Defend_G","Defend_G","Defend_G","Strike_G","Strike_G","Strike_G+1","Survivor","Neutralize","Escape Plan","Cloak And Dagger","Quick Slash","Sucker Punch","Backflip","Poisoned Stab","Bouncing Flask+1","Deadly Poison","Blade Dance+1","Leg Sweep","Poisoned Stab","Dagger Throw+1","Corpse Explosion","Flying Knee+1","Deflect","Backstab+1","Catalyst+1","Bane+1","Poisoned Stab+1","Noxious Fumes+1","Well Laid Plans+1","Sucker Punch+1","Footwork","Dash+1","Dodge and Roll+1","Backstab+1","Burst","Deadly Poison+1","Crippling Poison+1"],"relics":["Ring of the Snake","Prayer Wheel","PreservedInsect","Omamori","Molten Egg 2","Philosopher\u0027s Stone","Nloth\u0027s Gift","Regal Pillow","Gremlin Horn","Strawberry","Singing Bowl","Sling","Cursed Key","Boot","Paper Crane","The Courier","Red Mask"],"potions_floor_usage":[5,13,16,16,22,28,33,33,36,48,50],"damage_taken":[{"damage":6,"enemies":"Jaw Worm","floor":1,"turns":6},{"damage":1,"enemies":"Small Slimes","floor":2,"turns":4},{"damage":0,"enemies":"Cultist","floor":4,"turns":4},{"damage":3,"enemies":"3 Louse","floor":5,"turns":3},{"damage":22,"enemies":"Gremlin Nob","floor":7,"turns":5},{"damage":0,"enemies":"2 Fungi Beasts","floor":12,"turns":3},{"damage":5,"enemies":"Lagavulin","floor":13,"turns":3},{"damage":11,"enemies":"Hexaghost","floor":16,"turns":7},{"damage":12,"enemies":"Chosen","floor":18,"turns":4},{"damage":25,"enemies":"Shell Parasite","floor":20,"turns":5},{"damage":14,"enemies":"Snecko","floor":22,"turns":4},{"damage":15,"enemies":"Book of Stabbing","floor":24,"turns":5},{"damage":10,"enemies":"Gremlin Leader","floor":27,"turns":4},{"damage":27,"enemies":"Shelled Parasite and Fungi","floor":28,"turns":5},{"damage":16,"enemies":"Book of Stabbing","floor":29,"turns":3},{"damage":68,"enemies":"Champ","floor":33,"turns":9},{"damage":13,"enemies":"Orb Walker","floor":35,"turns":3},{"damage":63,"enemies":"3 Darklings","floor":36,"turns":6},{"damage":3,"enemies":"Maw","floor":39,"turns":6},{"damage":5,"enemies":"Nemesis","floor":41,"turns":3},{"damage":7,"enemies":"Reptomancer","floor":45,"turns":4},{"damage":13,"enemies":"Transient","floor":48,"turns":5},{"damage":35,"enemies":"Time Eater","floor":50,"turns":6}],"seed_played":"-7657641078483090166","potions_obtained":[{"floor":1,"key":"Strength Potion"},{"floor":2,"key":"SpeedPotion"},{"floor":7,"key":"Dexterity Potion"},{"floor":12,"key":"PowerPotion"},{"floor":20,"key":"AttackPotion"},{"floor":24,"key":"LiquidBronze"},{"floor":27,"key":"EssenceOfSteel"},{"floor":28,"key":"Explosive Potion"},{"floor":29,"key":"PowerPotion"},{"floor":41,"key":"EssenceOfSteel"},{"floor":45,"key":"LiquidBronze"}],"is_trial":false,"path_per_floor":["M","M","?","M","M","R","E","?","T","?","R","M","E","$","R","B",null,"M","?","M","$","M","R","E","R","T","E","M","E","?","$","R","B",null,"M","M","?","$","M","R","E","R","T","$","E","?","R","M","R","B",null],"character_chosen":"THE_SILENT","items_purchased":["Molten Egg 2","Dagger Throw+1","Bane+1","Sling"],"campfire_rested":7,"item_purchase_floors":[14,14,21,31],"current_hp_per_floor":[57,56,61,61,58,58,36,22,22,15,35,35,30,30,50,39,68,56,56,31,31,17,37,22,57,57,54,27,11,36,36,73,7,77,66,5,25,25,24,63,58,58,58,58,51,51,51,40,80,45],"gold":17,"neow_bonus":"ONE_RARE_RELIC","is_prod":false,"is_daily":false,"chose_seed":false,"campfire_upgraded":3,"win_rate":0,"timestamp":1552432342,"path_taken":["M","M","?","M","M","R","E","?","T","?","R","M","E","?","R","BOSS","M","?","M","$","M","R","E","R","T","E","?","E","?","$","R","BOSS","M","M","?","$","M","R","E","R","T","$","E","?","R","M","R","BOSS"],"build_version":"2019-02-06","purchased_purges":2,"victory":true,"max_hp_per_floor":[63,63,68,68,68,68,68,68,68,68,68,68,68,68,68,68,68,68,68,68,68,68,68,68,68,68,75,75,75,75,75,75,77,77,79,81,81,81,83,83,83,83,83,83,83,83,83,85,85,85],"card_choices":[{"not_picked":["Finisher","Eviscerate"],"picked":"Escape Plan","floor":1},{"not_picked":["Slice","Well Laid Plans"],"picked":"Cloak And Dagger","floor":1},{"not_picked":["Expertise","Outmaneuver"],"picked":"Quick Slash","floor":2},{"not_picked":["Dagger Throw","Calculated Gamble"],"picked":"Sucker Punch","floor":2},{"not_picked":["Riddle With Holes","Flying Knee"],"picked":"Backflip","floor":4},{"not_picked":["Eviscerate","Poisoned Stab","Crippling Poison"],"picked":"SKIP","floor":4},{"not_picked":["Eviscerate","Crippling Poison"],"picked":"Poisoned Stab","floor":4},{"not_picked":["Caltrops","Infinite Blades"],"picked":"Bouncing Flask","floor":5},{"not_picked":["Wraith Form v2","Dagger Spray"],"picked":"Deadly Poison","floor":5},{"not_picked":["Backflip","Underhanded Strike"],"picked":"Blade Dance","floor":7},{"not_picked":["Reflex","Escape Plan"],"picked":"Leg Sweep","floor":12},{"not_picked":["Bane","A Thousand Cuts"],"picked":"Poisoned Stab","floor":12},{"not_picked":["Storm of Steel","Quick Slash","Deadly Poison"],"picked":"SKIP","floor":13},{"not_picked":["Bullet Time","Die Die Die+1"],"picked":"Corpse Explosion","floor":16},{"not_picked":["PiercingWail","Endless Agony+1"],"picked":"Flying Knee+1","floor":18},{"not_picked":["Acrobatics+1","Deadly Poison"],"picked":"Deflect","floor":18},{"not_picked":["Masterful Stab+1","Escape Plan"],"picked":"Backstab+1","floor":20},{"not_picked":["PiercingWail+1","Terror"],"picked":"Catalyst","floor":20},{"not_picked":["Adrenaline","Bane+1"],"picked":"Poisoned Stab+1","floor":22},{"not_picked":["Flying Knee+1","Dagger Throw+1"],"picked":"Noxious Fumes+1","floor":22},{"not_picked":["Quick Slash+1","Deadly Poison+1"],"picked":"Well Laid Plans","floor":24},{"not_picked":["Corpse Explosion","Riddle With Holes+1"],"picked":"Sucker Punch+1","floor":27},{"not_picked":["Blade Dance","Prepared+1","Dagger Spray+1"],"picked":"SKIP","floor":28},{"not_picked":["Quick Slash+1","Acrobatics","Underhanded Strike+1"],"picked":"SKIP","floor":28},{"not_picked":["Adrenaline","Backstab+1"],"picked":"Footwork","floor":29},{"not_picked":["Die Die Die+1","Malaise","Wraith Form v2"],"picked":"Singing Bowl","floor":33},{"not_picked":["Leg Sweep","Outmaneuver"],"picked":"Dash+1","floor":35},{"not_picked":["Quick Slash+1","Cloak And Dagger+1","Slice+1"],"picked":"Singing Bowl","floor":35},{"not_picked":["Deflect+1","Dagger Throw+1"],"picked":"Dodge and Roll+1","floor":36},{"not_picked":["Riddle With Holes+1","Dash+1","Underhanded Strike+1"],"picked":"Singing Bowl","floor":36},{"not_picked":["Flying Knee+1","Blade Dance","PiercingWail"],"picked":"Singing Bowl","floor":39},{"not_picked":["Dagger Throw+1","Acrobatics+1"],"picked":"Backstab+1","floor":39},{"not_picked":["Corpse Explosion","Poisoned Stab+1"],"picked":"Burst","floor":41},{"not_picked":["Skewer+1","Unload+1"],"picked":"Deadly Poison+1","floor":45},{"not_picked":["Outmaneuver","Bane+1","Bouncing Flask+1"],"picked":"Singing Bowl","floor":48},{"not_picked":["Backstab+1","Cloak And Dagger"],"picked":"Crippling Poison+1","floor":48}],"player_experience":228035,"relics_obtained":[{"floor":7,"key":"Tiny Chest"},{"floor":9,"key":"PreservedInsect"},{"floor":13,"key":"Omamori"},{"floor":24,"key":"Regal Pillow"},{"floor":26,"key":"Gremlin Horn"},{"floor":27,"key":"Strawberry"},{"floor":29,"key":"Singing Bowl"},{"floor":41,"key":"Boot"},{"floor":43,"key":"Paper Crane"},{"floor":45,"key":"The Courier"}],"event_choices":[{"damage_healed":0,"gold_gain":0,"player_choice":"Donut","damage_taken":0,"max_hp_gain":5,"max_hp_loss":0,"event_name":"Big Fish","floor":3,"gold_loss":0},{"damage_healed":0,"gold_gain":0,"player_choice":"Entered Light","damage_taken":14,"max_hp_gain":0,"max_hp_loss":0,"event_name":"Shining Light","floor":8,"gold_loss":0,"cards_upgraded":["Strike_G","Blade Dance"]},{"cards_removed":["Strike_G"],"damage_healed":0,"gold_gain":0,"player_choice":"Card Removal","damage_taken":7,"max_hp_gain":0,"max_hp_loss":0,"event_name":"Golden Wing","floor":10,"gold_loss":0},{"damage_healed":0,"gold_gain":0,"player_choice":"Traded Relic","damage_taken":0,"relics_obtained":["Nloth\u0027s Gift"],"max_hp_gain":0,"max_hp_loss":0,"event_name":"N\u0027loth","floor":19,"relics_lost":["Tiny Chest"],"gold_loss":0},{"damage_healed":25,"gold_gain":0,"player_choice":"Heal","damage_taken":0,"max_hp_gain":0,"max_hp_loss":0,"event_name":"The Library","floor":30,"gold_loss":0},{"damage_healed":20,"gold_gain":0,"player_choice":"Writhe","damage_taken":0,"max_hp_gain":0,"max_hp_loss":0,"event_name":"Winding Halls","floor":37,"gold_loss":0,"cards_obtained":["Writhe"]},{"damage_healed":0,"gold_gain":0,"player_choice":"Paid","damage_taken":0,"relics_obtained":["Red Mask"],"max_hp_gain":0,"max_hp_loss":0,"event_name":"Tomb of Lord Red Mask","floor":46,"gold_loss":37}],"is_beta":true,"boss_relics":[{"not_picked":["Tiny House","Astrolabe"],"picked":"Philosopher\u0027s Stone"},{"not_picked":["Lizard Tail","Coffee Dripper"],"picked":"Cursed Key"}],"items_purged_floors":[38,44],"is_endless":false,"potions_floor_spawned":[1,2,7,12,20,24,27,28,29,41,45],"ascension_level":2}