{"gold_per_floor":[117,129,141,155,170,197,197,226,226,226,1,1,20,20,20,94,94,113,0,0,0,0],"floor_reached":22,"playtime":1027,"items_purged":[],"score":388,"play_id":"fda91c1a-c57c-4882-bd29-199f9a368ee8","local_time":"20190605021818","is_ascension_mode":true,"campfire_choices":[{"data":"Perfected Strike","floor":7,"key":"SMITH"},{"data":"1","floor":10,"key":"LIFT"},{"data":"Limit Break","floor":15,"key":"SMITH"}],"neow_cost":"NONE","seed_source_timestamp":3466622504342766,"circlet_count":0,"master_deck":["AscendersBane","Strike_R","Strike_R","Strike_R","Defend_R","Defend_R","Defend_R","Defend_R","Bash","Perfected Strike+1","Feel No Pain","Rampage","Headbutt","Burning Pact","Shrug It Off","Shrug It Off","Shrug It Off","Limit Break+1","Whirlwind","Sword Boomerang","Immolate","Heavy Blade+1"],"relics":["Burning Blood","Pocketwatch","Girya","Art of War","Nloth\u0027s Gift"],"potions_floor_usage":[6,16],"damage_taken":[{"damage":0,"enemies":"2 Louse","floor":1,"turns":2},{"damage":6,"enemies":"Small Slimes","floor":2,"turns":6},{"damage":6,"enemies":"Cultist","floor":3,"turns":4},{"damage":7,"enemies":"2 Fungi Beasts","floor":4,"turns":3},{"damage":22,"enemies":"3 Louse","floor":5,"turns":3},{"damage":20,"enemies":"3 Sentries","floor":6,"turns":10},{"damage":19,"enemies":"Lagavulin","floor":8,"turns":6},{"damage":16,"enemies":"Lots of Slimes","floor":13,"turns":3},{"damage":11,"enemies":"The Guardian","floor":16,"turns":14},{"damage":44,"enemies":"Shell Parasite","floor":18,"turns":9},{"damage":25,"enemies":"3 Byrds","floor":22,"turns":2}],"seed_played":"2246143838356993507","potions_obtained":[{"floor":1,"key":"Poison Potion"},{"floor":4,"key":"Energy Potion"}],"is_trial":false,"path_per_floor":["M","M","M","M","M","E","R","E","T","R","$","?","M","?","R","B",null,"M","?","?","$","M"],"character_chosen":"IRONCLAD","items_purchased":["Limit Break","Whirlwind"],"campfire_rested":0,"item_purchase_floors":[11,11],"current_hp_per_floor":[74,74,74,73,57,43,43,30,30,30,30,25,15,15,15,10,59,21,21,21,21,0],"gold":0,"neow_bonus":"THREE_CARDS","is_prod":false,"is_daily":false,"chose_seed":false,"campfire_upgraded":2,"win_rate":0,"timestamp":1559726298,"path_taken":["M","M","M","M","M","E","R","E","T","R","$","?","M","?","R","BOSS","M","?","?","$","?"],"build_version":"2019-06-02","purchased_purges":0,"victory":false,"max_hp_per_floor":[75,75,75,75,75,75,75,75,75,75,75,75,75,75,75,75,75,75,75,75,75,75],"card_choices":[{"not_picked":["Headbutt","Warcry"],"picked":"Perfected Strike","floor":0},{"not_picked":["True Grit","Clothesline"],"picked":"Feel No Pain","floor":1},{"not_picked":["Perfected Strike","Armaments"],"picked":"Rampage","floor":2},{"not_picked":["Clothesline","Thunderclap"],"picked":"Headbutt","floor":3},{"not_picked":["Sever Soul","Flex","Burning Pact"],"picked":"SKIP","floor":4},{"not_picked":["Sever Soul","Flex"],"picked":"Burning Pact","floor":4},{"not_picked":["Thunderclap","Blood for Blood"],"picked":"Shrug It Off","floor":5},{"not_picked":["Rupture","Cleave"],"picked":"Shrug It Off","floor":6},{"not_picked":["Wild Strike","Body Slam"],"picked":"Shrug It Off","floor":8},{"not_picked":["Thunderclap","Dropkick"],"picked":"Sword Boomerang","floor":13},{"not_picked":["Fiend Fire","Feed"],"picked":"Immolate","floor":16},{"not_picked":["Cleave","Searing Blow"],"picked":"Heavy Blade+1","floor":18}],"player_experience":1295952,"relics_obtained":[{"floor":6,"key":"Pocketwatch"},{"floor":8,"key":"Girya"},{"floor":9,"key":"Art of War"}],"event_choices":[{"damage_healed":0,"gold_gain":0,"player_choice":"Fled","damage_taken":5,"max_hp_gain":0,"max_hp_loss":0,"event_name":"Scrap Ooze","floor":12,"gold_loss":0},{"damage_healed":0,"gold_gain":0,"player_choice":"Ignored","damage_taken":0,"max_hp_gain":0,"max_hp_loss":0,"event_name":"Shining Light","floor":14,"gold_loss":0},{"damage_healed":0,"gold_gain":0,"player_choice":"Paid Fearfully","damage_taken":0,"max_hp_gain":0,"max_hp_loss":0,"event_name":"Masked Bandits","floor":19,"gold_loss":113},{"damage_healed":0,"gold_gain":0,"player_choice":"Traded Relic","damage_taken":0,"relics_obtained":["Nloth\u0027s Gift"],"max_hp_gain":0,"max_hp_loss":0,"event_name":"N\u0027loth","floor":20,"relics_lost":["Empty Cage"],"gold_loss":0}],"is_beta":true,"boss_relics":[{"not_picked":["Lizard Tail","Calling Bell"],"picked":"Empty Cage"}],"items_purged_floors":[],"is_endless":false,"potions_floor_spawned":[1,4],"killed_by":"3 Byrds","ascension_level":20}