{"gold_per_floor":[118,129,142,154,167,193,209,209,209,238,35,68,88,98,98,201,201,212,228,246,264,189,189,217,117,117,117,127,127,160,160,160,261,261,278,293,311,186,36,36],"floor_reached":40,"playtime":7443,"items_purged":["Strike_G","Defend_G","Regret","Regret"],"score":501,"play_id":"37048336-fc83-42ff-a301-421bfda57b6f","local_time":"20190906010713","is_ascension_mode":true,"campfire_choices":[{"floor":8.0,"key":"REST"},{"floor":15.0,"key":"RECALL"},{"floor":23.0,"key":"REST"},{"floor":27.0,"key":"REST"},{"floor":29.0,"key":"REST"},{"floor":32.0,"key":"REST"}],"neow_cost":"TEN_PERCENT_HP_LOSS","seed_source_timestamp":0,"circlet_count":0,"master_deck":["Strike_G","Strike_G","Strike_G","Strike_G","Defend_G","Defend_G","Defend_G","Defend_G","Survivor","Neutralize","Corpse Explosion","Dagger Spray","Calculated Gamble","Crippling Poison","Noxious Fumes","Bouncing Flask","Well Laid Plans","Backflip","Backstab","Heel Hook+1","Deadly Poison","Burst","Adrenaline","Bane+1","Poisoned Stab+1","Poisoned Stab+1","Tools of the Trade","Decay","Sucker Punch+1"],"special_seed":0,"relics":["Ring of the Snake","Ninja Scroll","Gremlin Horn","Molten Egg 2","Fusion Hammer","Meat on the Bone","Bottled Lightning","Lantern","Nloth\u0027s Gift","Calling Bell","Pen Nib","Paper Crane","Bird Faced Urn"],"potions_floor_usage":[40],"damage_taken":[{"damage":0.0,"enemies":"Cultist","floor":1.0,"turns":4.0},{"damage":0.0,"enemies":"Small Slimes","floor":2.0,"turns":2.0},{"damage":0.0,"enemies":"2 Louse","floor":3.0,"turns":2.0},{"damage":0.0,"enemies":"Exordium Thugs","floor":4.0,"turns":4.0},{"damage":8.0,"enemies":"Lots of Slimes","floor":5.0,"turns":2.0},{"damage":23.0,"enemies":"Lagavulin","floor":6.0,"turns":6.0},{"damage":13.0,"enemies":"Large Slime","floor":7.0,"turns":6.0},{"damage":11.0,"enemies":"Gremlin Nob","floor":10.0,"turns":4.0},{"damage":10.0,"enemies":"3 Sentries","floor":12.0,"turns":4.0},{"damage":3.0,"enemies":"Red Slaver","floor":13.0,"turns":3.0},{"damage":0.0,"enemies":"3 Louse","floor":14.0,"turns":1.0},{"damage":19.0,"enemies":"The Guardian","floor":16.0,"turns":8.0},{"damage":4.0,"enemies":"Shell Parasite","floor":18.0,"turns":4.0},{"damage":10.0,"enemies":"2 Thieves","floor":19.0,"turns":2.0},{"damage":6.0,"enemies":"Cultist and Chosen","floor":20.0,"turns":3.0},{"damage":0.0,"enemies":"Snake Plant","floor":21.0,"turns":2.0},{"damage":42.0,"enemies":"Book of Stabbing","floor":24.0,"turns":5.0},{"damage":2.0,"enemies":"Chosen and Byrds","floor":28.0,"turns":3.0},{"damage":0.0,"enemies":"Gremlin Leader","floor":30.0,"turns":3.0},{"damage":37.0,"enemies":"Collector","floor":33.0,"turns":6.0},{"damage":1.0,"enemies":"Orb Walker","floor":35.0,"turns":3.0},{"damage":8.0,"enemies":"3 Darklings","floor":36.0,"turns":3.0},{"damage":20.0,"enemies":"Transient","floor":37.0,"turns":5.0},{"damage":58,"enemies":"Nemesis","floor":40,"turns":6}],"seed_played":"4008795583745266783","potions_obtained":[{"floor":3.0,"key":"SkillPotion"},{"floor":7.0,"key":"Explosive Potion"},{"floor":10.0,"key":"GamblersBrew"},{"floor":12.0,"key":"EssenceOfSteel"},{"floor":13.0,"key":"FearPotion"},{"floor":16.0,"key":"Poison Potion"},{"floor":18.0,"key":"SkillPotion"},{"floor":19.0,"key":"Dexterity Potion"},{"floor":28.0,"key":"Energy Potion"},{"floor":37,"key":"Swift Potion"}],"is_trial":false,"path_per_floor":["M","M","M","M","M","E","M","R","T","E","$","E","M","M","R","B",null,"M","M","M","M","$","R","E","$","T","R","M","R","E","?","R","B",null,"M","M","M","$","$","E"],"character_chosen":"THE_SILENT","items_purchased":["Lee\u0027s Waffle"],"campfire_rested":5,"item_purchase_floors":[11],"current_hp_per_floor":[63,63,63,63,55,32,19,37,37,26,70,60,57,57,57,38,70,66,56,50,50,50,70,28,28,28,49,47,68,68,68,70,45,70,70,62,48,48,48,0],"gold":36,"neow_bonus":"THREE_RARE_CARDS","is_prod":false,"is_daily":false,"chose_seed":false,"campfire_upgraded":0,"win_rate":0,"timestamp":1567703233,"path_taken":["M","M","M","M","M","E","?","R","T","E","$","E","M","M","R","BOSS","M","M","M","M","$","R","E","$","T","R","M","R","E","?","R","BOSS","M","?","M","?","$","E"],"build_version":"2019-07-17","purchased_purges":4,"victory":false,"max_hp_per_floor":[63,63,63,63,63,63,63,63,63,63,70,70,70,70,70,70,70,70,70,70,70,70,70,70,70,70,70,70,70,70,70,70,70,70,70,70,70,70,70,70],"card_choices":[{"not_picked":["Envenom","A Thousand Cuts"],"picked":"Corpse Explosion","floor":0.0},{"not_picked":["Acrobatics","Blade Dance"],"picked":"Dagger Spray","floor":1.0},{"not_picked":["Tactician","Dodge and Roll"],"picked":"Calculated Gamble","floor":2.0},{"not_picked":["Backflip","Deadly Poison"],"picked":"Crippling Poison","floor":3.0},{"not_picked":["Well Laid Plans","Backstab"],"picked":"Noxious Fumes","floor":4.0},{"not_picked":["Caltrops","Noxious Fumes"],"picked":"Bouncing Flask","floor":5.0},{"not_picked":["PiercingWail","Reflex"],"picked":"Well Laid Plans","floor":6.0},{"not_picked":["Noxious Fumes","Outmaneuver"],"picked":"Backflip","floor":7.0},{"not_picked":["Reflex","PiercingWail"],"picked":"Backstab","floor":10.0},{"not_picked":["Skewer","Deadly Poison"],"picked":"Heel Hook","floor":12.0},{"not_picked":["Masterful Stab+1","Calculated Gamble"],"picked":"Deadly Poison","floor":13.0},{"not_picked":["Backstab+1","Predator+1"],"picked":"Burst","floor":14.0},{"not_picked":["Bullet Time","Corpse Explosion"],"picked":"Adrenaline","floor":16.0},{"not_picked":["Prepared","Blade Dance","Dagger Spray+1"],"picked":"SKIP","floor":18.0},{"not_picked":["Deflect","Prepared","Masterful Stab+1"],"picked":"SKIP","floor":19.0},{"not_picked":["Escape Plan","Prepared+1"],"picked":"Bane+1","floor":20.0},{"not_picked":["Dodge and Roll","Finisher+1"],"picked":"Poisoned Stab+1","floor":21.0},{"not_picked":["Acrobatics","Quick Slash+1","Outmaneuver"],"picked":"SKIP","floor":24.0},{"not_picked":["PiercingWail","Crippling Poison+1"],"picked":"Poisoned Stab+1","floor":28.0},{"not_picked":["Noxious Fumes","Bullet Time","Dodge and Roll"],"picked":"SKIP","floor":30.0},{"not_picked":["Wraith Form v2","Phantasmal Killer"],"picked":"Tools of the Trade","floor":33.0},{"not_picked":["Blade Dance","Acrobatics","Prepared"],"picked":"SKIP","floor":35.0},{"not_picked":["Prepared","Escape Plan","Dodge and Roll"],"picked":"SKIP","floor":36.0},{"not_picked":["Terror+1","Outmaneuver+1"],"picked":"Sucker Punch+1","floor":37}],"player_experience":62486,"relics_obtained":[{"floor":6.0,"key":"Ninja Scroll"},{"floor":10.0,"key":"Gremlin Horn"},{"floor":12.0,"key":"Molten Egg 2"},{"floor":24.0,"key":"Meat on the Bone"},{"floor":26.0,"key":"Bottled Lightning"},{"floor":30.0,"key":"Lantern"},{"floor":34.0,"key":"Pen Nib"},{"floor":34.0,"key":"Paper Crane"},{"floor":34.0,"key":"Bird Faced Urn"}],"event_choices":[{"damage_healed":0.0,"max_hp_gain":0.0,"max_hp_loss":0.0,"gold_gain":0.0,"event_name":"N\u0027loth","player_choice":"Traded Relic","floor":31.0,"relics_lost":["Lee\u0027s Waffle"],"gold_loss":0.0,"damage_taken":0.0,"relics_obtained":["Nloth\u0027s Gift"]}],"is_beta":false,"boss_relics":[{"not_picked":["Snecko Eye","Ectoplasm"],"picked":"Fusion Hammer"},{"not_picked":["Runic Pyramid","Black Star"],"picked":"Calling Bell"}],"items_purged_floors":[22,25,38,39],"is_endless":false,"potions_floor_spawned":[3,7,10,12,13,16,18,19,20,28,37],"killed_by":"Nemesis","ascension_level":1}