{"gold_per_floor":[113,113,38,38,54,54,75,75,100,114,114,13,26,57,57,178,241,265,26,26,51,51,51,89,89,89,113,133,83,83,127,127,127],"floor_reached":33,"playtime":1828,"items_purged":["Defend_R","Defend_R","Strike_R"],"score":283,"play_id":"629fbf11-6582-4d44-a672-9ad8b7f21165","local_time":"20190418020259","is_ascension_mode":false,"campfire_choices":[{"data":"Bash","floor":6.0,"key":"SMITH"},{"data":"Twin Strike","floor":11.0,"key":"SMITH"},{"data":"Perfected Strike","floor":15.0,"key":"SMITH"},{"data":"Body Slam","floor":23,"key":"SMITH"},{"data":"Flex","floor":25,"key":"SMITH"},{"floor":30,"key":"REST"},{"floor":32,"key":"REST"}],"neow_cost":"NONE","seed_source_timestamp":3448507091475100,"circlet_count":0,"master_deck":["Strike_R","Strike_R","Strike_R","Strike_R+1","Defend_R","Defend_R+1","Bash+1","Pommel Strike","Twin Strike+1","Shrug It Off+1","Perfected Strike+1","Flex+1","Body Slam+1","Clothesline+1","Pommel Strike","Warcry+1"],"special_seed":0,"relics":["Black Star","Golden Idol","GremlinMask","Vajra","Smiling Mask","Oddly Smooth Stone","War Paint","Tiny House","Meat on the Bone","Ancient Tea Set","Toxic Egg 2","Bottled Flame","Regal Pillow","Juzu Bracelet","Frozen Egg 2"],"potions_floor_usage":[24,33],"damage_taken":[{"damage":5.0,"enemies":"Small Slimes","floor":1.0,"turns":4.0},{"damage":1.0,"enemies":"Jaw Worm","floor":5.0,"turns":3.0},{"damage":6.0,"enemies":"Cultist","floor":7.0,"turns":3.0},{"damage":10.0,"enemies":"Looter","floor":10.0,"turns":3.0},{"damage":3.0,"enemies":"Lots of Slimes","floor":13.0,"turns":4.0},{"damage":36.0,"enemies":"Lagavulin","floor":14.0,"turns":5.0},{"damage":10.0,"enemies":"The Guardian","floor":16.0,"turns":9.0},{"damage":6.0,"enemies":"3 Byrds","floor":18.0,"turns":5.0},{"damage":46.0,"enemies":"2 Thieves","floor":21.0,"turns":4.0},{"damage":28,"enemies":"Slavers","floor":24,"turns":4},{"damage":5,"enemies":"Snecko","floor":27,"turns":4},{"damage":33,"enemies":"3 Cultists","floor":28,"turns":7},{"damage":28,"enemies":"Book of Stabbing","floor":31,"turns":5},{"damage":88,"enemies":"Collector","floor":33,"turns":11}],"seed_played":"1068672301966839624","potions_obtained":[{"floor":7.0,"key":"BloodPotion"},{"floor":16.0,"key":"SpeedPotion"},{"floor":17.0,"key":"Explosive Potion"},{"floor":21,"key":"Strength Potion"}],"is_trial":false,"path_per_floor":["M","?","$","?","M","R","M","?","T","M","R","$","M","E","R","B",null,"M","$","T","M","?","R","E","R","T","M","M","$","R","E","R","B"],"character_chosen":"IRONCLAD","items_purchased":["Shrug It Off","Meat on the Bone"],"campfire_rested":2,"item_purchase_floors":[12,19],"current_hp_per_floor":[75,74,74,74,73,73,67,67,67,57,57,57,54,18,18,8,79,73,73,73,39,79,79,51,51,51,46,25,25,63,47,79,0],"gold":127,"neow_bonus":"BOSS_RELIC","is_prod":false,"is_daily":false,"chose_seed":false,"campfire_upgraded":5,"win_rate":0,"timestamp":1555578179,"path_taken":["M","?","$","?","?","R","M","?","T","M","R","$","M","E","R","BOSS","M","$","?","M","?","R","E","R","T","M","M","?","R","E","R","BOSS"],"build_version":"2019-04-04","purchased_purges":3,"victory":false,"max_hp_per_floor":[80,74,74,74,74,74,74,74,74,74,74,74,74,74,74,74,79,79,79,79,79,79,79,79,79,79,79,79,79,79,79,79,79],"card_choices":[{"not_picked":["Havoc","Clash"],"picked":"Pommel Strike","floor":1.0},{"not_picked":["Headbutt","Wild Strike"],"picked":"Twin Strike","floor":5.0},{"not_picked":["Blood for Blood","Sword Boomerang","Dropkick"],"picked":"SKIP","floor":7.0},{"not_picked":["Spot Weakness","Second Wind","Havoc"],"picked":"SKIP","floor":10.0},{"not_picked":["Barricade","Heavy Blade"],"picked":"Perfected Strike","floor":13.0},{"not_picked":["Pummel","Clothesline"],"picked":"Flex","floor":14.0},{"not_picked":["Whirlwind","Infernal Blade"],"picked":"Body Slam","floor":17.0},{"not_picked":["Sword Boomerang","Whirlwind"],"picked":"Clothesline+1","floor":18.0},{"not_picked":["Disarm","Dual Wield"],"picked":"Pommel Strike","floor":21},{"not_picked":["Sentinel","Disarm"],"picked":"Warcry","floor":24},{"not_picked":["Iron Wave","Clothesline","Twin Strike"],"picked":"SKIP","floor":27},{"not_picked":["Pommel Strike+1","Entrench+1","Body Slam+1"],"picked":"SKIP","floor":28},{"not_picked":["Rupture","Brutality","Pummel"],"picked":"SKIP","floor":31}],"player_experience":3418065,"relics_obtained":[{"floor":9.0,"key":"Smiling Mask"},{"floor":14.0,"key":"Oddly Smooth Stone"},{"floor":14.0,"key":"War Paint"},{"floor":20.0,"key":"Ancient Tea Set"},{"floor":24,"key":"Toxic Egg 2"},{"floor":24,"key":"Bottled Flame"},{"floor":26,"key":"Regal Pillow"},{"floor":31,"key":"Juzu Bracelet"},{"floor":31,"key":"Frozen Egg 2"}],"event_choices":[{"damage_healed":0.0,"max_hp_gain":0.0,"max_hp_loss":6.0,"gold_gain":0.0,"event_name":"Golden Idol","player_choice":"Lose Max HP","floor":2.0,"gold_loss":0.0,"damage_taken":0.0,"relics_obtained":["Golden Idol"]},{"damage_healed":0.0,"max_hp_gain":0.0,"max_hp_loss":0.0,"gold_gain":0.0,"event_name":"FaceTrader","player_choice":"Trade","floor":4.0,"gold_loss":0.0,"damage_taken":0.0,"relics_obtained":["GremlinMask"]},{"damage_healed":0.0,"max_hp_gain":0.0,"max_hp_loss":0.0,"gold_gain":0.0,"event_name":"WeMeetAgain","player_choice":"Gave Potion","floor":8.0,"gold_loss":0.0,"damage_taken":0.0,"relics_obtained":["Vajra"]},{"damage_healed":40,"gold_gain":0,"player_choice":"Full Heal","damage_taken":0,"max_hp_gain":0,"max_hp_loss":0,"event_name":"Wheel of Change","floor":22,"gold_loss":0}],"is_beta":true,"boss_relics":[{"not_picked":["Empty Cage","Calling Bell"],"picked":"Tiny House"}],"items_purged_floors":[3,12,29],"is_endless":false,"potions_floor_spawned":[7,16,21],"killed_by":"Collector","ascension_level":0}