{"gold_per_floor":[111,28,28,38,38,72,88,88,88,103,62,62,73,405,405,479,479,496,411,422,39,57,57,89,89,89,117,117,129,129,129],"floor_reached":31,"playtime":1362,"items_purged":["Strike_G"],"score":616,"play_id":"3b3311af-b577-4992-be86-5bbbb4477aae","local_time":"20190112025010","is_ascension_mode":true,"campfire_choices":[{"data":"Neutralize","floor":8.0,"key":"SMITH"},{"data":"Wraith Form v2","floor":12.0,"key":"SMITH"},{"data":"Catalyst","floor":15.0,"key":"SMITH"},{"floor":23,"key":"REST"},{"floor":25,"key":"REST"},{"floor":28,"key":"REST"},{"data":"Deadly Poison","floor":30,"key":"SMITH"}],"neow_cost":"NONE","seed_source_timestamp":0,"circlet_count":0,"master_deck":["AscendersBane","Defend_G","Defend_G","Defend_G","Defend_G","Defend_G","Strike_G","Strike_G","Strike_G","Strike_G","Survivor","Neutralize+1","Cloak And Dagger","Leg Sweep+1","Quick Slash","Deadly Poison+1","Escape Plan+1","Wraith Form v2+1","Catalyst+1","Caltrops","Burst","Prepared+1","Acrobatics"],"special_seed":0,"relics":["Ring of the Snake","NeowsBlessing","Letter Opener","Dodecahedron","Old Coin","Busted Crown","War Paint","Membership Card","Mummified Hand","Question Card","Gremlin Horn","Bag of Preparation"],"potions_floor_usage":[22,27],"damage_taken":[{"damage":0.0,"enemies":"Small Slimes","floor":1.0,"turns":1.0},{"damage":0.0,"enemies":"Cultist","floor":4.0,"turns":1.0},{"damage":0.0,"enemies":"Gremlin Nob","floor":6.0,"turns":1.0},{"damage":0.0,"enemies":"2 Louse","floor":7.0,"turns":3.0},{"damage":0.0,"enemies":"Blue Slaver","floor":10.0,"turns":6.0},{"damage":6.0,"enemies":"3 Louse","floor":13.0,"turns":4.0},{"damage":12.0,"enemies":"3 Sentries","floor":14.0,"turns":8.0},{"damage":29.0,"enemies":"Hexaghost","floor":16.0,"turns":12.0},{"damage":13,"enemies":"Spheric Guardian","floor":18,"turns":7},{"damage":3,"enemies":"Shell Parasite","floor":20,"turns":6},{"damage":7,"enemies":"Snake Plant","floor":22,"turns":4},{"damage":24,"enemies":"Gremlin Leader","floor":24,"turns":7},{"damage":31,"enemies":"Book of Stabbing","floor":27,"turns":6},{"damage":16,"enemies":"Sentry and Sphere","floor":29,"turns":4},{"damage":22,"enemies":"3 Cultists","floor":31,"turns":3}],"seed_played":"699348585275236210","potions_obtained":[{"floor":3.0,"key":"SteroidPotion"},{"floor":3.0,"key":"GamblersBrew"},{"floor":6.0,"key":"EssenceOfSteel"},{"floor":7.0,"key":"Explosive Potion"},{"floor":14.0,"key":"FairyPotion"},{"floor":16.0,"key":"SkillPotion"},{"floor":29,"key":"Energy Potion"}],"is_trial":false,"path_per_floor":["M","$","?","M","$","E","M","R","T","M","$","R","M","E","R","B",null,"M","?","M","$","M","R","E","R","T","E","R","M","R","M"],"character_chosen":"THE_SILENT","items_purchased":["Leg Sweep","Catalyst","Membership Card","Mummified Hand"],"campfire_rested":3,"item_purchase_floors":[2,11,21,21],"current_hp_per_floor":[59,59,59,59,59,59,59,59,59,59,59,59,53,41,41,12,53,40,40,37,37,30,49,25,44,44,13,32,16,16,0],"gold":129,"neow_bonus":"THREE_ENEMY_KILL","is_prod":false,"is_daily":false,"chose_seed":false,"campfire_upgraded":4,"win_rate":0,"timestamp":1547290210,"path_taken":["M","$","?","M","$","E","M","R","T","?","$","R","M","E","R","BOSS","M","?","M","$","M","R","E","R","T","E","R","M","R","M"],"build_version":"2019-01-10","purchased_purges":1,"victory":false,"max_hp_per_floor":[66,66,66,66,66,66,66,66,66,66,66,66,66,66,66,66,66,66,66,66,66,66,66,66,66,66,66,66,66,66,66],"card_choices":[{"not_picked":["Slice","Bane"],"picked":"Cloak And Dagger","floor":1.0},{"not_picked":["Heel Hook","Blade Dance"],"picked":"Quick Slash","floor":4.0},{"not_picked":["Outmaneuver","Poisoned Stab"],"picked":"Deadly Poison","floor":6.0},{"not_picked":["Concentrate","Poisoned Stab"],"picked":"Escape Plan","floor":7.0},{"not_picked":["Backflip","Well Laid Plans"],"picked":"Wraith Form v2","floor":10.0},{"not_picked":["Blur","Dodge and Roll"],"picked":"Caltrops","floor":13.0},{"not_picked":["Sucker Punch","Predator","Skewer"],"picked":"SKIP","floor":14.0},{"not_picked":["Storm of Steel","Tools of the Trade"],"picked":"Burst","floor":16.0},{"not_picked":["Skewer"],"picked":"SKIP","floor":18},{"not_picked":["Reflex"],"picked":"SKIP","floor":20},{"not_picked":[],"picked":"Prepared+1","floor":22},{"not_picked":["All Out Attack"],"picked":"SKIP","floor":24},{"not_picked":["Skewer","Prepared"],"picked":"SKIP","floor":27},{"not_picked":["Dodge and Roll"],"picked":"Acrobatics","floor":29}],"player_experience":1168116,"relics_obtained":[{"floor":6.0,"key":"Letter Opener"},{"floor":9.0,"key":"Dodecahedron"},{"floor":14.0,"key":"Old Coin"},{"floor":24,"key":"Question Card"},{"floor":26,"key":"Gremlin Horn"},{"floor":27,"key":"Bag of Preparation"}],"event_choices":[{"damage_healed":0.0,"max_hp_gain":0.0,"max_hp_loss":0.0,"gold_gain":0.0,"event_name":"Lab","player_choice":"Got Potions","floor":3.0,"gold_loss":0.0,"damage_taken":0.0},{"damage_healed":0,"gold_gain":0,"player_choice":"Obtained Relic","damage_taken":0,"relics_obtained":["War Paint"],"max_hp_gain":0,"max_hp_loss":0,"event_name":"Addict","floor":19,"gold_loss":85}],"is_beta":true,"boss_relics":[{"not_picked":["Fusion Hammer","White Beast Statue"],"picked":"Busted Crown"}],"items_purged_floors":[21],"is_endless":false,"potions_floor_spawned":[6,7,14,16,29],"killed_by":"3 Cultists","ascension_level":20}