{"gold_per_floor":[115,28,46,62,62,93,112,112,112,140,140,8,23,23,23,98,98,113,113],"floor_reached":19,"playtime":918,"items_purged":["Strike_R"],"score":374,"play_id":"9d34e85f-1452-4fec-8978-9f1907b059a4","local_time":"20181101015459","is_ascension_mode":true,"campfire_choices":[{"data":"Bash","floor":11,"key":"SMITH"},{"data":"Evolve","floor":15,"key":"SMITH"}],"neow_cost":"NONE","seed_source_timestamp":3537767048949143,"circlet_count":0,"master_deck":["AscendersBane","Strike_R","Strike_R","Strike_R","Defend_R","Defend_R","Defend_R","Defend_R","Bash+1","Evolve+1","Rampage","Fiend Fire","Clothesline","Metallicize","Shrug It Off","Spot Weakness","Immolate","Headbutt"],"relics":["Burning Blood","Strawberry","Omamori","Question Card","Sozu"],"potions_floor_usage":[6,10,14,14],"damage_taken":[{"damage":5,"enemies":"Small Slimes","floor":1,"turns":3},{"damage":9,"enemies":"Jaw Worm","floor":3,"turns":4},{"damage":8,"enemies":"2 Louse","floor":4,"turns":3},{"damage":32,"enemies":"Gremlin Nob","floor":6,"turns":4},{"damage":5,"enemies":"2 Fungi Beasts","floor":7,"turns":4},{"damage":35,"enemies":"Lagavulin","floor":10,"turns":6},{"damage":9,"enemies":"Large Slime","floor":13,"turns":6},{"damage":5,"enemies":"Gremlin Nob","floor":14,"turns":3},{"damage":34,"enemies":"Hexaghost","floor":16,"turns":8},{"damage":39,"enemies":"Spheric Guardian","floor":18,"turns":6},{"damage":38,"enemies":"Shell Parasite","floor":19,"turns":5}],"seed_played":"-2945787834235537375","potions_obtained":[{"floor":1,"key":"GamblersBrew"},{"floor":6,"key":"BloodPotion"},{"floor":10,"key":"Regen Potion"},{"floor":13,"key":"SmokeBomb"},{"floor":16,"key":"Ancient Potion"}],"is_trial":false,"path_per_floor":["M","$","M","M","?","E","M","?","T","E","R","$","M","E","R","B",null,"M","M"],"character_chosen":"IRONCLAD","items_purchased":["Rampage","Shrug It Off"],"campfire_rested":0,"item_purchase_floors":[2,12],"current_hp_per_floor":[69,69,66,64,69,50,51,51,51,30,30,30,27,37,37,9,68,35,0],"gold":113,"neow_bonus":"REMOVE_CARD","is_prod":false,"is_daily":false,"chose_seed":false,"campfire_upgraded":2,"win_rate":0,"timestamp":1541062499,"path_taken":["M","$","M","M","?","E","M","?","T","E","R","?","M","E","R","BOSS","M","M"],"build_version":"2018-10-31v2","purchased_purges":1,"victory":false,"max_hp_per_floor":[75,75,75,75,80,87,87,87,87,87,87,87,87,87,87,87,87,87,87],"card_choices":[{"not_picked":["Sword Boomerang","Second Wind"],"picked":"Evolve","floor":1},{"not_picked":["Rupture","Clash","Sword Boomerang"],"picked":"SKIP","floor":3},{"not_picked":["Thunderclap","Perfected Strike","Havoc"],"picked":"SKIP","floor":4},{"not_picked":["Flex","Wild Strike"],"picked":"Fiend Fire","floor":6},{"not_picked":["Heavy Blade","Shrug It Off"],"picked":"Clothesline","floor":7},{"not_picked":["Feel No Pain","Corruption"],"picked":"Metallicize","floor":10},{"not_picked":["Whirlwind","True Grit","Havoc"],"picked":"Spot Weakness","floor":13},{"not_picked":["Bludgeon","Offering","Brutality"],"picked":"Immolate","floor":16},{"not_picked":["Warcry","Corruption","Body Slam+1"],"picked":"Headbutt","floor":18}],"player_experience":1021854,"relics_obtained":[{"floor":6,"key":"Strawberry"},{"floor":9,"key":"Omamori"},{"floor":10,"key":"Question Card"}],"event_choices":[{"damage_healed":0,"gold_gain":0,"player_choice":"Donut","damage_taken":0,"max_hp_gain":5,"max_hp_loss":0,"event_name":"Big Fish","floor":5,"gold_loss":0},{"damage_healed":0,"gold_gain":0,"player_choice":"Ignored","damage_taken":0,"max_hp_gain":0,"max_hp_loss":0,"event_name":"Shining Light","floor":8,"gold_loss":0}],"is_beta":true,"boss_relics":[{"not_picked":["Runic Cube","Philosopher\u0027s Stone"],"picked":"Sozu"}],"items_purged_floors":[12],"is_endless":false,"potions_floor_spawned":[1,6,10,13,16],"killed_by":"Shell Parasite","ascension_level":20}