{"gold_per_floor":[111,124,139,239,254,279,296,311,311,336,366,18,47,59,59,157,157,175,190,5,5,15,48,48,80,80,80,92,110,138,154,154,258,258,275,292,302,322,335,365,109,120,146,177,177,177,203,213,213,213,213,213,26,59,59],"floor_reached":56,"playtime":5792,"items_purged":["hubris:Greed","Defend_B","Hallucinations"],"score":1533,"play_id":"470fa019-7ef3-4fd1-8bbc-3809523451fa","local_time":"20190531201626","is_ascension_mode":true,"campfire_choices":[{"floor":15.0,"key":"REST"},{"data":"hubris:DoWhile","floor":24.0,"key":"SMITH"},{"data":"conspire:Banana","floor":27.0,"key":"SMITH"},{"floor":46.0,"key":"RECALL"},{"data":"Decay","floor":49.0,"key":"PURGE"},{"data":"Hologram","floor":52.0,"key":"SMITH"}],"neow_cost":"NONE","seed_source_timestamp":0,"circlet_count":0,"master_deck":["Genetic Algorithm+2","Gash","Gash","Gash","Gash","Gash","Defend_B","Defend_B","Defend_B","Defend_B","Madness","hubris:DoWhile+1","Clawfect:ClawingBeam","Steam Power","Coolheaded","Clawfect:ClawForOne","Madness","Leap","Leap","Static Discharge+1","Clawfect:ClawLightning","conspire:SharedLibrary+1","Machine Learning+1","conspire:Banana+1","Panic Button+1","Conserve Battery","Steam Power+1","ReplaySort","Echo Form+1","Machine Learning+1","Clawfect:ClawCell+1","Clawfect:Clawrage+1","Clawfect:ClawSnap","Storm+1","Echo Form+1","conspire:SharedLibrary+1","Skim","Hologram+1","Panache+1"],"special_seed":0,"relics":["Cursed Key","Replay:Mystery Machine","Onion Ring","Frozen Egg 2","Boot","ReplayTheSpireMod:TigerMarble","Eternal Feather","Ninja Scroll","Happy Flower","Bird Faced Urn","Centennial Puzzle","Black Star","hubris:TenFootPole","conspire:GiftBox","halation:LettersToHer","Darkstone Periapt","Mirror","hubris:SlimyHat","The Courier","ReplayTheSpireMod:Lightbulb","conspire:Flyswatter"],"potions_floor_usage":[55,55],"damage_taken":[{"damage":5.0,"enemies":"Small Slimes","floor":1.0,"turns":4.0},{"damage":0.0,"enemies":"Cultist","floor":2.0,"turns":4.0},{"damage":1.0,"enemies":"conspire:RoseBush","floor":3.0,"turns":3.0},{"damage":2.0,"enemies":"Blue Slaver","floor":5.0,"turns":3.0},{"damage":1.0,"enemies":"3 Sentries","floor":6.0,"turns":6.0},{"damage":0.0,"enemies":"3 Louse","floor":7.0,"turns":3.0},{"damage":11.0,"enemies":"Exordium Thugs","floor":8.0,"turns":5.0},{"damage":11.0,"enemies":"Lots of Slimes","floor":10.0,"turns":4.0},{"damage":7.0,"enemies":"Erikyupuro","floor":11.0,"turns":4.0},{"damage":4.0,"enemies":"Gremlin Nob","floor":13.0,"turns":3.0},{"damage":0.0,"enemies":"2 Fungi Beasts","floor":14.0,"turns":2.0},{"damage":0.0,"enemies":"Slime Boss","floor":16.0,"turns":5.0},{"damage":0.0,"enemies":"theJungle:GiantWrat","floor":18.0,"turns":4.0},{"damage":9.0,"enemies":"theJungle:MUSHROOMGANG","floor":19.0,"turns":3.0},{"damage":10.0,"enemies":"JungleHuntersEvent","floor":21.0,"turns":4.0},{"damage":0.0,"enemies":"Snake Plant","floor":22.0,"turns":3.0},{"damage":0.0,"enemies":"theJungle:MamaSnecko","floor":23.0,"turns":3.0},{"damage":0.0,"enemies":"theJungle:Cassacara","floor":25.0,"turns":5.0},{"damage":0.0,"enemies":"theJungle:Lyon","floor":28.0,"turns":3.0},{"damage":5.0,"enemies":"theJungle:2_Snecko_Cultists","floor":29.0,"turns":4.0},{"damage":10.0,"enemies":"theJungle:2_Phrogs","floor":30.0,"turns":4.0},{"damage":9.0,"enemies":"theJungle:JungleHuntersEncounter","floor":31.0,"turns":4.0},{"damage":25.0,"enemies":"theJungle:FunGuy","floor":33.0,"turns":6.0},{"damage":11.0,"enemies":"Orb Walker","floor":35.0,"turns":4.0},{"damage":8.0,"enemies":"3 Darklings","floor":36.0,"turns":4.0},{"damage":0.0,"enemies":"Maw","floor":37.0,"turns":3.0},{"damage":6.0,"enemies":"Writhing Mass","floor":38.0,"turns":5.0},{"damage":0.0,"enemies":"Jaw Worm Horde","floor":39.0,"turns":3.0},{"damage":42.0,"enemies":"Nemesis","floor":40.0,"turns":4.0},{"damage":36.0,"enemies":"Maw","floor":42.0,"turns":5.0},{"damage":0.0,"enemies":"Giant Head","floor":44.0,"turns":5.0},{"damage":9.0,"enemies":"Reptomancer","floor":47.0,"turns":3.0},{"damage":8.0,"enemies":"Spire Growth","floor":48.0,"turns":4.0},{"damage":67.0,"enemies":"conspire:OrnateMirror","floor":50.0,"turns":5.0},{"damage":60.0,"enemies":"Shield and Spear","floor":54.0,"turns":5.0},{"damage":34,"enemies":"The Heart","floor":55,"turns":7}],"seed_played":"-6468540640461674283","potions_obtained":[{"floor":1.0,"key":"LifebloodPotion"},{"floor":5.0,"key":"Cursed Concoction"},{"floor":8.0,"key":"Dexterity Potion"},{"floor":10.0,"key":"SkillPotion"},{"floor":13.0,"key":"FearPotion"},{"floor":21.0,"key":"Swift Potion"},{"floor":28.0,"key":"SmokeBomb"},{"floor":33.0,"key":"Swift Potion"},{"floor":38.0,"key":"Fire Potion"},{"floor":48.0,"key":"SteroidPotion"}],"is_trial":false,"path_per_floor":["M","M","M","?","M","E","M","M","T","M","E","$","E","M","R","B",null,"M","M","$","?","M","E","R","E","T","R","M","M","E","M","R","B",null,"M","M","M","M","M","E","$","M","T","E","?","R","E","M","R","B",null,"R","$","E","B",null],"character_chosen":"DEFECT","items_purchased":["Boot","Leap","Static Discharge+1","conspire:Banana","Skim","Hologram","Panache+1","Adrenaline Potion"],"campfire_rested":1,"item_purchase_floors":[12,12,12,20,41,41,53,53],"current_hp_per_floor":[70,70,69,69,67,66,66,55,55,44,37,37,33,33,55,55,75,75,66,66,57,58,59,74,75,75,79,81,82,77,76,87,70,91,88,87,95,99,101,65,65,45,45,67,67,88,85,89,110,62,117,117,117,71,57],"gold":59,"neow_bonus":"BOSS_RELIC","is_prod":false,"is_daily":false,"chose_seed":false,"campfire_upgraded":3,"win_rate":0,"timestamp":1559358986,"path_taken":["M","M","M","?","M","E","M","M","T","M","E","$","E","M","R","BOSS","M","M","?","?","M","E","R","E","T","R","M","M","E","M","R","BOSS","M","M","M","M","M","E","$","M","T","E","?","R","E","M","R","BOSS","R","$","E","BOSS"],"build_version":"2019-01-23","purchased_purges":3,"victory":true,"max_hp_per_floor":[75,75,75,75,75,75,75,75,75,75,75,75,75,75,75,75,75,75,75,75,76,77,78,78,79,79,79,81,83,85,87,87,91,91,93,95,97,99,101,103,103,107,107,111,111,111,111,113,113,117,117,117,117,119,121],"card_choices":[{"not_picked":["Steam","Time Bomb"],"picked":"FTL","floor":1.0},{"not_picked":["Clawfect:ClawCell","Clawfect:Clawrage"],"picked":"hubris:DoWhile","floor":2.0},{"not_picked":["Aggregate","Coolheaded"],"picked":"Clawfect:ClawingBeam","floor":3.0},{"not_picked":["Recycle","Clawfect:Clawline","Darkness"],"picked":"SKIP","floor":5.0},{"not_picked":["Clawfect:ScrapingClaw","Clawfect:ClawCell"],"picked":"Steam Power","floor":6.0},{"not_picked":["conspire:SharedLibrary","BasicCrystalCard"],"picked":"Coolheaded","floor":7.0},{"not_picked":["Clawfect:ClawpileDriver","Clawfect:ClawForTheEyes","Steam"],"picked":"SKIP","floor":8.0},{"not_picked":["Clawfect:ScrapingClaw","BootSequence"],"picked":"Clawfect:ClawForOne","floor":10.0},{"not_picked":["Coolheaded","BasicCrystalCard"],"picked":"FTL","floor":11.0},{"not_picked":["ReplayTheSpireMod:Reroute Power","Clawfect:ClawingBeam"],"picked":"Clawfect:ClawLightning","floor":13.0},{"not_picked":["Conserve Battery","Leap"],"picked":"conspire:SharedLibrary+1","floor":14.0},{"not_picked":["ReplayTheSpireMod:Fabricate Wheel","Amplify"],"picked":"Machine Learning+1","floor":16.0},{"not_picked":["Clawfect:Clawter","Clawfect:ClawForTheEyes","Turbo"],"picked":"SKIP","floor":18.0},{"not_picked":["Clawfect:ClawLightning","ReplayTheSpireMod:Reroute Power","conspire:Rain+1"],"picked":"SKIP","floor":19.0},{"not_picked":["FTL","Clawfect:ClawpileDriver"],"picked":"Panic Button+1","floor":21.0},{"not_picked":["BasicCrystalCard","Loop+1"],"picked":"Conserve Battery","floor":22.0},{"not_picked":["conspire:SharedLibrary+1","Recycle","Mirror Shield"],"picked":"SKIP","floor":23.0},{"not_picked":["Clawfect:ClawingBeam","White Noise","Redo"],"picked":"SKIP","floor":25.0},{"not_picked":["FTL","Gash"],"picked":"Steam Power+1","floor":28.0},{"not_picked":["Clawfect:ClawAndGloom","Clawfect:Clawter","Consume"],"picked":"SKIP","floor":29.0},{"not_picked":["Redo","Panic Button"],"picked":"ReplaySort","floor":30.0},{"not_picked":["Clawfect:Clawter+1","Clawfect:ClawingBeam+1"],"picked":"Echo Form+1","floor":31.0},{"not_picked":["hubris:DoWhile","hubris:Prefetch"],"picked":"Machine Learning+1","floor":33.0},{"not_picked":["hubris:Ukulele","conspire:Rain"],"picked":"Clawfect:ClawCell+1","floor":35.0},{"not_picked":["Clawfect:Clawter","hubris:PowerSurge+1"],"picked":"Clawfect:Clawrage+1","floor":36.0},{"not_picked":["Crystallizer+1","Rebound+1"],"picked":"Clawfect:ClawSnap","floor":37.0},{"not_picked":["Auto Shields","FTL","Clawfect:Clawrage"],"picked":"SKIP","floor":38.0},{"not_picked":["Panic Button+1","Steam"],"picked":"Storm+1","floor":39.0},{"not_picked":["hubris:Prefetch","Hyperbeam"],"picked":"Echo Form+1","floor":40.0},{"not_picked":["Blizzard","Fission"],"picked":"conspire:SharedLibrary+1","floor":40.0},{"not_picked":["Stack+1","Clawfect:Clawrage","Panic Button"],"picked":"SKIP","floor":42.0},{"not_picked":["Clawfect:ClawSnap+1","Redo+1","ReplayRNGCard"],"picked":"SKIP","floor":44.0},{"not_picked":["Clawfect:Clawrage","conspire:Rain","Stack"],"picked":"SKIP","floor":47.0},{"not_picked":["hubris:Ukulele","Clawfect:ClawingBeam","Clawfect:Clawline+1"],"picked":"SKIP","floor":48.0},{"not_picked":["Clawfect:ClawingBeam","ReplayTheSpireMod:System Scan","ReplayTheSpireMod:Calculation Training+1"],"picked":"SKIP","floor":54.0}],"player_experience":1252723,"relics_obtained":[{"floor":6.0,"key":"Replay:Mystery Machine"},{"floor":9.0,"key":"Onion Ring"},{"floor":11.0,"key":"Frozen Egg 2"},{"floor":13.0,"key":"ReplayTheSpireMod:TigerMarble"},{"floor":21.0,"key":"Ninja Scroll"},{"floor":23.0,"key":"Happy Flower"},{"floor":25.0,"key":"Bird Faced Urn"},{"floor":30.0,"key":"Centennial Puzzle"},{"floor":40.0,"key":"hubris:TenFootPole"},{"floor":40.0,"key":"conspire:GiftBox"},{"floor":43.0,"key":"halation:LettersToHer"},{"floor":44.0,"key":"Darkstone Periapt"},{"floor":44.0,"key":"Mirror"},{"floor":47.0,"key":"hubris:SlimyHat"},{"floor":47.0,"key":"The Courier"},{"floor":54.0,"key":"ReplayTheSpireMod:Lightbulb"},{"floor":54.0,"key":"conspire:Flyswatter"}],"event_choices":[{"damage_healed":0.0,"max_hp_gain":0.0,"max_hp_loss":0.0,"gold_gain":100.0,"event_name":"Wheel of Change","player_choice":"Gold","floor":4.0,"gold_loss":0.0,"damage_taken":0.0}],"is_beta":false,"boss_relics":[{"not_picked":["Replay:Fungal Core","Replay:Wanted Poster"],"picked":"Eternal Feather"},{"not_picked":["halation:Yufonium","Ring of Chaos"],"picked":"Black Star"}],"items_purged_floors":[12,20,41],"is_endless":false,"potions_floor_spawned":[1,5,8,10,13,18,21,22,28,33,38,40,48],"ascension_level":1}