{"gold_per_floor":[117,134,134,147,15,15,50,69,69,27,27,56,56,26,26,99,99,110,8,8,24,0,0,11,23,23,23,23,23,34,50,50,127,127,146,146,146],"floor_reached":37,"playtime":1755,"items_purged":["Strike_R"],"score":758,"play_id":"dca82ac0-86da-45fb-b707-3466d3a8c183","local_time":"20190321180422","is_ascension_mode":true,"campfire_choices":[{"data":"Bash","floor":6,"key":"SMITH"},{"floor":11,"key":"REST"},{"floor":13,"key":"REST"},{"floor":15,"key":"REST"},{"data":"Corruption","floor":23,"key":"SMITH"},{"data":"Armaments","floor":29,"key":"SMITH"},{"data":"Shrug It Off","floor":32,"key":"SMITH"}],"neow_cost":"NONE","seed_source_timestamp":362937982213754,"circlet_count":0,"master_deck":["AscendersBane","Strike_R+1","Strike_R+1","Strike_R+1","Defend_R+1","Defend_R+1","Defend_R+1","Defend_R+1","Bash+1","Metallicize","Spot Weakness","Shrug It Off+1","Twin Strike","Shrug It Off","Inflame","Anger","Limit Break","Headbutt","Shrug It Off","Corruption+1","Cleave","Shockwave+1","Armaments+1","Doubt","Ghostly","Ghostly","Ghostly","Feel No Pain","Uppercut","Juggernaut"],"relics":["Black Blood","Vajra","Bottled Lightning","Thread and Needle","Cursed Key","Letter Opener"],"potions_floor_usage":[7,12,16,25,33,37,37],"damage_taken":[{"damage":9,"enemies":"2 Louse","floor":1,"turns":3},{"damage":1,"enemies":"Cultist","floor":2,"turns":3},{"damage":16,"enemies":"Jaw Worm","floor":4,"turns":6},{"damage":48,"enemies":"3 Sentries","floor":7,"turns":12},{"damage":6,"enemies":"Looter","floor":8,"turns":3},{"damage":26,"enemies":"Gremlin Nob","floor":12,"turns":4},{"damage":5,"enemies":"Exordium Thugs","floor":14,"turns":4},{"damage":56,"enemies":"Hexaghost","floor":16,"turns":10},{"damage":10,"enemies":"Chosen","floor":18,"turns":5},{"damage":1,"enemies":"Shell Parasite","floor":21,"turns":4},{"damage":12,"enemies":"Snake Plant","floor":24,"turns":3},{"damage":8,"enemies":"3 Cultists","floor":25,"turns":4},{"damage":0,"enemies":"Centurion and Healer","floor":30,"turns":6},{"damage":15,"enemies":"Sentry and Sphere","floor":31,"turns":7},{"damage":14,"enemies":"Champ","floor":33,"turns":9},{"damage":10,"enemies":"3 Shapes","floor":35,"turns":6},{"damage":51,"enemies":"Donu and Deca","floor":37,"turns":6}],"seed_played":"-343988689963466613","potions_obtained":[{"floor":0,"key":"Swift Potion"},{"floor":0,"key":"Energy Potion"},{"floor":4,"key":"Fire Potion"},{"floor":8,"key":"Fire Potion"},{"floor":21,"key":"PowerPotion"},{"floor":30,"key":"SpeedPotion"},{"floor":31,"key":"SteroidPotion"},{"floor":35,"key":"Ancient Potion"}],"is_trial":false,"path_per_floor":["M","M","?","M","$","R","E","M","T","?","R","E","R","M","R","B",null,"M","$","?","M","?","R","M","M","T","$","?","R","M","M","R","B",null,"M","?","B"],"character_chosen":"IRONCLAD","items_purchased":["Shrug It Off","Shrug It Off","Corruption"],"campfire_rested":3,"item_purchase_floors":[5,19,19],"current_hp_per_floor":[65,70,70,60,60,60,18,18,18,18,40,20,42,43,65,15,60,56,56,56,61,61,61,55,53,53,53,37,37,37,28,28,20,33,33,33,0],"gold":146,"neow_bonus":"THREE_SMALL_POTIONS","is_prod":false,"is_daily":false,"chose_seed":false,"campfire_upgraded":4,"win_rate":0,"timestamp":1553187862,"path_taken":["M","M","?","?","?","R","E","M","T","?","R","E","R","M","R","BOSS","M","$","?","M","?","R","M","?","T","?","?","R","M","M","R","BOSS","M","?","BOSS"],"build_version":"2019-03-15","purchased_purges":1,"victory":false,"max_hp_per_floor":[75,75,75,75,75,75,75,75,75,75,75,75,75,75,75,75,75,75,75,75,75,75,75,75,75,75,75,37,37,37,37,37,37,37,37,37,37],"card_choices":[{"not_picked":["Second Wind","Feel No Pain","Warcry"],"picked":"SKIP","floor":1},{"not_picked":["Rupture","Sever Soul"],"picked":"Metallicize","floor":2},{"not_picked":["Body Slam","Warcry"],"picked":"Spot Weakness","floor":4},{"not_picked":["Thunderclap","Cleave"],"picked":"Twin Strike","floor":7},{"not_picked":["Havoc","Twin Strike"],"picked":"Shrug It Off","floor":8},{"not_picked":["Intimidate","Wild Strike"],"picked":"Inflame","floor":12},{"not_picked":["Shrug It Off","Evolve"],"picked":"Anger","floor":14},{"not_picked":["Demon Form","Berserk"],"picked":"Limit Break","floor":16},{"not_picked":["Flex","Anger"],"picked":"Headbutt","floor":18},{"not_picked":["Flex","Anger"],"picked":"Cleave","floor":21},{"not_picked":["Armaments","True Grit"],"picked":"Shockwave+1","floor":24},{"not_picked":["Searing Blow","Reckless Charge"],"picked":"Armaments","floor":25},{"not_picked":["Flame Barrier","Rage"],"picked":"Feel No Pain","floor":30},{"not_picked":["Feel No Pain","Entrench"],"picked":"Uppercut","floor":31},{"not_picked":["Berserk","Reaper"],"picked":"Juggernaut","floor":33},{"not_picked":["Sword Boomerang+1","Dual Wield","Headbutt"],"picked":"SKIP","floor":35}],"player_experience":369616,"relics_obtained":[{"floor":7,"key":"Vajra"},{"floor":9,"key":"Bottled Lightning"},{"floor":12,"key":"Thread and Needle"},{"floor":26,"key":"Letter Opener"}],"event_choices":[{"cards_removed":["Strike_R"],"damage_healed":0,"gold_gain":0,"player_choice":"Offered Basic","damage_taken":0,"max_hp_gain":0,"max_hp_loss":0,"event_name":"Bonfire Elementals","floor":3,"gold_loss":0},{"damage_healed":0,"gold_gain":0,"player_choice":"Left Gold","damage_taken":0,"max_hp_gain":0,"max_hp_loss":0,"event_name":"World of Goop","floor":10,"gold_loss":42},{"damage_healed":0,"gold_gain":0,"player_choice":"Simplicity","damage_taken":0,"max_hp_gain":0,"max_hp_loss":0,"event_name":"Back to Basics","floor":20,"gold_loss":0,"cards_upgraded":["Strike_R","Strike_R","Strike_R","Defend_R","Defend_R","Defend_R","Defend_R"]},{"damage_healed":0,"gold_gain":0,"player_choice":"Paid Fearfully","damage_taken":0,"max_hp_gain":0,"max_hp_loss":0,"event_name":"Masked Bandits","floor":22,"gold_loss":24},{"damage_healed":0,"gold_gain":0,"player_choice":"Became a Ghost","damage_taken":0,"max_hp_gain":0,"max_hp_loss":38,"event_name":"Ghosts","floor":28,"gold_loss":0,"cards_obtained":["Ghostly","Ghostly","Ghostly"]},{"damage_healed":0,"gold_gain":0,"player_choice":"Took Portal","damage_taken":0,"max_hp_gain":0,"max_hp_loss":0,"event_name":"SecretPortal","floor":36,"gold_loss":0}],"is_beta":true,"boss_relics":[{"not_picked":["Runic Pyramid","Lizard Tail"],"picked":"Cursed Key"},{"not_picked":["Coffee Dripper","Snecko Eye"],"picked":"Black Blood"}],"items_purged_floors":[5],"is_endless":false,"potions_floor_spawned":[1,4,8,21,30,31,35],"killed_by":"Donu and Deca","ascension_level":20}