{"gold_per_floor":[111,7,7,7,22,22,35,35,35,35,59,59,98,114,114,212,212,230,145,184,199,199,199,199],"floor_reached":24,"playtime":1107,"items_purged":["Strike_B"],"score":388,"play_id":"610dee15-e008-4a25-94cf-403ed8183b24","local_time":"20190818030213","is_ascension_mode":true,"campfire_choices":[{"data":"Dualcast","floor":6.0,"key":"SMITH"},{"data":"Defragment","floor":8.0,"key":"SMITH"},{"data":"Zap","floor":10.0,"key":"SMITH"},{"data":"Redo","floor":15.0,"key":"SMITH"},{"data":"Rainbow","floor":23,"key":"SMITH"}],"neow_cost":"NONE","seed_source_timestamp":4759681157178300,"circlet_count":0,"master_deck":["AscendersBane","Strike_B","Strike_B","Strike_B+1","Defend_B","Defend_B","Defend_B","Defend_B","Zap+1","Dualcast+1","Gash","Coolheaded+1","Turbo","Defragment+1","Glacier","Tempest+1","Doom and Gloom","Redo+1","Rainbow+1","Reinforced Body","Darkness","Blizzard"],"special_seed":0,"relics":["Cracked Core","Golden Idol","The Courier","Thread and Needle","Sozu","Calipers","Red Mask","Question Card"],"potions_floor_usage":[20],"damage_taken":[{"damage":7.0,"enemies":"Jaw Worm","floor":1.0,"turns":3.0},{"damage":0.0,"enemies":"2 Louse","floor":5.0,"turns":3.0},{"damage":11.0,"enemies":"Small Slimes","floor":7.0,"turns":3.0},{"damage":6.0,"enemies":"3 Louse","floor":11.0,"turns":4.0},{"damage":5.0,"enemies":"3 Sentries","floor":13.0,"turns":9.0},{"damage":0.0,"enemies":"2 Fungi Beasts","floor":14.0,"turns":3.0},{"damage":7.0,"enemies":"Hexaghost","floor":16.0,"turns":8.0},{"damage":0.0,"enemies":"Spheric Guardian","floor":18.0,"turns":3.0},{"damage":5,"enemies":"Masked Bandits","floor":20,"turns":3},{"damage":0,"enemies":"3 Byrds","floor":21,"turns":3},{"damage":45,"enemies":"Gremlin Leader","floor":24,"turns":7}],"seed_played":"-7505526998886040521","potions_obtained":[{"floor":7.0,"key":"FearPotion"},{"floor":11.0,"key":"PowerPotion"},{"floor":13.0,"key":"SpeedPotion"}],"is_trial":false,"path_per_floor":["M","$","?","?","M","R","M","R","T","R","M","?","E","M","R","B",null,"M","?","?","M","?","R","E"],"character_chosen":"DEFECT","items_purchased":["Turbo"],"campfire_rested":0,"item_purchase_floors":[2],"current_hp_per_floor":[57,57,57,38,38,38,27,27,27,27,21,21,16,16,16,9,50,50,50,45,45,45,45,0],"gold":199,"neow_bonus":"THREE_CARDS","is_prod":false,"is_daily":false,"chose_seed":false,"campfire_upgraded":5,"win_rate":0,"timestamp":1566122533,"path_taken":["M","$","?","?","M","R","M","R","T","R","M","?","E","M","R","BOSS","M","?","?","M","?","R","E"],"build_version":"2019-08-15","purchased_purges":1,"victory":false,"max_hp_per_floor":[71,71,64,64,64,64,64,64,64,64,64,64,64,64,64,64,64,64,64,64,64,64,64,64],"card_choices":[{"not_picked":["Redo","Steam"],"picked":"Gash","floor":0.0},{"not_picked":["Steam","Conserve Battery"],"picked":"Coolheaded","floor":1.0},{"not_picked":["Leap","Heatsinks"],"picked":"Defragment","floor":5.0},{"not_picked":["Scrape","Doom and Gloom"],"picked":"Glacier","floor":7.0},{"not_picked":["Steam","Lockon"],"picked":"Tempest","floor":11.0},{"not_picked":["Scrape","Static Discharge"],"picked":"Doom and Gloom","floor":13.0},{"not_picked":["Rebound","Conserve Battery"],"picked":"Redo","floor":14.0},{"not_picked":["Creative AI","Electrodynamics"],"picked":"Rainbow","floor":16.0},{"not_picked":["Redo","Storm"],"picked":"Reinforced Body","floor":18.0},{"not_picked":["Conserve Battery","White Noise"],"picked":"Darkness","floor":20},{"not_picked":["Steam Power","Rebound"],"picked":"Blizzard","floor":21}],"player_experience":3559136,"relics_obtained":[{"floor":9.0,"key":"The Courier"},{"floor":13.0,"key":"Thread and Needle"},{"floor":20,"key":"Red Mask"}],"event_choices":[{"damage_healed":0.0,"max_hp_gain":0.0,"max_hp_loss":7.0,"gold_gain":0.0,"event_name":"Golden Idol","player_choice":"Lose Max HP","floor":3.0,"gold_loss":0.0,"damage_taken":0.0,"relics_obtained":["Golden Idol"]},{"damage_healed":0.0,"max_hp_gain":0.0,"max_hp_loss":0.0,"gold_gain":0.0,"event_name":"Shining Light","player_choice":"Entered Light","floor":4.0,"gold_loss":0.0,"damage_taken":19.0,"cards_upgraded":["Strike_B","Coolheaded"]},{"damage_healed":0.0,"max_hp_gain":0.0,"max_hp_loss":0.0,"gold_gain":0.0,"event_name":"Living Wall","player_choice":"Grow","floor":12.0,"gold_loss":0.0,"damage_taken":0.0,"cards_upgraded":["Tempest"]},{"damage_healed":0.0,"max_hp_gain":0.0,"max_hp_loss":0.0,"gold_gain":0.0,"event_name":"Addict","player_choice":"Obtained Relic","floor":19.0,"gold_loss":85.0,"damage_taken":0.0,"relics_obtained":["Calipers"]},{"damage_healed":0,"gold_gain":0,"player_choice":"Fought Bandits","damage_taken":0,"max_hp_gain":0,"max_hp_loss":0,"event_name":"Masked Bandits","floor":20,"gold_loss":0},{"damage_healed":0,"gold_gain":0,"player_choice":"Gave Potion","damage_taken":0,"relics_obtained":["Question Card"],"max_hp_gain":0,"max_hp_loss":0,"event_name":"WeMeetAgain","floor":22,"gold_loss":0}],"is_beta":true,"boss_relics":[{"not_picked":["Pandora\u0027s Box","Runic Dome"],"picked":"Sozu"}],"items_purged_floors":[2],"is_endless":false,"potions_floor_spawned":[7,11,13,16,18,20],"killed_by":"Gremlin Leader","ascension_level":20}