{"gold_per_floor":[111,130,130,90,90,115,115,115,141,160,171,171,198,213,213,290,290,304,324,324,337,5,5,5,5,30,56,74,74,74,74,74,151,151,168,187,94,194,194,213,213,0,0,15,62,62,97,97,97,97,97],"floor_reached":52,"playtime":3116,"items_purged":["Strike_R"],"score":1787,"play_id":"7616e2ac-c2b3-44c5-a721-27fe98cd40bd","local_time":"20190110230924","is_ascension_mode":true,"campfire_choices":[{"data":"Pommel Strike","floor":8.0,"key":"SMITH"},{"data":"Double Tap","floor":12.0,"key":"SMITH"},{"floor":15.0,"key":"REST"},{"data":"Immolate","floor":23,"key":"SMITH"},{"floor":25,"key":"REST"},{"data":"Evolve","floor":30,"key":"SMITH"},{"floor":32,"key":"REST"},{"data":"True Grit","floor":41,"key":"SMITH"},{"floor":46,"key":"REST"},{"data":"Corruption","floor":49,"key":"SMITH"}],"neow_cost":"NONE","seed_source_timestamp":0,"circlet_count":0,"master_deck":["AscendersBane","Strike_R+1","Strike_R+1","Strike_R+1","Defend_R+1","Defend_R+1","Defend_R+1","Defend_R+1","Bash+1","Headbutt","Armaments+1","Combust","Pommel Strike+1","Double Tap+1","Feel No Pain","Shrug It Off+1","Shockwave","Immolate+1","Havoc+1","Evolve+1","Metallicize","Disarm+1","Immolate","Whirlwind+1","True Grit+1","Corruption+1","Feel No Pain+1","Battle Trance","Fiend Fire"],"special_seed":0,"relics":["Burning Blood","Omamori","Potion Belt","Bird Faced Urn","Velvet Choker","War Paint","Oddly Smooth Stone","Lantern","Whetstone","Necronomicon","Runic Pyramid","Shovel","Red Mask","Blue Candle","Dead Branch","Bag of Preparation"],"potions_floor_usage":[21,51],"damage_taken":[{"damage":6.0,"enemies":"2 Louse","floor":1.0,"turns":4.0},{"damage":7.0,"enemies":"Small Slimes","floor":2.0,"turns":3.0},{"damage":38.0,"enemies":"Lagavulin","floor":6.0,"turns":8.0},{"damage":2.0,"enemies":"Jaw Worm","floor":10.0,"turns":4.0},{"damage":6.0,"enemies":"Blue Slaver","floor":11.0,"turns":4.0},{"damage":32.0,"enemies":"Gremlin Nob","floor":13.0,"turns":4.0},{"damage":11.0,"enemies":"Large Slime","floor":14.0,"turns":4.0},{"damage":34.0,"enemies":"Slime Boss","floor":16.0,"turns":11.0},{"damage":1.0,"enemies":"3 Byrds","floor":18.0,"turns":3.0},{"damage":19,"enemies":"Shell Parasite","floor":19,"turns":7},{"damage":20,"enemies":"Snake Plant","floor":21,"turns":3},{"damage":32,"enemies":"Slavers","floor":27,"turns":4},{"damage":11,"enemies":"Snecko","floor":28,"turns":5},{"damage":44,"enemies":"Collector","floor":33,"turns":7},{"damage":0,"enemies":"3 Shapes","floor":35,"turns":1},{"damage":8,"enemies":"Orb Walker","floor":36,"turns":2},{"damage":13,"enemies":"Mind Bloom Boss Battle","floor":38,"turns":5},{"damage":1,"enemies":"3 Darklings","floor":40,"turns":2},{"damage":19,"enemies":"Writhing Mass","floor":44,"turns":3},{"damage":28,"enemies":"2 Orb Walkers","floor":45,"turns":4},{"damage":0,"enemies":"Nemesis","floor":47,"turns":5},{"damage":41,"enemies":"Donu and Deca","floor":50,"turns":7},{"damage":25,"enemies":"Awakened One","floor":51,"turns":7}],"seed_played":"7024430425434494300","potions_obtained":[{"floor":2.0,"key":"Ancient Potion"},{"floor":10.0,"key":"LiquidBronze"},{"floor":13.0,"key":"GamblersBrew"},{"floor":14.0,"key":"Weak Potion"},{"floor":19,"key":"SpeedPotion"},{"floor":27,"key":"Weak Potion"},{"floor":40,"key":"Strength Potion"}],"is_trial":false,"path_per_floor":["M","M","?","$","?","E","?","R","T","M","M","R","E","M","R","B",null,"M","M","?","M","$","R","?","R","T","E","M","?","R","?","R","B",null,"M","M","$","?","?","M","R","?","T","M","?","R","E","$","R","B","B",null],"character_chosen":"IRONCLAD","items_purchased":["Combust","Oddly Smooth Stone","Metallicize","True Grit","Corruption"],"campfire_rested":4,"item_purchase_floors":[4,22,22,37,37],"current_hp_per_floor":[68,67,67,67,60,28,53,53,53,57,57,57,31,28,50,26,63,68,59,59,47,47,47,47,69,69,51,54,33,33,33,55,25,63,69,69,69,70,60,69,69,69,69,64,48,70,75,75,75,52,45],"gold":97,"neow_bonus":"UPGRADE_CARD","is_prod":false,"is_daily":false,"chose_seed":false,"campfire_upgraded":6,"win_rate":0,"timestamp":1547190564,"path_taken":["M","M","?","$","?","E","?","R","T","?","M","R","E","M","R","BOSS","M","M","?","M","$","R","?","R","T","E","M","?","R","?","R","BOSS","M","M","$","?","?","?","R","?","T","M","?","R","E","?","R","BOSS","BOSS"],"build_version":"2019-01-10","purchased_purges":1,"victory":true,"max_hp_per_floor":[75,75,75,75,75,75,75,75,75,75,75,75,75,75,75,75,75,75,75,75,75,75,75,75,75,75,75,75,75,75,75,75,75,75,75,75,75,75,75,75,75,75,75,75,75,75,75,75,75,75,75],"card_choices":[{"not_picked":["Flex","Second Wind"],"picked":"Headbutt","floor":1.0},{"not_picked":["Dropkick","Rage"],"picked":"Armaments","floor":2.0},{"not_picked":["Seeing Red","Clash"],"picked":"Pommel Strike","floor":6.0},{"not_picked":["Heavy Blade","Thunderclap"],"picked":"Double Tap","floor":10.0},{"not_picked":["Shrug It Off","Flex"],"picked":"Feel No Pain","floor":11.0},{"not_picked":["Pommel Strike","Perfected Strike"],"picked":"Shrug It Off","floor":13.0},{"not_picked":["Ghostly Armor","Anger"],"picked":"Shockwave","floor":14.0},{"not_picked":["Offering","Bludgeon"],"picked":"Immolate","floor":16.0},{"not_picked":["Clothesline","Armaments"],"picked":"Havoc+1","floor":18},{"not_picked":["Intimidate","Sword Boomerang","Clash+1"],"picked":"SKIP","floor":19},{"not_picked":["Havoc","Thunderclap"],"picked":"Evolve","floor":21},{"not_picked":["Warcry","Sword Boomerang+1","Exhume"],"picked":"SKIP","floor":27},{"not_picked":["Intimidate","Sentinel+1"],"picked":"Disarm+1","floor":28},{"not_picked":["Berserk","Barricade"],"picked":"Immolate","floor":33},{"not_picked":["Sword Boomerang+1","Anger","Shrug It Off"],"picked":"SKIP","floor":35},{"not_picked":["Armaments","Metallicize"],"picked":"Whirlwind+1","floor":36},{"not_picked":["Pommel Strike","Carnage+1","Havoc"],"picked":"SKIP","floor":40},{"not_picked":["Clash","Ghostly Armor"],"picked":"Feel No Pain+1","floor":44},{"not_picked":["True Grit","Whirlwind"],"picked":"Battle Trance","floor":45},{"not_picked":["Feel No Pain","Iron Wave"],"picked":"Fiend Fire","floor":47}],"player_experience":1156768,"relics_obtained":[{"floor":6.0,"key":"Omamori"},{"floor":9.0,"key":"Potion Belt"},{"floor":13.0,"key":"Bird Faced Urn"},{"floor":26,"key":"Lantern"},{"floor":27,"key":"Whetstone"},{"floor":29,"key":"Necronomicon"},{"floor":38,"key":"Shovel"},{"floor":43,"key":"Blue Candle"},{"floor":45,"key":"Dead Branch"},{"floor":47,"key":"Bag of Preparation"}],"event_choices":[{"damage_healed":0.0,"max_hp_gain":0.0,"max_hp_loss":0.0,"gold_gain":0.0,"event_name":"Living Wall","player_choice":"Grow","floor":3.0,"gold_loss":0.0,"damage_taken":0.0,"cards_upgraded":["Armaments"]},{"cards_removed":["Strike_R"],"damage_healed":0.0,"max_hp_gain":0.0,"max_hp_loss":0.0,"gold_gain":0.0,"event_name":"Golden Wing","player_choice":"Card Removal","floor":5.0,"gold_loss":0.0,"damage_taken":7.0},{"damage_healed":25.0,"max_hp_gain":0.0,"max_hp_loss":0.0,"gold_gain":0.0,"event_name":"Big Fish","player_choice":"Banana","floor":7.0,"gold_loss":0.0,"damage_taken":0.0},{"damage_healed":0,"gold_gain":0,"player_choice":"Stole Relic","damage_taken":0,"relics_obtained":["War Paint"],"max_hp_gain":0,"max_hp_loss":0,"event_name":"Addict","floor":20,"gold_loss":0,"cards_obtained":["Shame"]},{"damage_healed":0,"gold_gain":0,"player_choice":"Ignored","damage_taken":0,"max_hp_gain":0,"max_hp_loss":0,"event_name":"Beggar","floor":24,"gold_loss":0},{"damage_healed":0,"gold_gain":0,"player_choice":"Obtained Book","damage_taken":21,"max_hp_gain":0,"max_hp_loss":0,"event_name":"Cursed Tome","floor":29,"gold_loss":0},{"damage_healed":0,"gold_gain":0,"player_choice":"Simplicity","damage_taken":0,"max_hp_gain":0,"max_hp_loss":0,"event_name":"Back to Basics","floor":31,"gold_loss":0,"cards_upgraded":["Strike_R","Defend_R","Defend_R","Defend_R"]},{"damage_healed":0,"gold_gain":0,"player_choice":"Fight","damage_taken":0,"max_hp_gain":0,"max_hp_loss":0,"event_name":"MindBloom","floor":38,"gold_loss":0},{"damage_healed":0,"gold_gain":0,"player_choice":"Memory 3","damage_taken":10,"max_hp_gain":0,"max_hp_loss":0,"event_name":"SensoryStone","floor":39,"gold_loss":0},{"damage_healed":0,"gold_gain":0,"player_choice":"Paid","damage_taken":0,"relics_obtained":["Red Mask"],"max_hp_gain":0,"max_hp_loss":0,"event_name":"Tomb of Lord Red Mask","floor":42,"gold_loss":213},{"damage_healed":0,"gold_gain":0,"player_choice":"Fight","damage_taken":0,"max_hp_gain":0,"max_hp_loss":0,"event_name":"Mysterious Sphere","floor":45,"gold_loss":0}],"is_beta":true,"boss_relics":[{"not_picked":["Astrolabe","Philosopher\u0027s Stone"],"picked":"Velvet Choker"},{"not_picked":["Eternal Feather","Black Star"],"picked":"Runic Pyramid"}],"items_purged_floors":[22],"is_endless":false,"potions_floor_spawned":[2,10,13,14,19,27,38,40,45,47],"ascension_level":20}