{"gold_per_floor":[367,367,386,386,49,49,62,82,82,82,125,145,145,188,188,287,287,302,302],"floor_reached":19,"playtime":899,"items_purged":[],"score":454,"play_id":"09994da3-cc38-46c0-ae95-bf75fb9c4064","local_time":"20190204160604","is_ascension_mode":true,"campfire_choices":[{"data":"Uppercut","floor":6,"key":"SMITH"},{"data":"Bash","floor":10,"key":"SMITH"},{"data":"Barricade","floor":15,"key":"SMITH"}],"neow_cost":"TEN_PERCENT_HP_LOSS","seed_source_timestamp":2482960109046790,"circlet_count":0,"master_deck":["AscendersBane","Strike_R","Strike_R","Strike_R","Strike_R","Defend_R","Defend_R","Defend_R","Defend_R","Bash+1","Uppercut+1","Spot Weakness","Metallicize","Barricade+1","Offering","Shockwave","Dark Embrace","Body Slam"],"relics":["Burning Blood","Golden Idol","Meat on the Bone","Turnip","Mummified Hand","Ancient Tea Set","Philosopher\u0027s Stone"],"potions_floor_usage":[8,11,14],"damage_taken":[{"damage":9,"enemies":"Jaw Worm","floor":1,"turns":4},{"damage":10,"enemies":"Small Slimes","floor":3,"turns":4},{"damage":2,"enemies":"2 Louse","floor":7,"turns":3},{"damage":15,"enemies":"Gremlin Gang","floor":8,"turns":3},{"damage":25,"enemies":"Gremlin Nob","floor":11,"turns":5},{"damage":14,"enemies":"Blue Slaver","floor":12,"turns":3},{"damage":34,"enemies":"3 Sentries","floor":14,"turns":8},{"damage":6,"enemies":"The Guardian","floor":16,"turns":11},{"damage":11,"enemies":"Chosen","floor":18,"turns":5},{"damage":57,"enemies":"3 Byrds","floor":19,"turns":3}],"seed_played":"-6976284083936974223","potions_obtained":[{"floor":3,"key":"Explosive Potion"},{"floor":7,"key":"Ancient Potion"},{"floor":11,"key":"Energy Potion"},{"floor":16,"key":"FearPotion"}],"is_trial":false,"path_per_floor":["M","?","M","?","$","R","M","M","T","R","E","M","?","E","R","B",null,"M","M"],"character_chosen":"IRONCLAD","items_purchased":["Turnip"],"campfire_rested":0,"item_purchase_floors":[5],"current_hp_per_floor":[65,62,58,40,40,40,44,47,47,47,40,44,44,28,28,40,57,52,0],"gold":302,"neow_bonus":"TWO_FIFTY_GOLD","is_prod":false,"is_daily":false,"chose_seed":false,"campfire_upgraded":3,"win_rate":0,"timestamp":1549325164,"path_taken":["M","?","M","?","$","R","M","M","T","R","E","M","?","E","R","BOSS","M","M"],"build_version":"2019-01-23","purchased_purges":0,"victory":false,"max_hp_per_floor":[68,62,62,62,62,62,62,62,62,62,62,62,62,62,62,62,62,62,62],"card_choices":[{"not_picked":["Cleave","Clash"],"picked":"Uppercut","floor":1},{"not_picked":["Wild Strike","Battle Trance"],"picked":"Spot Weakness","floor":3},{"not_picked":["Pummel","Fire Breathing","Thunderclap"],"picked":"SKIP","floor":7},{"not_picked":["True Grit","Armaments"],"picked":"Metallicize","floor":8},{"not_picked":["Perfected Strike","Sentinel"],"picked":"Barricade","floor":11},{"not_picked":["Iron Wave","Clash","Reckless Charge"],"picked":"SKIP","floor":12},{"not_picked":["Whirlwind","Cleave"],"picked":"Shockwave","floor":14},{"not_picked":["Offering","Fiend Fire"],"picked":"Dark Embrace","floor":16},{"not_picked":["Intimidate","Thunderclap"],"picked":"Body Slam","floor":18}],"player_experience":1213839,"relics_obtained":[{"floor":9,"key":"Mummified Hand"},{"floor":14,"key":"Ancient Tea Set"}],"event_choices":[{"damage_healed":0,"gold_gain":0,"player_choice":"Lose Max HP","damage_taken":0,"relics_obtained":["Golden Idol"],"max_hp_gain":0,"max_hp_loss":6,"event_name":"Golden Idol","floor":2,"gold_loss":0},{"damage_healed":0,"gold_gain":0,"player_choice":"Success","damage_taken":18,"relics_obtained":["Meat on the Bone"],"max_hp_gain":0,"max_hp_loss":0,"event_name":"Scrap Ooze","floor":4,"gold_loss":0},{"damage_healed":0,"gold_gain":0,"cards_transformed":["Strike_R"],"player_choice":"Transformed","damage_taken":0,"max_hp_gain":0,"max_hp_loss":0,"event_name":"Transmorgrifier","floor":13,"gold_loss":0,"cards_obtained":["Offering"]}],"is_beta":true,"boss_relics":[{"not_picked":["Empty Cage","Calling Bell"],"picked":"Philosopher\u0027s Stone"}],"items_purged_floors":[],"is_endless":false,"potions_floor_spawned":[3,7,11,16],"killed_by":"3 Byrds","ascension_level":20}