{"gold_per_floor":[119,136,136,136,155,186,186,37,63,94,94,94,120,159,159,279,279,298,174,199,215,228,228,262,292,304,359,384,439,361,393,405,536,548,580,606,618,630,662,714,726,762,801,827,9,9,40,40,40,40],"floor_reached":51,"playtime":5193,"items_purged":["Strike_R"],"score":785,"play_id":"5ae255db-bf99-437f-a709-9c699aaa201e","local_time":"20180925213947","is_ascension_mode":false,"campfire_choices":[{"floor":7,"key":"REST"},{"data":"Armaments","floor":11,"key":"SMITH"},{"data":"Bash","floor":15,"key":"SMITH"},{"data":"Limit Break","floor":23,"key":"SMITH"},{"floor":32,"key":"REST"},{"data":"1","floor":41,"key":"LIFT"},{"data":"2","floor":49,"key":"LIFT"}],"neow_cost":"TEN_PERCENT_HP_LOSS","seed_source_timestamp":1022323116860869,"circlet_count":0,"master_deck":["Strike_R","Strike_R+1","Defend_R","Defend_R","Defend_R","Defend_R","Bash+1","Headbutt","Cleave","Armaments+1","Juggernaut","Anger","Sword Boomerang","Limit Break+1","Spot Weakness","Iron Wave","Rupture","Headbutt","Disarm","Whirlwind+1","Combust","Thunderclap","Impervious","Metallicize","Ghostly Armor","Twin Strike","Limit Break+1","Clothesline+1","Uppercut","Carnage","Shockwave+1","Shrug It Off","Heavy Blade","Writhe"],"relics":["Burning Blood","FossilizedHelix","Golden Idol","Orichalcum","Vajra","PreservedInsect","Boot","Ancient Tea Set","Bronze Scales","Strawberry","Mark of Pain","MawBank","Girya","Bag of Marbles","Self Forming Clay","Snecko Eye","Meat on the Bone","Lantern","Paper Frog","Brimstone","Blood Vial","Pear"],"potions_floor_usage":[16,16,24,25,28,33,45],"damage_taken":[{"damage":2,"enemies":"Jaw Worm","floor":1,"turns":3},{"damage":0,"enemies":"Small Slimes","floor":2,"turns":3},{"damage":0,"enemies":"2 Louse","floor":5,"turns":2},{"damage":22,"enemies":"Lagavulin","floor":6,"turns":6},{"damage":3,"enemies":"3 Sentries","floor":10,"turns":4},{"damage":0,"enemies":"Lagavulin","floor":14,"turns":5},{"damage":20,"enemies":"Hexaghost","floor":16,"turns":6},{"damage":16,"enemies":"2 Thieves","floor":18,"turns":4},{"damage":0,"enemies":"Chosen","floor":20,"turns":4},{"damage":3,"enemies":"Snecko","floor":21,"turns":4},{"damage":0,"enemies":"Cultist and Chosen","floor":22,"turns":4},{"damage":12,"enemies":"Book of Stabbing","floor":24,"turns":3},{"damage":17,"enemies":"Snake Plant","floor":25,"turns":4},{"damage":26,"enemies":"Slavers","floor":27,"turns":3},{"damage":13,"enemies":"3 Cultists","floor":28,"turns":4},{"damage":4,"enemies":"Gremlin Leader","floor":29,"turns":4},{"damage":8,"enemies":"Centurion and Healer","floor":31,"turns":4},{"damage":18,"enemies":"Champ","floor":33,"turns":7},{"damage":0,"enemies":"Orb Walker","floor":35,"turns":3},{"damage":1,"enemies":"3 Darklings","floor":36,"turns":4},{"damage":4,"enemies":"4 Shapes","floor":39,"turns":6},{"damage":5,"enemies":"Nemesis","floor":40,"turns":6},{"damage":16,"enemies":"Spire Growth","floor":42,"turns":3},{"damage":14,"enemies":"Reptomancer","floor":44,"turns":4},{"damage":8,"enemies":"2 Orb Walkers","floor":47,"turns":2},{"damage":49,"enemies":"Time Eater","floor":50,"turns":6}],"seed_played":"-1956204794893435585","potions_obtained":[{"floor":2,"key":"LiquidBronze"},{"floor":5,"key":"Dexterity Potion"},{"floor":6,"key":"Fire Potion"},{"floor":18,"key":"Fire Potion"},{"floor":21,"key":"Block Potion"},{"floor":22,"key":"Block Potion"},{"floor":25,"key":"EssenceOfSteel"},{"floor":42,"key":"Weak Potion"},{"floor":44,"key":"SpeedPotion"},{"floor":47,"key":"FearPotion"}],"is_trial":false,"path_per_floor":["M","M","?","?","M","E","R","$","T","E","R","?","T","E","R","B",null,"M","$","M","M","M","R","E","M","T","E","M","E","?","M","R","B",null,"M","M","?","?","M","E","R","M","T","M","$","$","E","?","R","B"],"character_chosen":"IRONCLAD","items_purchased":["PreservedInsect","Iron Wave","Rupture","Paper Frog","Brimstone","Blood Vial","Fruit Juice","Shrug It Off"],"campfire_rested":2,"item_purchase_floors":[8,19,19,45,45,45,45,45],"current_hp_per_floor":[72,72,54,51,57,41,62,62,62,65,65,58,58,71,71,57,79,69,69,75,78,79,79,73,62,62,42,35,37,37,35,58,46,79,79,79,79,79,79,79,79,69,69,61,66,66,76,94,94,63],"gold":40,"neow_bonus":"ONE_RARE_RELIC","is_prod":false,"is_daily":false,"chose_seed":false,"campfire_upgraded":3,"win_rate":0,"timestamp":1537936787,"path_taken":["M","M","?","?","M","E","R","$","T","E","R","?","?","E","R","BOSS","M","$","M","M","M","R","E","M","T","E","M","E","?","?","R","BOSS","M","M","?","?","M","E","R","M","T","M","?","$","E","?","R","BOSS"],"build_version":"2018-09-20","purchased_purges":1,"victory":true,"max_hp_per_floor":[72,72,72,72,72,72,72,72,72,72,72,72,72,79,79,79,79,79,79,79,79,79,79,79,79,79,79,79,79,79,79,79,79,79,79,79,79,79,79,79,79,79,79,79,84,84,94,94,94,94],"card_choices":[{"not_picked":["Twin Strike","Warcry"],"picked":"Headbutt","floor":1},{"not_picked":["Entrench","Havoc"],"picked":"Cleave","floor":2},{"not_picked":["Sentinel","Twin Strike"],"picked":"Armaments","floor":5},{"not_picked":["Perfected Strike","Barricade"],"picked":"Juggernaut","floor":6},{"not_picked":["Warcry","Headbutt"],"picked":"Anger","floor":10},{"not_picked":["Sever Soul","Flex"],"picked":"Sword Boomerang","floor":14},{"not_picked":["Berserk","Bludgeon"],"picked":"Limit Break","floor":16},{"not_picked":["Wild Strike","Clothesline"],"picked":"Spot Weakness","floor":18},{"not_picked":["Havoc","Warcry"],"picked":"Headbutt","floor":20},{"not_picked":["Body Slam","Anger"],"picked":"Iron Wave","floor":21},{"not_picked":["Inflame","Dropkick"],"picked":"Disarm","floor":22},{"not_picked":["Anger","Fiend Fire"],"picked":"Whirlwind+1","floor":24},{"not_picked":["Wild Strike","Blood for Blood"],"picked":"Combust","floor":25},{"not_picked":["Seeing Red","Fiend Fire","Wild Strike+1"],"picked":"SKIP","floor":27},{"not_picked":["Inflame","Wild Strike"],"picked":"Thunderclap","floor":28},{"not_picked":["Pommel Strike","Rampage+1"],"picked":"Impervious","floor":29},{"not_picked":["Wild Strike","Blood for Blood"],"picked":"Metallicize","floor":31},{"not_picked":["Infernal Blade","Burning Pact"],"picked":"Ghostly Armor","floor":35},{"not_picked":["Infernal Blade","Body Slam+1"],"picked":"Twin Strike","floor":36},{"not_picked":["Iron Wave","Twin Strike"],"picked":"Clothesline+1","floor":39},{"not_picked":["Twin Strike","Corruption+1"],"picked":"Uppercut","floor":40},{"not_picked":["Armaments","Perfected Strike"],"picked":"Carnage","floor":42},{"not_picked":["Sever Soul","Second Wind+1"],"picked":"Shockwave+1","floor":44},{"not_picked":["Power Through+1","Impervious"],"picked":"Heavy Blade","floor":47}],"player_experience":448192,"relics_obtained":[{"floor":6,"key":"Vajra"},{"floor":9,"key":"Boot"},{"floor":10,"key":"Ancient Tea Set"},{"floor":13,"key":"Bronze Scales"},{"floor":14,"key":"Strawberry"},{"floor":24,"key":"MawBank"},{"floor":26,"key":"Girya"},{"floor":27,"key":"Bag of Marbles"},{"floor":29,"key":"Self Forming Clay"},{"floor":40,"key":"Meat on the Bone"},{"floor":43,"key":"Lantern"},{"floor":47,"key":"Pear"}],"event_choices":[{"event_name":"Golden Idol","player_choice":"Take Damage","floor":3,"damage_taken":0},{"event_name":"Scrap Ooze","player_choice":"success","floor":4,"damage_taken":3},{"event_name":"Golden Wing","player_choice":"Card Removal","floor":12,"damage_taken":0},{"event_name":"Designer","player_choice":"Full Service","floor":30,"damage_taken":0},{"event_name":"Duplicator","player_choice":"One dupe","floor":37,"damage_taken":0},{"event_name":"Falling","player_choice":"Removed Attack","floor":38,"damage_taken":0},{"event_name":"Winding Halls","player_choice":"Writhe","floor":48,"damage_taken":0}],"is_beta":false,"boss_relics":[{"not_picked":["Philosopher\u0027s Stone","Runic Cube"],"picked":"Mark of Pain"},{"not_picked":["Lizard Tail","Black Star"],"picked":"Snecko Eye"}],"items_purged_floors":[45],"is_endless":false,"potions_floor_spawned":[2,5,6,18,21,22,25,42,44,47],"ascension_level":0}