{"gold_per_floor":[110,124,138,49,61,61,89,89,135,135,135,165,176,193,193,266,266,278,34,34,53,68,68,87,87,87,87,87,100,112,112,112,184,184,203,203,203,12,32,32,32,32,32,60,60,60],"floor_reached":46,"playtime":2450,"items_purged":[],"score":970,"play_id":"e7a088b9-1587-4ca2-b1bb-b2d898696b7a","local_time":"20181110034631","is_ascension_mode":true,"campfire_choices":[{"data":"Neutralize","floor":6,"key":"SMITH"},{"data":"Wraith Form v2","floor":8,"key":"SMITH"},{"floor":15,"key":"REST"},{"floor":23,"key":"REST"},{"floor":25,"key":"REST"},{"floor":27,"key":"REST"},{"floor":32,"key":"REST"},{"floor":40,"key":"REST"},{"data":"Envenom","floor":42,"key":"SMITH"},{"floor":45,"key":"REST"}],"neow_cost":"NONE","seed_source_timestamp":4324126278420515,"circlet_count":0,"master_deck":["AscendersBane","Defend_G+1","Defend_G+1","Defend_G+1","Defend_G+1","Defend_G+1","Survivor","Neutralize+1","Sucker Punch+1","Dagger Spray+1","Well Laid Plans","Wraith Form v2+1","Tools of the Trade","Backstab+1","Noxious Fumes","Adrenaline","Deadly Poison","Footwork","Shame","Underhanded Strike","Dodge and Roll","Shame","Poisoned Stab+1","Regret","Burst","Glass Knife+1","Bullet Time+1","Escape Plan+1","Backflip+1","Footwork","Envenom+1","Pain"],"relics":["Ring of the Snake","NeowsBlessing","Blue Candle","Snake Skull","Happy Flower","Cursed Key","Bag of Preparation","The Courier","War Paint","Peace Pipe","Astrolabe","Incense Burner","Letter Opener","Whetstone"],"potions_floor_usage":[7,7,16,16,22,22,33],"damage_taken":[{"damage":0,"enemies":"Jaw Worm","floor":1,"turns":1},{"damage":0,"enemies":"2 Louse","floor":2,"turns":1},{"damage":0,"enemies":"Cultist","floor":3,"turns":1},{"damage":4,"enemies":"Large Slime","floor":5,"turns":8},{"damage":14,"enemies":"3 Sentries","floor":7,"turns":10},{"damage":9,"enemies":"Gremlin Nob","floor":12,"turns":6},{"damage":1,"enemies":"2 Fungi Beasts","floor":13,"turns":4},{"damage":4,"enemies":"Blue Slaver","floor":14,"turns":4},{"damage":35,"enemies":"Slime Boss","floor":16,"turns":12},{"damage":20,"enemies":"Spheric Guardian","floor":18,"turns":6},{"damage":23,"enemies":"3 Byrds","floor":21,"turns":5},{"damage":10,"enemies":"Shelled Parasite and Fungi","floor":22,"turns":6},{"damage":13,"enemies":"Sentry and Sphere","floor":24,"turns":7},{"damage":6,"enemies":"Centurion and Healer","floor":29,"turns":7},{"damage":15,"enemies":"Snake Plant","floor":30,"turns":5},{"damage":22,"enemies":"Automaton","floor":33,"turns":11},{"damage":3,"enemies":"3 Shapes","floor":35,"turns":7},{"damage":24,"enemies":"3 Darklings","floor":39,"turns":6},{"damage":41,"enemies":"Giant Head","floor":44,"turns":10},{"damage":38,"enemies":"Nemesis","floor":46,"turns":4}],"seed_played":"2911426623506414542","potions_obtained":[{"floor":1,"key":"LiquidBronze"},{"floor":2,"key":"Dexterity Potion"},{"floor":13,"key":"Regen Potion"},{"floor":14,"key":"Explosive Potion"},{"floor":16,"key":"Energy Potion"},{"floor":21,"key":"FearPotion"},{"floor":22,"key":"Fire Potion"}],"is_trial":false,"path_per_floor":["M","M","M","$","M","R","E","R","T","?","?","E","M","M","R","B",null,"M","$","?","M","M","R","M","R","T","R","?","M","M","T","R","B",null,"M","$","?","$","M","R","?","R","T","E","R","E"],"character_chosen":"THE_SILENT","items_purchased":["Well Laid Plans","Footwork","Bag of Preparation","Footwork","Envenom"],"campfire_rested":7,"item_purchase_floors":[4,19,19,38,38],"current_hp_per_floor":[59,59,59,59,55,55,41,41,41,34,34,25,24,20,39,19,54,34,34,34,11,1,20,7,26,26,45,45,39,24,24,43,21,55,52,52,52,52,28,47,47,47,47,6,25,0],"gold":60,"neow_bonus":"THREE_ENEMY_KILL","is_prod":false,"is_daily":false,"chose_seed":false,"campfire_upgraded":3,"win_rate":0,"timestamp":1541850391,"path_taken":["M","M","M","$","M","R","E","R","T","?","?","E","M","?","R","BOSS","M","$","?","M","M","R","M","R","T","R","?","M","M","?","R","BOSS","M","$","?","$","?","R","?","R","T","E","R","E"],"build_version":"2018-11-08","purchased_purges":0,"victory":false,"max_hp_per_floor":[66,66,66,66,66,66,66,66,66,66,66,66,66,66,66,66,66,66,66,66,66,66,66,66,66,66,66,66,66,66,66,66,66,66,66,66,66,66,66,66,66,66,66,66,66,66],"card_choices":[{"not_picked":["Escape Plan","Outmaneuver"],"picked":"Deflect","floor":1},{"not_picked":["Noxious Fumes","Deadly Poison"],"picked":"Sucker Punch","floor":2},{"not_picked":["PiercingWail","Underhanded Strike"],"picked":"Dagger Spray","floor":3},{"not_picked":["Sucker Punch","Poisoned Stab"],"picked":"Wraith Form v2","floor":5},{"not_picked":["Poisoned Stab","Accuracy"],"picked":"Tools of the Trade","floor":7},{"not_picked":["Acrobatics","Underhanded Strike","Dagger Spray"],"picked":"SKIP","floor":12},{"not_picked":["Underhanded Strike","Dagger Throw"],"picked":"Backstab","floor":13},{"not_picked":["Backstab","Setup"],"picked":"Noxious Fumes","floor":14},{"not_picked":["Bullet Time","Die Die Die"],"picked":"Adrenaline","floor":16},{"not_picked":["Well Laid Plans","Accuracy"],"picked":"Deadly Poison","floor":18},{"not_picked":["Slice","Finisher"],"picked":"Underhanded Strike","floor":21},{"not_picked":["Bane","Dagger Spray"],"picked":"Dodge and Roll","floor":22},{"not_picked":["Flying Knee","Sucker Punch","Cloak And Dagger"],"picked":"SKIP","floor":24},{"not_picked":["Distraction","Accuracy","Outmaneuver"],"picked":"SKIP","floor":29},{"not_picked":["Sucker Punch","Phantasmal Killer"],"picked":"Poisoned Stab+1","floor":30},{"not_picked":["Storm of Steel","Phantasmal Killer"],"picked":"Burst","floor":33},{"not_picked":["Caltrops","Poisoned Stab"],"picked":"Backflip+1","floor":35},{"not_picked":["Bouncing Flask+1","Deflect+1","Dagger Spray+1"],"picked":"SKIP","floor":39},{"not_picked":["Poisoned Stab+1","Sucker Punch+1","Caltrops"],"picked":"SKIP","floor":44}],"player_experience":1046515,"relics_obtained":[{"floor":7,"key":"Blue Candle"},{"floor":9,"key":"Snake Skull"},{"floor":12,"key":"Happy Flower"},{"floor":26,"key":"War Paint"},{"floor":31,"key":"Peace Pipe"},{"floor":43,"key":"Letter Opener"},{"floor":44,"key":"Whetstone"}],"event_choices":[{"cards_removed":["Strike_G"],"damage_healed":0,"gold_gain":0,"player_choice":"Card Removal","damage_taken":7,"max_hp_gain":0,"max_hp_loss":0,"event_name":"Golden Wing","floor":10,"gold_loss":0},{"damage_healed":0,"gold_gain":0,"player_choice":"Upgraded","damage_taken":0,"max_hp_gain":0,"max_hp_loss":0,"event_name":"Upgrade Shrine","floor":11,"gold_loss":0,"cards_upgraded":["Sucker Punch"]},{"damage_healed":0,"gold_gain":0,"player_choice":"Stole Relic","damage_taken":0,"relics_obtained":["The Courier"],"max_hp_gain":0,"max_hp_loss":0,"event_name":"Addict","floor":20,"gold_loss":0,"cards_obtained":["Shame"]},{"damage_healed":0,"gold_gain":0,"player_choice":"Simplicity","damage_taken":0,"max_hp_gain":0,"max_hp_loss":0,"event_name":"Back to Basics","floor":28,"gold_loss":0,"cards_upgraded":["Defend_G","Defend_G","Defend_G","Strike_G","Strike_G","Strike_G","Strike_G"]},{"cards_removed":["Deflect"],"damage_healed":0,"gold_gain":0,"player_choice":"Gave Card","damage_taken":0,"relics_obtained":["Incense Burner"],"max_hp_gain":0,"max_hp_loss":0,"event_name":"WeMeetAgain","floor":37,"gold_loss":0},{"cards_removed":["Strike_G"],"damage_healed":0,"gold_gain":0,"player_choice":"Removed Attack","damage_taken":0,"max_hp_gain":0,"max_hp_loss":0,"event_name":"Falling","floor":41,"gold_loss":0}],"is_beta":true,"boss_relics":[{"not_picked":["Lizard Tail","Tiny House"],"picked":"Cursed Key"},{"not_picked":["Orrery","Ring of the Serpent"],"picked":"Astrolabe"}],"items_purged_floors":[],"is_endless":false,"potions_floor_spawned":[1,2,13,14,16,21,22],"killed_by":"Nemesis","ascension_level":18}