{"gold_per_floor":[119,133,133,143,160,160,172,228,228,228,228,228,254,264,264,369,369,382,392,220,220,232,232,252,252,326,326,346,316,10,21,21,117,117,127,127,12,12,12,37,37,70,70,370,386,406,440,460,460,460],"floor_reached":51,"playtime":7805,"items_purged":[],"score":1115,"play_id":"03fd7033-2848-4e17-bc03-a66a64c2a77a","local_time":"20190918033637","is_ascension_mode":true,"campfire_choices":[{"data":"TalkToTheHand","floor":6.0,"key":"SMITH"},{"data":"DeceiveReality","floor":10.0,"key":"SMITH"},{"data":"Vigilance","floor":12.0,"key":"SMITH"},{"data":"DevaForm","floor":15.0,"key":"SMITH"},{"data":"Alpha","floor":23.0,"key":"SMITH"},{"data":"Adaptation","floor":25.0,"key":"SMITH"},{"data":"MasterReality","floor":27.0,"key":"SMITH"},{"data":"Devotion","floor":32.0,"key":"SMITH"},{"floor":41.0,"key":"RECALL"},{"floor":49,"key":"REST"}],"neow_cost":"NONE","seed_source_timestamp":1668111556946600,"circlet_count":0,"master_deck":["Eruption+1","Vigilance+1","TalkToTheHand+1","StepAndStrike+1","FearNoEvil","DeceiveReality+1","EmptyBody","FearNoEvil+1","DevaForm+1","DeceiveReality","MasterReality+1","Conclude","Devotion+1","FearNoEvil","Fasting","Alpha+1","Swivel","ReachHeaven+1","Collect","Conclude+1","WaveOfTheHand+1","Adaptation+1","Perseverance","EmptyFist","EmptyBody","LessonLearned","Establishment","FearNoEvil","ClearTheMind+1","PathToVictory+1","DeceiveReality+1"],"special_seed":0,"relics":["PureWater","Meat on the Bone","Tiny Chest","Anchor","Melange","Pandora\u0027s Box","Eternal Feather","Thread and Needle","Fusion Hammer","Blue Candle","Centennial Puzzle","MealTicket","Mercury Hourglass","Toxic Egg 2"],"potions_floor_usage":[47,50],"damage_taken":[{"damage":0.0,"enemies":"Cultist","floor":1.0,"turns":2.0},{"damage":0.0,"enemies":"Small Slimes","floor":2.0,"turns":2.0},{"damage":0.0,"enemies":"2 Louse","floor":4.0,"turns":2.0},{"damage":0.0,"enemies":"2 Fungi Beasts","floor":5.0,"turns":4.0},{"damage":0.0,"enemies":"Gremlin Gang","floor":7.0,"turns":4.0},{"damage":12.0,"enemies":"Lagavulin","floor":8.0,"turns":13.0},{"damage":0.0,"enemies":"3 Sentries","floor":13.0,"turns":10.0},{"damage":0.0,"enemies":"Looter","floor":14.0,"turns":2.0},{"damage":0.0,"enemies":"The Guardian","floor":16.0,"turns":16.0},{"damage":1.0,"enemies":"Spheric Guardian","floor":18.0,"turns":5.0},{"damage":4.0,"enemies":"Shell Parasite","floor":19.0,"turns":6.0},{"damage":11.0,"enemies":"Centurion and Healer","floor":22.0,"turns":10.0},{"damage":12.0,"enemies":"Shelled Parasite and Fungi","floor":24.0,"turns":7.0},{"damage":3.0,"enemies":"Snake Plant","floor":28.0,"turns":6.0},{"damage":0.0,"enemies":"Chosen and Byrds","floor":31.0,"turns":7.0},{"damage":0.0,"enemies":"Champ","floor":33.0,"turns":11.0},{"damage":3.0,"enemies":"3 Darklings","floor":35.0,"turns":9.0},{"damage":0.0,"enemies":"Nemesis","floor":40.0,"turns":9.0},{"damage":11.0,"enemies":"Reptomancer","floor":42.0,"turns":9.0},{"damage":0.0,"enemies":"Orb Walker","floor":45.0,"turns":3.0},{"damage":3.0,"enemies":"4 Shapes","floor":46.0,"turns":7.0},{"damage":0,"enemies":"Giant Head","floor":47,"turns":7},{"damage":3,"enemies":"Maw","floor":48,"turns":9},{"damage":8,"enemies":"Awakened One","floor":50,"turns":13}],"seed_played":"-8132624564543076128","potions_obtained":[{"floor":1.0,"key":"FearPotion"},{"floor":5.0,"key":"SpeedPotion"},{"floor":7.0,"key":"SkillPotion"},{"floor":14.0,"key":"Fire Potion"},{"floor":28.0,"key":"SkillPotion"},{"floor":29.0,"key":"EntropicBrew"},{"floor":29.0,"key":"Weak Potion"},{"floor":40.0,"key":"SkillPotion"},{"floor":45.0,"key":"SteroidPotion"}],"is_trial":false,"path_per_floor":["M","M","T","M","M","R","M","E","T","R","?","R","E","M","R","B",null,"M","M","$","?","M","R","M","R","T","R","M","?","$","M","R","B",null,"M","?","$","?","T","E","R","E","T","?","M","M","E","M","R","B",null],"character_chosen":"WATCHER","items_purchased":["Adaptation","Crescendo","Perseverance","Thread and Needle","Establishment","FearNoEvil"],"campfire_rested":1,"item_purchase_floors":[20,20,20,30,37,37],"current_hp_per_floor":[65,65,65,65,65,65,65,53,53,53,58,58,58,58,58,58,67,66,62,62,62,51,51,39,39,39,54,51,51,51,51,66,66,69,66,66,66,66,66,66,66,55,55,55,55,52,52,49,66,58],"gold":460,"neow_bonus":"UPGRADE_CARD","is_prod":false,"is_daily":false,"chose_seed":false,"campfire_upgraded":8,"win_rate":0,"timestamp":1568802997,"path_taken":["M","M","?","M","?","R","M","E","T","R","?","R","E","M","R","BOSS","M","M","$","?","M","R","M","R","T","R","M","?","$","?","R","BOSS","M","?","$","?","?","E","R","E","T","?","?","M","E","M","R","BOSS"],"build_version":"2019-09-17","purchased_purges":0,"victory":true,"max_hp_per_floor":[65,65,65,65,65,65,65,65,65,65,70,70,70,70,70,70,70,70,70,70,70,70,70,70,70,70,70,70,70,70,70,70,70,70,70,66,66,66,66,66,66,66,66,66,66,66,66,66,66,66],"card_choices":[{"not_picked":["StepAndStrike","CrushJoints"],"picked":"TalkToTheHand","floor":1.0},{"not_picked":["Protect","Worship"],"picked":"StepAndStrike","floor":2.0},{"not_picked":["ThirdEye","Halt"],"picked":"FearNoEvil","floor":4.0},{"not_picked":["EmptyMind","Weave"],"picked":"DeceiveReality","floor":5.0},{"not_picked":["Sanctity","Halt"],"picked":"EmptyBody","floor":7.0},{"not_picked":["Worship","Halt"],"picked":"FearNoEvil","floor":8.0},{"not_picked":["CutThroughFate","Swivel"],"picked":"DevaForm","floor":13.0},{"not_picked":["FlyingSleeves","BowlingBash"],"picked":"DeceiveReality","floor":14.0},{"not_picked":["Nirvana","DeusExMachina"],"picked":"MasterReality","floor":16.0},{"not_picked":["BowlingBash+1","ThirdEye"],"picked":"Conclude+1","floor":18.0},{"not_picked":["Adaptation","Sanctity+1"],"picked":"WaveOfTheHand+1","floor":19.0},{"not_picked":["Protect","Sanctity","WindmillStrike"],"picked":"SKIP","floor":22.0},{"not_picked":["CutThroughFate+1","JustLucky"],"picked":"EmptyFist","floor":24.0},{"not_picked":["Tantrum","ThirdEye+1"],"picked":"EmptyBody","floor":28.0},{"not_picked":["Tantrum","Protect","Perseverance"],"picked":"SKIP","floor":31.0},{"not_picked":["Pray","Brilliance"],"picked":"LessonLearned","floor":33.0},{"not_picked":["CrushJoints+1","Perseverance+1","CarveReality"],"picked":"SKIP","floor":35.0},{"not_picked":["Conclude+1","BowlingBash+1"],"picked":"ClearTheMind+1","floor":40.0},{"not_picked":["Ragnarok","StepAndStrike","JustLucky+1"],"picked":"SKIP","floor":42.0},{"not_picked":["CleanseEvil+1","Wallop+1"],"picked":"PathToVictory+1","floor":45.0},{"not_picked":["Wireheading","SashWhip+1","FollowUp"],"picked":"SKIP","floor":46.0},{"not_picked":["ThirdEye","Protect","Weave+1"],"picked":"SKIP","floor":47},{"not_picked":["Wallop","Collect+1"],"picked":"DeceiveReality+1","floor":48}],"player_experience":3629797,"relics_obtained":[{"floor":3.0,"key":"Meat on the Bone"},{"floor":8.0,"key":"Tiny Chest"},{"floor":9.0,"key":"Anchor"},{"floor":13.0,"key":"Melange"},{"floor":26.0,"key":"Eternal Feather"},{"floor":39.0,"key":"Blue Candle"},{"floor":40.0,"key":"Centennial Puzzle"},{"floor":42.0,"key":"MealTicket"},{"floor":43.0,"key":"Mercury Hourglass"},{"floor":47,"key":"Toxic Egg 2"}],"event_choices":[{"damage_healed":0.0,"max_hp_gain":5.0,"max_hp_loss":0.0,"gold_gain":0.0,"event_name":"Big Fish","player_choice":"Donut","floor":11.0,"gold_loss":0.0,"damage_taken":0.0},{"damage_healed":0.0,"max_hp_gain":0.0,"max_hp_loss":0.0,"gold_gain":0.0,"event_name":"Ghosts","player_choice":"Ignored","floor":21.0,"gold_loss":0.0,"damage_taken":0.0},{"damage_healed":0.0,"max_hp_gain":0.0,"max_hp_loss":0.0,"gold_gain":0.0,"event_name":"The Woman in Blue","player_choice":"Bought 2 Potions","floor":29.0,"gold_loss":0.0,"damage_taken":0.0},{"damage_healed":0.0,"max_hp_gain":0.0,"max_hp_loss":4.0,"gold_gain":0.0,"event_name":"Winding Halls","player_choice":"Max HP","floor":36.0,"gold_loss":0.0,"damage_taken":0.0},{"cards_removed":["Crescendo"],"damage_healed":0.0,"max_hp_gain":0.0,"max_hp_loss":0.0,"gold_gain":0.0,"event_name":"Falling","player_choice":"Removed Skill","floor":38.0,"gold_loss":0.0,"damage_taken":0.0},{"damage_healed":0.0,"max_hp_gain":0.0,"max_hp_loss":0.0,"gold_gain":300.0,"event_name":"Wheel of Change","player_choice":"Gold","floor":44.0,"gold_loss":0.0,"damage_taken":0.0}],"is_beta":true,"boss_relics":[{"not_picked":["Philosopher\u0027s Stone","Tiny House"],"picked":"Pandora\u0027s Box"},{"not_picked":["HolyWater","Sozu"],"picked":"Fusion Hammer"}],"items_purged_floors":[],"is_endless":false,"potions_floor_spawned":[1,5,7,14,28,31,40,45],"ascension_level":5}