{"gold_per_floor":[113,133,16,36,54,54,83,83,136,136,154,154,165,192,192,271,271,286,302,316,316],"floor_reached":21,"playtime":1182,"items_purged":["Strike_R"],"score":376,"play_id":"61863087-b842-4fd7-81f4-dbd496d2beb2","local_time":"20190318200005","is_ascension_mode":true,"campfire_choices":[{"data":"Bash","floor":6,"key":"SMITH"},{"data":"Flame Barrier","floor":8,"key":"SMITH"},{"data":"Clothesline","floor":10,"key":"SMITH"},{"floor":12,"key":"REST"},{"data":"Limit Break","floor":15,"key":"SMITH"}],"neow_cost":"NONE","seed_source_timestamp":111254637830507,"circlet_count":0,"master_deck":["AscendersBane","Strike_R","Strike_R","Strike_R","Strike_R","Defend_R","Defend_R","Defend_R","Defend_R","Bash+1","Clothesline+1","Spot Weakness","Flame Barrier+1","Spot Weakness","Sword Boomerang","Metallicize","Limit Break+1","Juggernaut","Doubt","Immolate","Inflame"],"relics":["Burning Blood","Bottled Flame","Boot","Omamori","Calling Bell","Anchor","Pantograph","Magic Flower"],"potions_floor_usage":[7,11,16,19,20,21],"damage_taken":[{"damage":7,"enemies":"Small Slimes","floor":1,"turns":4},{"damage":4,"enemies":"Cultist","floor":2,"turns":4},{"damage":7,"enemies":"2 Louse","floor":4,"turns":4},{"damage":10,"enemies":"2 Fungi Beasts","floor":5,"turns":4},{"damage":42,"enemies":"Lagavulin","floor":7,"turns":9},{"damage":0,"enemies":"3 Louse","floor":11,"turns":3},{"damage":3,"enemies":"Looter","floor":13,"turns":3},{"damage":10,"enemies":"Gremlin Nob","floor":14,"turns":4},{"damage":31,"enemies":"Hexaghost","floor":16,"turns":8},{"damage":24,"enemies":"Shell Parasite","floor":18,"turns":6},{"damage":23,"enemies":"2 Thieves","floor":19,"turns":4},{"damage":28,"enemies":"Sentry and Sphere","floor":20,"turns":5},{"damage":35,"enemies":"3 Cultists","floor":21,"turns":3}],"seed_played":"-9164676943886728167","potions_obtained":[{"floor":2,"key":"Dexterity Potion"},{"floor":5,"key":"SteroidPotion"},{"floor":11,"key":"BloodPotion"},{"floor":13,"key":"Ancient Potion"},{"floor":16,"key":"Poison Potion"},{"floor":19,"key":"Swift Potion"},{"floor":20,"key":"Ancient Potion"}],"is_trial":false,"path_per_floor":["M","M","$","M","M","R","E","R","T","R","M","R","M","E","R","B",null,"M","M","M","M"],"character_chosen":"IRONCLAD","items_purchased":["Flame Barrier"],"campfire_rested":1,"item_purchase_floors":[3],"current_hp_per_floor":[74,76,76,75,71,71,35,35,35,35,41,65,68,64,64,39,71,56,42,35,0],"gold":316,"neow_bonus":"TEN_PERCENT_HP_BONUS","is_prod":false,"is_daily":false,"chose_seed":false,"campfire_upgraded":4,"win_rate":0,"timestamp":1552935605,"path_taken":["M","M","$","M","M","R","E","R","T","R","M","R","M","E","R","BOSS","M","M","M","M"],"build_version":"2019-03-15","purchased_purges":1,"victory":false,"max_hp_per_floor":[82,82,82,82,82,82,82,82,82,82,82,82,82,82,82,82,82,82,82,82,82],"card_choices":[{"not_picked":["Shrug It Off","Carnage"],"picked":"Clothesline","floor":1},{"not_picked":["Anger","Wild Strike"],"picked":"Spot Weakness","floor":2},{"not_picked":["Thunderclap","Twin Strike","Berserk"],"picked":"SKIP","floor":4},{"not_picked":["Feel No Pain","Cleave"],"picked":"Spot Weakness","floor":5},{"not_picked":["Iron Wave","Brutality","Pommel Strike"],"picked":"SKIP","floor":7},{"not_picked":["Twin Strike","Fire Breathing"],"picked":"Sword Boomerang","floor":11},{"not_picked":["Flex","Thunderclap"],"picked":"Metallicize","floor":13},{"not_picked":["Clash","Thunderclap"],"picked":"Limit Break","floor":14},{"not_picked":["Exhume","Demon Form"],"picked":"Juggernaut","floor":16},{"not_picked":["Blood for Blood","Warcry","Sword Boomerang+1"],"picked":"SKIP","floor":18},{"not_picked":["Anger","Armaments"],"picked":"Immolate","floor":19},{"not_picked":["Flex","Sword Boomerang+1"],"picked":"Inflame","floor":20}],"player_experience":312339,"relics_obtained":[{"floor":7,"key":"Bottled Flame"},{"floor":9,"key":"Boot"},{"floor":14,"key":"Omamori"},{"floor":17,"key":"Anchor"},{"floor":17,"key":"Pantograph"},{"floor":17,"key":"Magic Flower"}],"event_choices":[],"is_beta":true,"boss_relics":[{"not_picked":["Astrolabe","Orrery"],"picked":"Calling Bell"}],"items_purged_floors":[3],"is_endless":false,"potions_floor_spawned":[2,5,11,13,16,19,20],"killed_by":"3 Cultists","ascension_level":19}