{"gold_per_floor":[366,376,376,376,397,397,11,11,37,37,57,127,162,62,62,152,152,172,172,193,209,233,233,277,277,277,277,296,319,360,360,360,456,456,475,493,826,826,839,839,839,839,862,875,875,885,885,885,885,885,885,885,885,169,169],"floor_reached":55,"playtime":3869,"items_purged":["Regret","Decay","Defend_B"],"score":1835,"play_id":"f7a886ce-ece8-48e9-addd-6590dc65c7ec","local_time":"20190509131618","is_ascension_mode":true,"campfire_choices":[{"data":"Zap","floor":6.0,"key":"SMITH"},{"data":"Capacitor","floor":8.0,"key":"SMITH"},{"data":"Barrage","floor":15.0,"key":"SMITH"},{"data":"Seek","floor":23.0,"key":"SMITH"},{"data":"Dualcast","floor":25.0,"key":"SMITH"},{"data":"Barrage","floor":27.0,"key":"SMITH"},{"floor":32.0,"key":"REST"},{"data":"Sunder","floor":40.0,"key":"SMITH"},{"data":"Glacier","floor":42.0,"key":"SMITH"},{"data":"Coolheaded","floor":45.0,"key":"SMITH"},{"data":"BootSequence","floor":47.0,"key":"SMITH"},{"floor":49.0,"key":"RECALL"},{"floor":53.0,"key":"REST"}],"neow_cost":"CURSE","seed_source_timestamp":990689367922300,"circlet_count":0,"master_deck":["AscendersBane","Strike_B","Strike_B","Strike_B","Defend_B","Defend_B","Defend_B","Zap+1","Dualcast+1","Glacier+1","Barrage+1","Reinforced Body","Capacitor+1","Ball Lightning","Sunder+1","Defragment+1","Seek+1","Barrage+1","Defragment+1","Cold Snap+1","BootSequence+1","Capacitor+1","Conserve Battery+1","Electrodynamics+1","Necronomicurse","Storm+1","Electrodynamics+1","Coolheaded+1","Writhe","Defragment+1"],"special_seed":0,"relics":["FrozenCore","Turnip","DataDisk","Dream Catcher","Frozen Egg 2","Gremlin Horn","Lantern","Vajra","Orichalcum","Necronomicon","Inserter","Bag of Preparation","Pen Nib","Symbiotic Virus"],"potions_floor_usage":[],"damage_taken":[{"damage":0.0,"enemies":"Cultist","floor":1.0,"turns":3.0},{"damage":4.0,"enemies":"2 Louse","floor":2.0,"turns":2.0},{"damage":0.0,"enemies":"Small Slimes","floor":5.0,"turns":3.0},{"damage":0.0,"enemies":"3 Louse","floor":11.0,"turns":1.0},{"damage":20.0,"enemies":"Lagavulin Event","floor":12.0,"turns":6.0},{"damage":12.0,"enemies":"Lagavulin","floor":13.0,"turns":5.0},{"damage":0.0,"enemies":"Hexaghost","floor":16.0,"turns":8.0},{"damage":2.0,"enemies":"Chosen","floor":18.0,"turns":5.0},{"damage":0.0,"enemies":"Spheric Guardian","floor":20.0,"turns":4.0},{"damage":0.0,"enemies":"Centurion and Healer","floor":21.0,"turns":7.0},{"damage":1.0,"enemies":"Snake Plant","floor":22.0,"turns":5.0},{"damage":8.0,"enemies":"Slavers","floor":24.0,"turns":6.0},{"damage":1.0,"enemies":"Shelled Parasite and Fungi","floor":28.0,"turns":5.0},{"damage":0.0,"enemies":"3 Cultists","floor":29.0,"turns":5.0},{"damage":20.0,"enemies":"Gremlin Leader","floor":30.0,"turns":8.0},{"damage":10.0,"enemies":"Collector","floor":33.0,"turns":7.0},{"damage":0.0,"enemies":"3 Shapes","floor":35.0,"turns":3.0},{"damage":3.0,"enemies":"Orb Walker","floor":36.0,"turns":4.0},{"damage":0.0,"enemies":"3 Darklings","floor":39.0,"turns":2.0},{"damage":16.0,"enemies":"Spire Growth","floor":44.0,"turns":4.0},{"damage":0.0,"enemies":"Sphere and 2 Shapes","floor":46.0,"turns":3.0},{"damage":11.0,"enemies":"Time Eater","floor":50.0,"turns":11.0},{"damage":8.0,"enemies":"Awakened One","floor":51.0,"turns":18.0},{"damage":71,"enemies":"Shield and Spear","floor":55,"turns":3}],"seed_played":"-5193697102299490978","potions_obtained":[{"floor":5.0,"key":"Explosive Potion"},{"floor":12.0,"key":"PowerPotion"},{"floor":13.0,"key":"Poison Potion"},{"floor":20.0,"key":"Fire Potion"},{"floor":21.0,"key":"Fruit Juice"},{"floor":24.0,"key":"LiquidBronze"},{"floor":28.0,"key":"AttackPotion"},{"floor":44.0,"key":"Strength Potion"},{"floor":46.0,"key":"LiquidBronze"}],"is_trial":false,"path_per_floor":["M","M","?","?","M","R","$","R","T","?","M","?","E","$","R","B",null,"M","?","M","M","M","R","E","R","T","R","M","M","E","?","R","B",null,"M","M","?","T","M","R","?","R","T","M","R","M","R","?","R","B","B",null,"R","$","E"],"character_chosen":"DEFECT","items_purchased":["DataDisk","Capacitor","Ball Lightning","Defragment+1","Pen Nib","Symbiotic Virus","SteroidPotion"],"campfire_rested":2,"item_purchase_floors":[7,7,7,54,54,54,54],"current_hp_per_floor":[64,60,60,60,60,60,60,60,60,60,60,40,28,28,28,28,55,53,53,53,58,57,57,49,49,49,49,48,48,28,7,27,17,56,56,53,53,53,53,53,53,53,53,37,37,37,37,51,51,40,32,60,69,69,0],"gold":169,"neow_bonus":"TWO_FIFTY_GOLD","is_prod":false,"is_daily":false,"chose_seed":false,"campfire_upgraded":10,"win_rate":0,"timestamp":1557432978,"path_taken":["M","?","?","?","M","R","$","R","T","?","M","?","E","$","R","BOSS","M","?","M","M","?","R","E","R","T","R","M","M","E","?","R","BOSS","M","M","?","?","M","R","?","R","T","?","R","M","R","?","R","BOSS","BOSS","R","$","E"],"build_version":"2019-05-07","purchased_purges":3,"victory":false,"max_hp_per_floor":[71,71,71,64,64,64,64,64,64,64,64,64,64,64,64,64,64,64,64,64,69,69,69,69,69,69,69,69,69,69,69,69,69,69,69,69,69,69,69,69,69,69,69,69,69,69,69,69,69,69,69,69,69,69,69],"card_choices":[{"not_picked":["Compile Driver","Gash"],"picked":"Glacier","floor":1.0},{"not_picked":["Aggregate","Turbo"],"picked":"Barrage","floor":2.0},{"not_picked":["Reprogram","Hologram"],"picked":"Reinforced Body","floor":5.0},{"not_picked":["Loop","Sweeping Beam"],"picked":"Sunder","floor":11.0},{"not_picked":["Steam","Conserve Battery"],"picked":"Defragment+1","floor":13.0},{"not_picked":["Meteor Strike","Core Surge"],"picked":"Seek","floor":16.0},{"not_picked":["Conserve Battery","Chaos"],"picked":"Barrage","floor":18.0},{"not_picked":["Turbo","Conserve Battery+1"],"picked":"Cold Snap+1","floor":20.0},{"not_picked":["Gash","Hologram"],"picked":"BootSequence","floor":21.0},{"not_picked":["Genetic Algorithm","Coolheaded"],"picked":"Capacitor+1","floor":22.0},{"not_picked":["Stack+1","Compile Driver","Force Field"],"picked":"SKIP","floor":24.0},{"not_picked":["Undo","Reinforced Body","Ball Lightning"],"picked":"SKIP","floor":28.0},{"not_picked":["Steam","Genetic Algorithm"],"picked":"Conserve Battery+1","floor":29.0},{"not_picked":["Redo","BootSequence"],"picked":"Electrodynamics+1","floor":30.0},{"not_picked":["Steam Power","Chaos"],"picked":"Storm+1","floor":32.0},{"not_picked":["All For One","Reboot"],"picked":"Electrodynamics+1","floor":33.0},{"not_picked":["Recycle","Cold Snap+1","Skim+1"],"picked":"SKIP","floor":35.0},{"not_picked":["Leap","Steam","Ball Lightning"],"picked":"SKIP","floor":36.0},{"not_picked":["Hello World+1","Reinforced Body+1","Steam Power"],"picked":"SKIP","floor":39.0},{"not_picked":["Conserve Battery+1","Streamline"],"picked":"Coolheaded","floor":44.0},{"not_picked":["Genetic Algorithm+1","Streamline","Cold Snap"],"picked":"SKIP","floor":46.0}],"player_experience":3429357,"relics_obtained":[{"floor":9.0,"key":"Dream Catcher"},{"floor":12.0,"key":"Frozen Egg 2"},{"floor":13.0,"key":"Gremlin Horn"},{"floor":24.0,"key":"Lantern"},{"floor":26.0,"key":"Vajra"},{"floor":30.0,"key":"Orichalcum"},{"floor":31.0,"key":"Necronomicon"},{"floor":38.0,"key":"Bag of Preparation"}],"event_choices":[{"damage_healed":0.0,"max_hp_gain":0.0,"max_hp_loss":0.0,"gold_gain":0.0,"event_name":"Big Fish","player_choice":"Box","floor":3.0,"gold_loss":0.0,"damage_taken":0.0,"relics_obtained":["Turnip"],"cards_obtained":["Regret"]},{"damage_healed":0.0,"max_hp_gain":0.0,"max_hp_loss":7.0,"gold_gain":0.0,"event_name":"Golden Idol","player_choice":"Lose Max HP","floor":4.0,"gold_loss":0.0,"damage_taken":0.0,"relics_obtained":["Golden Idol"]},{"damage_healed":0.0,"max_hp_gain":0.0,"max_hp_loss":0.0,"gold_gain":0.0,"event_name":"The Cleric","player_choice":"Leave","floor":10.0,"gold_loss":0.0,"damage_taken":0.0},{"damage_healed":0.0,"max_hp_gain":0.0,"max_hp_loss":0.0,"gold_gain":0.0,"event_name":"Dead Adventurer","player_choice":"Searched \u00272\u0027 times","floor":12.0,"gold_loss":0.0,"damage_taken":0.0},{"damage_healed":0.0,"max_hp_gain":0.0,"max_hp_loss":0.0,"gold_gain":0.0,"event_name":"Duplicator","player_choice":"Copied","floor":19.0,"gold_loss":0.0,"damage_taken":0.0,"cards_obtained":["Defragment"]},{"damage_healed":0.0,"max_hp_gain":0.0,"max_hp_loss":0.0,"gold_gain":0.0,"event_name":"Cursed Tome","player_choice":"Obtained Book","floor":31.0,"gold_loss":0.0,"damage_taken":21.0},{"damage_healed":0.0,"max_hp_gain":0.0,"max_hp_loss":0.0,"gold_gain":333.0,"event_name":"The Moai Head","player_choice":"Gave Idol","floor":37.0,"relics_lost":["Golden Idol"],"gold_loss":0.0,"damage_taken":0.0},{"cards_removed":["Strike_B"],"damage_healed":0.0,"max_hp_gain":0.0,"max_hp_loss":0.0,"gold_gain":0.0,"event_name":"Purifier","player_choice":"Purged","floor":41.0,"gold_loss":0.0,"damage_taken":0.0},{"damage_healed":14.0,"max_hp_gain":0.0,"max_hp_loss":0.0,"gold_gain":0.0,"event_name":"Winding Halls","player_choice":"Writhe","floor":48.0,"gold_loss":0.0,"damage_taken":0.0,"cards_obtained":["Writhe"]}],"is_beta":true,"boss_relics":[{"not_picked":["Philosopher\u0027s Stone","Tiny House"],"picked":"FrozenCore"},{"not_picked":["Runic Pyramid","Nuclear Battery"],"picked":"Inserter"}],"items_purged_floors":[7,14,54],"is_endless":false,"potions_floor_spawned":[5,12,13,20,21,24,28,44,46],"killed_by":"Shield and Spear","ascension_level":20}