{"gold_per_floor":[113,124,12,12,23,23,50,50,129,129,129,43,71,91,91,91],"floor_reached":16,"playtime":1101,"items_purged":[],"score":216,"play_id":"0379ceca-8642-41ef-ae02-39fb99cad962","local_time":"20190728215822","is_ascension_mode":true,"campfire_choices":[{"data":"All Out Attack","floor":6.0,"key":"SMITH"},{"data":"All Out Attack","floor":8.0,"key":"SMITH"},{"data":"Dagger Spray","floor":10.0,"key":"SMITH"},{"data":"Prepared","floor":15.0,"key":"SMITH"}],"neow_cost":"NONE","seed_source_timestamp":3013312011718200,"circlet_count":0,"master_deck":["AscendersBane","Strike_G","Strike_G","Strike_G","Strike_G","Defend_G","Defend_G","Defend_G","Defend_G","Defend_G","Survivor","Neutralize","All Out Attack+1","Leg Sweep+1","All Out Attack+1","Deflect","Backstab","Dagger Spray+1","Eviscerate","Dash","Dagger Throw","Prepared+1"],"special_seed":0,"relics":["Ring of the Snake","Regal Pillow","Pantograph","Ice Cream"],"potions_floor_usage":[16],"damage_taken":[{"damage":1.0,"enemies":"Cultist","floor":1.0,"turns":4.0},{"damage":4.0,"enemies":"2 Louse","floor":2.0,"turns":3.0},{"damage":0.0,"enemies":"Jaw Worm","floor":5.0,"turns":4.0},{"damage":17.0,"enemies":"3 Sentries","floor":7.0,"turns":4.0},{"damage":21.0,"enemies":"Lagavulin","floor":13.0,"turns":5.0},{"damage":1.0,"enemies":"3 Louse","floor":14.0,"turns":2.0},{"damage":33,"enemies":"Slime Boss","floor":16,"turns":7}],"seed_played":"-7809750054401561194","potions_obtained":[{"floor":1.0,"key":"FearPotion"},{"floor":5.0,"key":"Dexterity Potion"},{"floor":13.0,"key":"PowerPotion"}],"is_trial":false,"path_per_floor":["M","M","$","?","M","R","E","R","T","R","?","$","E","M","R","B"],"character_chosen":"THE_SILENT","items_purchased":["Deflect","Backstab","Dash"],"campfire_rested":0,"item_purchase_floors":[3,3,12],"current_hp_per_floor":[58,54,54,47,47,47,30,30,30,30,30,30,9,8,8,0],"gold":91,"neow_bonus":"THREE_CARDS","is_prod":false,"is_daily":false,"chose_seed":false,"campfire_upgraded":4,"win_rate":0,"timestamp":1564376302,"path_taken":["M","M","?","?","M","R","E","R","T","R","?","$","E","M","R","BOSS"],"build_version":"2019-07-18","purchased_purges":0,"victory":false,"max_hp_per_floor":[66,66,66,66,66,66,66,66,66,66,66,66,66,66,66,66],"card_choices":[{"not_picked":["Predator","Underhanded Strike"],"picked":"All Out Attack","floor":0.0},{"not_picked":["Underhanded Strike","Bane"],"picked":"Leg Sweep","floor":1.0},{"not_picked":["Finisher","Blade Dance"],"picked":"All Out Attack","floor":2.0},{"not_picked":["Endless Agony","Caltrops"],"picked":"Dagger Spray","floor":5.0},{"not_picked":["Prepared","Blade Dance"],"picked":"Eviscerate","floor":7.0},{"not_picked":["Dodge and Roll","Sucker Punch"],"picked":"Dagger Throw","floor":13.0},{"not_picked":["Bouncing Flask","Sucker Punch"],"picked":"Prepared","floor":14.0}],"player_experience":3500901,"relics_obtained":[{"floor":7.0,"key":"Regal Pillow"},{"floor":9.0,"key":"Pantograph"},{"floor":13.0,"key":"Ice Cream"}],"event_choices":[{"cards_removed":["Strike_G"],"damage_healed":0.0,"max_hp_gain":0.0,"max_hp_loss":0.0,"gold_gain":0.0,"event_name":"Golden Wing","player_choice":"Card Removal","floor":4.0,"gold_loss":0.0,"damage_taken":7.0},{"damage_healed":0.0,"max_hp_gain":0.0,"max_hp_loss":0.0,"gold_gain":0.0,"event_name":"Living Wall","player_choice":"Grow","floor":11.0,"gold_loss":0.0,"damage_taken":0.0,"cards_upgraded":["Leg Sweep"]}],"is_beta":true,"boss_relics":[],"items_purged_floors":[],"is_endless":false,"potions_floor_spawned":[1,5,13],"killed_by":"Slime Boss","ascension_level":20}