{"gold_per_floor":[112,122,197,214,214,249,267,301,381,392,43,77,93,110,110,211,211,211,136,136,136,136,136,8,8,8,8,8,8,8,8,8,8,8,8,8,8,8,8,8,8,8,8],"floor_reached":43,"playtime":4196,"items_purged":["Strike_R"],"score":733,"play_id":"aecca2f1-80ad-4a48-b8d7-fdf15687730f","local_time":"20181221182711","is_ascension_mode":true,"campfire_choices":[{"floor":15.0,"key":"RECALL"},{"floor":23.0,"key":"REST"},{"data":"Corruption","floor":25.0,"key":"SMITH"},{"floor":28,"key":"REST"},{"data":"Armaments","floor":32,"key":"SMITH"},{"data":"Dark Embrace","floor":40,"key":"SMITH"}],"neow_cost":"NONE","seed_source_timestamp":0,"circlet_count":0,"master_deck":["Strike_R","Strike_R","Strike_R","Strike_R","Defend_R","Defend_R","Defend_R","Defend_R","Bash","Feel No Pain","Seeing Red","Corruption+1","Shrug It Off","Pummel","Dark Embrace+1","Flame Barrier","Fiend Fire","Headbutt","Infernal Blade","Juggernaut","Body Slam","Cleave","Armaments+1","Shrug It Off","Iron Wave","Feed","Twin Strike+1","Ghostly Armor","Flame Barrier"],"special_seed":0,"relics":["Burning Blood","Happy Flower","WarpedTongs","Bag of Preparation","Calipers","Sling","Bag of Marbles","Ectoplasm","Charon\u0027s Ashes","Mercury Hourglass","The Courier","Juzu Bracelet","Pantograph","MutagenicStrength","White Beast Statue","Sundial"],"potions_floor_usage":[27,27,33,38,38,43],"damage_taken":[{"damage":4.0,"enemies":"2 Louse","floor":1.0,"turns":4.0},{"damage":6.0,"enemies":"Cultist","floor":2.0,"turns":4.0},{"damage":7.0,"enemies":"Jaw Worm","floor":4.0,"turns":3.0},{"damage":40.0,"enemies":"3 Sentries","floor":6.0,"turns":10.0},{"damage":22.0,"enemies":"3 Louse","floor":7.0,"turns":5.0},{"damage":14.0,"enemies":"Gremlin Nob","floor":8.0,"turns":4.0},{"damage":7.0,"enemies":"Exordium Thugs","floor":10.0,"turns":6.0},{"damage":18.0,"enemies":"Lagavulin","floor":12.0,"turns":7.0},{"damage":5.0,"enemies":"Gremlin Gang","floor":13.0,"turns":6.0},{"damage":1.0,"enemies":"Blue Slaver","floor":14.0,"turns":1.0},{"damage":26.0,"enemies":"Slime Boss","floor":16.0,"turns":6.0},{"damage":1.0,"enemies":"3 Byrds","floor":18.0,"turns":3.0},{"damage":35.0,"enemies":"2 Thieves","floor":19.0,"turns":4.0},{"damage":14.0,"enemies":"Colosseum Slavers","floor":20.0,"turns":5.0},{"damage":22.0,"enemies":"Colosseum Nobs","floor":20.0,"turns":4.0},{"damage":25.0,"enemies":"Centurion and Healer","floor":22.0,"turns":3.0},{"damage":0,"enemies":"Book of Stabbing","floor":27,"turns":2},{"damage":10,"enemies":"Gremlin Leader","floor":29,"turns":4},{"damage":0,"enemies":"Chosen and Byrds","floor":31,"turns":3},{"damage":12,"enemies":"Champ","floor":33,"turns":7},{"damage":0,"enemies":"3 Shapes","floor":35,"turns":1},{"damage":6,"enemies":"Orb Walker","floor":36,"turns":3},{"damage":100,"enemies":"Awakened One","floor":38,"turns":8},{"damage":39,"enemies":"Shield and Spear","floor":42,"turns":4},{"damage":99,"enemies":"The Heart","floor":43,"turns":6}],"seed_played":"160824418587939318","potions_obtained":[{"floor":1.0,"key":"FearPotion"},{"floor":6.0,"key":"Block Potion"},{"floor":8.0,"key":"Block Potion"},{"floor":12.0,"key":"Ancient Potion"},{"floor":14.0,"key":"BloodPotion"},{"floor":22.0,"key":"EntropicBrew"},{"floor":27,"key":"BloodPotion"},{"floor":33,"key":"LiquidBronze"},{"floor":35,"key":"LiquidBronze"},{"floor":36,"key":"SkillPotion"},{"floor":42,"key":"Swift Potion"}],"is_trial":false,"path_per_floor":["M","M","M","?","M","?","E","M","E","T","M","$","E","M","M","R","B",null,"M","M","?","?","M","R","$","R","T","E","R","E","?","M","R","B",null,"M","M","?","B",null,"R","$","E","B"],"character_chosen":"IRONCLAD","items_purchased":["Sling","Regen Potion","BloodPotion","Armaments"],"campfire_rested":2,"item_purchase_floors":[11,11,11,24],"current_hp_per_floor":[80,80,69,68,68,34,18,10,10,9,9,20,21,26,26,14,80,80,51,27,27,8,32,32,32,32,38,62,58,58,64,64,74,80,83,83,83,12,86,86,86,53,0],"gold":8,"neow_bonus":"RANDOM_COMMON_RELIC","is_prod":false,"is_daily":false,"chose_seed":false,"campfire_upgraded":3,"win_rate":0,"timestamp":1545434831,"path_taken":["M","M","?","M","?","E","M","E","T","M","$","E","M","?","R","BOSS","M","M","?","?","M","R","$","R","T","E","R","E","?","M","R","BOSS","M","M","?","BOSS","R","$","E","BOSS"],"build_version":"2018-12-20","purchased_purges":1,"victory":false,"max_hp_per_floor":[80,80,80,80,80,80,80,80,80,80,80,80,80,80,80,80,80,80,80,80,80,80,80,80,80,80,80,80,80,80,80,80,80,80,83,83,83,86,86,86,86,86,86],"card_choices":[{"not_picked":["Second Wind","Perfected Strike"],"picked":"Feel No Pain","floor":1.0},{"not_picked":["Flex","True Grit"],"picked":"Seeing Red","floor":2.0},{"not_picked":["Shrug It Off","Heavy Blade"],"picked":"Corruption","floor":4.0},{"not_picked":["Warcry","Immolate"],"picked":"Shrug It Off","floor":6.0},{"not_picked":["Armaments","Cleave"],"picked":"Pummel","floor":7.0},{"not_picked":["Burning Pact","Disarm"],"picked":"Dark Embrace","floor":8.0},{"not_picked":["Anger","True Grit"],"picked":"Flame Barrier","floor":10.0},{"not_picked":["Thunderclap","Pommel Strike"],"picked":"Fiend Fire","floor":12.0},{"not_picked":["Corruption","Twin Strike"],"picked":"Headbutt","floor":13.0},{"not_picked":["Pommel Strike","Clash"],"picked":"Infernal Blade","floor":14.0},{"not_picked":["Reaper","Feed"],"picked":"Juggernaut","floor":16.0},{"not_picked":["Headbutt","Armaments"],"picked":"Body Slam","floor":18.0},{"not_picked":["Flex","Twin Strike"],"picked":"Cleave","floor":19.0},{"not_picked":["Wild Strike","Thunderclap","True Grit+1"],"picked":"SKIP","floor":22.0},{"not_picked":["Clash+1","Dropkick"],"picked":"Shrug It Off","floor":27},{"not_picked":["Sever Soul","Corruption+1"],"picked":"Iron Wave","floor":29},{"not_picked":["Thunderclap","Combust","Wild Strike"],"picked":"SKIP","floor":31},{"not_picked":["Fiend Fire","Juggernaut"],"picked":"Feed","floor":33},{"not_picked":["True Grit","Carnage"],"picked":"Twin Strike+1","floor":35},{"not_picked":["Perfected Strike+1","Cleave+1"],"picked":"Ghostly Armor","floor":36},{"not_picked":["Immolate","Dropkick+1"],"picked":"Flame Barrier","floor":42}],"player_experience":187238,"relics_obtained":[{"floor":6.0,"key":"Bag of Preparation"},{"floor":8.0,"key":"Calipers"},{"floor":12.0,"key":"Bag of Marbles"},{"floor":20.0,"key":"Charon\u0027s Ashes"},{"floor":20.0,"key":"Mercury Hourglass"},{"floor":26.0,"key":"The Courier"},{"floor":27,"key":"Juzu Bracelet"},{"floor":29,"key":"Pantograph"},{"floor":42,"key":"Sundial"}],"event_choices":[{"damage_healed":0.0,"max_hp_gain":0.0,"max_hp_loss":0.0,"gold_gain":75.0,"event_name":"World of Goop","player_choice":"Gather Gold","floor":3.0,"gold_loss":0.0,"damage_taken":11.0},{"damage_healed":0.0,"max_hp_gain":0.0,"max_hp_loss":0.0,"gold_gain":0.0,"event_name":"Accursed Blacksmith","player_choice":"Rummage","floor":5.0,"gold_loss":0.0,"damage_taken":0.0,"relics_obtained":["WarpedTongs"],"cards_obtained":["Pain"]},{"damage_healed":0.0,"max_hp_gain":0.0,"max_hp_loss":0.0,"gold_gain":0.0,"event_name":"Colosseum","player_choice":"Fight","floor":20.0,"gold_loss":0.0,"damage_taken":0.0},{"damage_healed":0.0,"max_hp_gain":0.0,"max_hp_loss":0.0,"gold_gain":0.0,"event_name":"Colosseum","player_choice":"Fought Nobs","floor":20.0,"gold_loss":0.0,"damage_taken":0.0},{"cards_removed":["Pain"],"damage_healed":0.0,"max_hp_gain":0.0,"max_hp_loss":0.0,"gold_gain":0.0,"event_name":"Back to Basics","player_choice":"Elegance","floor":21.0,"gold_loss":0.0,"damage_taken":0.0},{"damage_healed":0,"gold_gain":0,"player_choice":"Inject Mutagens","damage_taken":0,"relics_obtained":["MutagenicStrength"],"max_hp_gain":0,"max_hp_loss":0,"event_name":"Drug Dealer","floor":30,"gold_loss":0},{"damage_healed":0,"gold_gain":0,"player_choice":"Took Portal","damage_taken":0,"max_hp_gain":0,"max_hp_loss":0,"event_name":"SecretPortal","floor":37,"gold_loss":0}],"is_beta":false,"boss_relics":[{"not_picked":["Velvet Choker","Runic Dome"],"picked":"Ectoplasm"},{"not_picked":["Black Blood","Coffee Dripper"],"picked":"White Beast Statue"}],"items_purged_floors":[24],"is_endless":false,"potions_floor_spawned":[1,6,8,12,14,20,22,27,33,35,36,42],"killed_by":"The Heart","ascension_level":2}