{"gold_per_floor":[113,113,113,126,136,136,136,136,136,136,153,171,187,29,29,134,134,146,163,263,263,338,338,350,364,445,345,345,357,357,370,370,468,468,480,480,498,517,392,392,407,407,407,407,407,407,425,425,425,425],"floor_reached":51,"playtime":3161,"items_purged":["Strike_B","Defend_B","Defend_B"],"score":689,"play_id":"b86b208d-c963-4c88-b6d5-77f41df956bd","local_time":"20190517034029","is_ascension_mode":false,"campfire_choices":[{"data":"Redo","floor":6.0,"key":"SMITH"},{"data":"Zap","floor":8.0,"key":"SMITH"},{"data":"Dualcast","floor":10.0,"key":"SMITH"},{"data":"Consume","floor":15.0,"key":"SMITH"},{"data":"Electrodynamics","floor":23.0,"key":"SMITH"},{"data":"Loop","floor":28.0,"key":"SMITH"},{"data":"Defragment","floor":32.0,"key":"SMITH"},{"data":"Multi-Cast","floor":40.0,"key":"SMITH"},{"data":"Loop","floor":42.0,"key":"SMITH"},{"data":"Amplify","floor":44.0,"key":"SMITH"},{"floor":49,"key":"REST"}],"neow_cost":"NONE","seed_source_timestamp":174433593754300,"circlet_count":0,"master_deck":["Strike_B","Defend_B","Defend_B","Zap+1","Dualcast+1","Consume+1","Redo+1","Doom and Gloom","Amplify+1","Core Surge","Conserve Battery","Loop+1","Conserve Battery","Electrodynamics+1","Undo","Coolheaded","Ball Lightning","Force Field","Sunder","Defragment+1","Multi-Cast+1","Redo+1","Bandage Up","Loop+1","Reinforced Body+1","Doubt"],"special_seed":0,"relics":["Velvet Choker"],"potions_floor_usage":[50,50],"damage_taken":[{"damage":1.0,"enemies":"Jaw Worm","floor":1.0,"turns":3.0},{"damage":1.0,"enemies":"2 Louse","floor":4.0,"turns":3.0},{"damage":1.0,"enemies":"Cultist","floor":5.0,"turns":3.0},{"damage":2.0,"enemies":"Blue Slaver","floor":11.0,"turns":3.0},{"damage":5.0,"enemies":"Gremlin Gang","floor":12.0,"turns":3.0},{"damage":5.0,"enemies":"Looter","floor":13.0,"turns":3.0},{"damage":0.0,"enemies":"Slime Boss","floor":16.0,"turns":6.0},{"damage":5.0,"enemies":"Chosen","floor":18.0,"turns":4.0},{"damage":8.0,"enemies":"3 Byrds","floor":19.0,"turns":3.0},{"damage":8.0,"enemies":"Colosseum Slavers","floor":20.0,"turns":5.0},{"damage":17.0,"enemies":"Colosseum Nobs","floor":20.0,"turns":3.0},{"damage":10.0,"enemies":"Snecko","floor":24.0,"turns":6.0},{"damage":8.0,"enemies":"Snake Plant","floor":25.0,"turns":6.0},{"damage":10.0,"enemies":"Shelled Parasite and Fungi","floor":29.0,"turns":4.0},{"damage":5.0,"enemies":"Centurion and Healer","floor":31.0,"turns":5.0},{"damage":1.0,"enemies":"Automaton","floor":33.0,"turns":9.0},{"damage":11.0,"enemies":"Orb Walker","floor":35.0,"turns":4.0},{"damage":0.0,"enemies":"3 Shapes","floor":37.0,"turns":3.0},{"damage":12.0,"enemies":"Transient","floor":38.0,"turns":5.0},{"damage":31.0,"enemies":"Writhing Mass","floor":41.0,"turns":4.0},{"damage":22,"enemies":"3 Darklings","floor":47,"turns":5},{"damage":79,"enemies":"Donu and Deca","floor":50,"turns":7}],"seed_played":"-3293225390177256744","potions_obtained":[{"floor":4.0,"key":"Strength Potion"},{"floor":11.0,"key":"Dexterity Potion"},{"floor":13.0,"key":"Poison Potion"},{"floor":16.0,"key":"LiquidBronze"},{"floor":20.0,"key":"Poison Potion"},{"floor":25.0,"key":"Fruit Juice"},{"floor":31.0,"key":"Strength Potion"},{"floor":35.0,"key":"FocusPotion"}],"is_trial":false,"path_per_floor":["M","?","?","M","M","R","?","R","T","R","M","M","M","$","R","B",null,"M","M","?","?","T","R","M","M","T","$","R","M","?","M","R","B",null,"M","?","M","M","$","R","M","R","T","R","?","?","M","?","R","B",null],"character_chosen":"DEFECT","items_purchased":["Loop","Conserve Battery"],"campfire_rested":1,"item_purchase_floors":[14,14],"current_hp_per_floor":[74,79,79,78,77,77,77,77,77,77,75,70,65,65,65,65,80,75,67,42,42,42,42,32,29,29,29,29,19,19,14,14,13,85,74,74,78,70,70,70,43,43,43,43,43,85,63,63,85,10],"gold":425,"neow_bonus":"BOSS_RELIC","is_prod":false,"is_daily":false,"chose_seed":false,"campfire_upgraded":10,"win_rate":0,"timestamp":1558089629,"path_taken":["M","?","?","?","M","R","?","R","T","R","M","M","?","$","R","BOSS","M","M","?","?","?","R","M","M","T","$","R","M","?","?","R","BOSS","M","?","M","M","$","R","M","R","T","R","?","?","M","?","R","BOSS"],"build_version":"2019-05-07","purchased_purges":3,"victory":true,"max_hp_per_floor":[75,80,80,80,80,80,80,80,80,80,80,80,80,80,80,80,80,80,80,80,80,80,80,80,85,85,85,85,85,85,85,85,85,85,85,85,85,85,85,85,85,85,85,85,85,85,85,85,85,85],"card_choices":[{"not_picked":["Turbo","Gash"],"picked":"Consume","floor":1.0},{"not_picked":["Stack","Compile Driver"],"picked":"Redo","floor":4.0},{"not_picked":["Tempest","Turbo"],"picked":"Doom and Gloom","floor":5.0},{"not_picked":["Steam","Beam Cell"],"picked":"Core Surge","floor":11.0},{"not_picked":["Go for the Eyes","Heatsinks","Compile Driver"],"picked":"SKIP","floor":12.0},{"not_picked":["Leap","Sweeping Beam"],"picked":"Conserve Battery","floor":13.0},{"not_picked":["Rainbow","Fission"],"picked":"Electrodynamics","floor":16.0},{"not_picked":["Go for the Eyes","Redo"],"picked":"Undo","floor":18.0},{"not_picked":["Stack","Genetic Algorithm"],"picked":"Cold Snap","floor":19.0},{"not_picked":["Rebound+1","Cold Snap"],"picked":"Coolheaded","floor":20.0},{"not_picked":["Fusion+1","Blizzard"],"picked":"Ball Lightning","floor":24.0},{"not_picked":["Auto Shields","Static Discharge"],"picked":"Force Field","floor":25.0},{"not_picked":["Conserve Battery","Fission"],"picked":"Sunder","floor":29.0},{"not_picked":["Coolheaded","Doom and Gloom+1"],"picked":"Defragment","floor":31.0},{"not_picked":["Meteor Strike","Rainbow"],"picked":"Multi-Cast","floor":33.0},{"not_picked":["Stack+1","FTL+1"],"picked":"Redo+1","floor":35.0},{"not_picked":["Madness","Impatience"],"picked":"Bandage Up","floor":36.0},{"not_picked":["Stack+1","Cold Snap","Ball Lightning"],"picked":"SKIP","floor":37.0},{"not_picked":["All For One","Steam+1"],"picked":"Loop","floor":38.0},{"not_picked":["Beam Cell","Rebound"],"picked":"Reinforced Body+1","floor":41.0},{"not_picked":["Compile Driver","Ball Lightning+1","Aggregate+1"],"picked":"SKIP","floor":47}],"player_experience":3449039,"relics_obtained":[],"event_choices":[{"damage_healed":0.0,"max_hp_gain":5.0,"max_hp_loss":0.0,"gold_gain":0.0,"event_name":"Big Fish","player_choice":"Donut","floor":2.0,"gold_loss":0.0,"damage_taken":0.0},{"cards_removed":["Strike_B"],"damage_healed":0.0,"max_hp_gain":0.0,"max_hp_loss":0.0,"gold_gain":0.0,"event_name":"Bonfire Elementals","player_choice":"Offered Basic","floor":3.0,"gold_loss":0.0,"damage_taken":0.0},{"damage_healed":0.0,"max_hp_gain":0.0,"max_hp_loss":0.0,"gold_gain":0.0,"cards_transformed":["Strike_B"],"event_name":"Transmorgrifier","player_choice":"Transformed","floor":7.0,"gold_loss":0.0,"damage_taken":0.0,"cards_obtained":["Amplify"]},{"damage_healed":0.0,"max_hp_gain":0.0,"max_hp_loss":0.0,"gold_gain":0.0,"event_name":"Colosseum","player_choice":"Fight","floor":20.0,"gold_loss":0.0,"damage_taken":0.0},{"damage_healed":0.0,"max_hp_gain":0.0,"max_hp_loss":0.0,"gold_gain":0.0,"event_name":"Colosseum","player_choice":"Fought Nobs","floor":20.0,"gold_loss":0.0,"damage_taken":0.0},{"damage_healed":0.0,"max_hp_gain":0.0,"max_hp_loss":0.0,"gold_gain":0.0,"event_name":"Ghosts","player_choice":"Ignored","floor":21.0,"gold_loss":0.0,"damage_taken":0.0},{"damage_healed":0.0,"max_hp_gain":0.0,"max_hp_loss":0.0,"gold_gain":0.0,"event_name":"FaceTrader","player_choice":"Leave","floor":30.0,"gold_loss":0.0,"damage_taken":0.0},{"damage_healed":0.0,"max_hp_gain":0.0,"max_hp_loss":0.0,"gold_gain":0.0,"event_name":"SensoryStone","player_choice":"Memory 1","floor":36.0,"gold_loss":0.0,"damage_taken":0.0},{"cards_removed":["Cold Snap"],"damage_healed":0.0,"max_hp_gain":0.0,"max_hp_loss":0.0,"gold_gain":0.0,"event_name":"Falling","player_choice":"Removed Attack","floor":45.0,"gold_loss":0.0,"damage_taken":0.0},{"damage_healed":42.0,"max_hp_gain":0.0,"max_hp_loss":0.0,"gold_gain":0.0,"event_name":"MindBloom","player_choice":"Heal","floor":46.0,"gold_loss":0.0,"damage_taken":0.0,"cards_obtained":["Doubt"]},{"damage_healed":0,"gold_gain":0,"player_choice":"Ignored","damage_taken":0,"max_hp_gain":0,"max_hp_loss":0,"event_name":"Mysterious Sphere","floor":48,"gold_loss":0}],"is_beta":true,"boss_relics":[{"not_picked":["Coffee Dripper","Sozu","White Beast Statue"]},{"not_picked":["Nuclear Battery","Inserter","Snecko Eye"]}],"items_purged_floors":[14,27,39],"is_endless":false,"potions_floor_spawned":[4,11,13,16,20,25,31,35],"ascension_level":0}