{"gold_per_floor":[360,370,370,396,66,66,81,81,81,98,12,12,39,57,57,132,132,146,146,166,166,177,177,9,9,9,9,9,37,47,61,61,134,134,150,150,168,1167,500,500,520,520,544,560,571,581,34,53,53,53],"floor_reached":51,"playtime":2514,"items_purged":["Normality","Normality"],"score":1299,"play_id":"0baabcdb-87dd-4f22-9ef7-ba901597c79d","local_time":"20190314050639","is_ascension_mode":true,"campfire_choices":[{"data":"Bash","floor":6,"key":"SMITH"},{"data":"Spot Weakness","floor":12,"key":"SMITH"},{"floor":15,"key":"REST"},{"data":"Uppercut","floor":23,"key":"SMITH"},{"data":"Flame Barrier","floor":25,"key":"SMITH"},{"data":"Disarm","floor":28,"key":"SMITH"},{"floor":32,"key":"REST"},{"data":"Demon Form","floor":40,"key":"SMITH"},{"floor":49,"key":"REST"}],"neow_cost":"CURSE","seed_source_timestamp":350888845143009,"circlet_count":0,"master_deck":["AscendersBane","Strike_R","Strike_R","Strike_R","Strike_R","Strike_R","Defend_R","Defend_R","Defend_R","Defend_R","Bash+1","Spot Weakness+1","Pommel Strike","Metallicize","Uppercut+1","Disarm+1","Flame Barrier+1","Immolate+1","Rage","Anger+1","True Grit+1","Demon Form+1","Thunderclap+1","Iron Wave+1","Impervious","Headbutt+1","Madness","Madness","Metallicize","Shrug It Off+1","Shrug It Off+1","Shockwave","Heavy Blade+1"],"relics":["Burning Blood","Red Skull","FossilizedHelix","Strawberry","Molten Egg 2","Velvet Choker","Lantern","Bottled Lightning","Art of War","Snecko Eye","Gremlin Horn","Matryoshka","Orichalcum","Bronze Scales","Vajra","Brimstone"],"potions_floor_usage":[7,10,13,16,31,33,41,44,46],"damage_taken":[{"damage":13,"enemies":"Jaw Worm","floor":1,"turns":4},{"damage":12,"enemies":"Small Slimes","floor":2,"turns":3},{"damage":0,"enemies":"Cultist","floor":7,"turns":3},{"damage":0,"enemies":"Large Slime","floor":10,"turns":3},{"damage":22,"enemies":"Gremlin Nob","floor":13,"turns":4},{"damage":18,"enemies":"3 Louse","floor":14,"turns":3},{"damage":57,"enemies":"Slime Boss","floor":16,"turns":12},{"damage":19,"enemies":"Spheric Guardian","floor":18,"turns":4},{"damage":13,"enemies":"2 Thieves","floor":20,"turns":3},{"damage":1,"enemies":"Centurion and Healer","floor":22,"turns":5},{"damage":30,"enemies":"Gremlin Leader","floor":29,"turns":6},{"damage":5,"enemies":"Shelled Parasite and Fungi","floor":30,"turns":4},{"damage":0,"enemies":"Cultist and Chosen","floor":31,"turns":4},{"damage":51,"enemies":"Automaton","floor":33,"turns":7},{"damage":0,"enemies":"3 Shapes","floor":35,"turns":2},{"damage":0,"enemies":"Orb Walker","floor":37,"turns":3},{"damage":0,"enemies":"3 Darklings","floor":41,"turns":3},{"damage":26,"enemies":"Jaw Worm Horde","floor":44,"turns":2},{"damage":25,"enemies":"Maw","floor":45,"turns":7},{"damage":0,"enemies":"Transient","floor":46,"turns":6},{"damage":31,"enemies":"Jaw Worm Horde","floor":48,"turns":2},{"damage":19,"enemies":"Time Eater","floor":50,"turns":6}],"seed_played":"-5488642900716891545","potions_obtained":[{"floor":1,"key":"Poison Potion"},{"floor":2,"key":"LiquidBronze"},{"floor":7,"key":"AttackPotion"},{"floor":14,"key":"Ancient Potion"},{"floor":30,"key":"Dexterity Potion"},{"floor":31,"key":"SkillPotion"},{"floor":35,"key":"Weak Potion"},{"floor":37,"key":"GamblersBrew"},{"floor":41,"key":"Energy Potion"},{"floor":45,"key":"EssenceOfSteel"}],"is_trial":false,"path_per_floor":["M","M","?","T","$","R","M","?","T","M","$","R","E","M","R","B",null,"M","?","M","?","M","R","$","R","T","$","R","E","M","M","R","B",null,"M","?","M","?","$","R","M","?","T","M","M","M","$","M","R","B",null],"character_chosen":"IRONCLAD","items_purchased":["FossilizedHelix","Disarm","Lantern","Gremlin Horn","Matryoshka","PowerPotion","Vajra","Brimstone","Shockwave"],"campfire_rested":3,"item_purchase_floors":[5,11,24,39,39,39,47,47,47],"current_hp_per_floor":[61,55,48,48,48,48,54,54,61,67,67,67,51,39,63,12,65,52,52,45,50,55,55,55,55,55,55,55,31,32,38,62,17,66,72,57,63,63,63,63,69,69,69,49,30,36,36,11,35,22],"gold":53,"neow_bonus":"TWO_FIFTY_GOLD","is_prod":false,"is_daily":false,"chose_seed":false,"campfire_upgraded":6,"win_rate":0,"timestamp":1552536399,"path_taken":["M","M","?","?","$","R","M","?","T","?","$","R","E","M","R","BOSS","M","?","M","?","M","R","$","R","T","$","R","E","M","?","R","BOSS","M","?","M","?","$","R","M","?","T","M","M","M","$","M","R","BOSS"],"build_version":"2019-02-06","purchased_purges":2,"victory":true,"max_hp_per_floor":[75,75,75,75,75,75,75,75,82,82,82,82,82,82,82,82,82,82,82,82,82,82,82,82,82,82,82,82,82,82,82,82,82,82,82,82,82,82,82,82,82,82,82,82,82,82,82,82,82,82],"card_choices":[{"not_picked":["Carnage","Shrug It Off"],"picked":"Spot Weakness","floor":1},{"not_picked":["Intimidate","Metallicize"],"picked":"Pommel Strike","floor":2},{"not_picked":["Rage","Flex"],"picked":"Cleave","floor":7},{"not_picked":["Searing Blow","Perfected Strike"],"picked":"Uppercut","floor":10},{"not_picked":["True Grit","Hemokinesis","Bloodletting"],"picked":"SKIP","floor":13},{"not_picked":["Metallicize","Armaments"],"picked":"Flame Barrier","floor":14},{"not_picked":["Juggernaut","Feed+1"],"picked":"Immolate+1","floor":16},{"not_picked":["Warcry","Twin Strike+1"],"picked":"Rage","floor":18},{"not_picked":["Twin Strike+1","Sword Boomerang+1"],"picked":"Anger+1","floor":20},{"not_picked":["Body Slam+1","Iron Wave+1"],"picked":"True Grit+1","floor":22},{"not_picked":["Heavy Blade+1","Reckless Charge+1"],"picked":"Demon Form","floor":29},{"not_picked":["Cleave+1","Clothesline+1"],"picked":"Thunderclap+1","floor":30},{"not_picked":["Rage","Clothesline+1"],"picked":"Iron Wave+1","floor":31},{"not_picked":["Barricade","Juggernaut"],"picked":"Impervious","floor":33},{"not_picked":["Body Slam+1","Clash+1"],"picked":"Headbutt+1","floor":35},{"not_picked":["Wild Strike+1","Armaments"],"picked":"Metallicize","floor":37},{"not_picked":["Twin Strike+1","Flex","Clash+1"],"picked":"SKIP","floor":41},{"not_picked":["Disarm","Sword Boomerang+1"],"picked":"Shrug It Off+1","floor":44},{"not_picked":["Havoc","Headbutt+1"],"picked":"Shrug It Off+1","floor":45},{"not_picked":["Seeing Red","Cleave+1","Pommel Strike+1"],"picked":"SKIP","floor":46},{"not_picked":["Flame Barrier","Dark Embrace"],"picked":"Heavy Blade+1","floor":48}],"player_experience":276625,"relics_obtained":[{"floor":4,"key":"Red Skull"},{"floor":9,"key":"Strawberry"},{"floor":13,"key":"Molten Egg 2"},{"floor":26,"key":"Bottled Lightning"},{"floor":29,"key":"Art of War"},{"floor":43,"key":"Orichalcum"},{"floor":43,"key":"Bronze Scales"}],"event_choices":[{"cards_removed":["Decay"],"damage_healed":0,"gold_gain":0,"player_choice":"Card Removal","damage_taken":7,"max_hp_gain":0,"max_hp_loss":0,"event_name":"Golden Wing","floor":3,"gold_loss":0},{"damage_healed":0,"gold_gain":0,"player_choice":"1 cards matched","damage_taken":0,"max_hp_gain":0,"max_hp_loss":0,"event_name":"Match and Keep!","floor":8,"gold_loss":0,"cards_obtained":["Metallicize"]},{"damage_healed":0,"gold_gain":0,"player_choice":"Ignored","damage_taken":0,"max_hp_gain":0,"max_hp_loss":0,"event_name":"Vampires","floor":19,"gold_loss":0},{"cards_removed":["Cleave"],"damage_healed":5,"gold_gain":0,"player_choice":"Offered Common","damage_taken":0,"max_hp_gain":0,"max_hp_loss":0,"event_name":"Bonfire Elementals","floor":21,"gold_loss":0},{"cards_removed":["Cleave"],"damage_healed":5,"gold_gain":0,"player_choice":"Offered Special","damage_taken":0,"max_hp_gain":0,"max_hp_loss":0,"event_name":"Bonfire Elementals","floor":21,"gold_loss":0},{"damage_healed":0,"gold_gain":0,"player_choice":"Embrace Madness","damage_taken":15,"max_hp_gain":0,"max_hp_loss":0,"event_name":"Winding Halls","floor":36,"gold_loss":0,"cards_obtained":["Madness","Madness"]},{"damage_healed":0,"gold_gain":999,"player_choice":"Gold","damage_taken":0,"max_hp_gain":0,"max_hp_loss":0,"event_name":"MindBloom","floor":38,"gold_loss":0,"cards_obtained":["Normality","Normality"]},{"damage_healed":0,"gold_gain":0,"player_choice":"Ignored","damage_taken":0,"max_hp_gain":0,"max_hp_loss":0,"event_name":"Tomb of Lord Red Mask","floor":42,"gold_loss":0}],"is_beta":true,"boss_relics":[{"not_picked":["Fusion Hammer","Pandora\u0027s Box"],"picked":"Velvet Choker"},{"not_picked":["Calling Bell","Black Star"],"picked":"Snecko Eye"}],"items_purged_floors":[39,47],"is_endless":false,"potions_floor_spawned":[1,2,7,14,30,31,35,37,41,45],"ascension_level":18}