{"gold_per_floor":[218,233,4,4,22,22,33,33,58,127,21,71,196,213,213,287,287,297,347,295,312,105,105,134,134,134,184,284,334],"floor_reached":29,"playtime":1087,"items_purged":["Defend_B","Strike_B+1"],"score":462,"play_id":"69570ee4-8c0a-4396-ac29-ffead3994cf7","local_time":"20181224172401","is_ascension_mode":true,"campfire_choices":[{"data":"Zap","floor":6,"key":"SMITH"},{"data":"Go for the Eyes","floor":8,"key":"SMITH"},{"data":"Coolheaded","floor":15,"key":"SMITH"},{"floor":23,"key":"REST"},{"floor":25,"key":"REST"}],"neow_cost":"NONE","seed_source_timestamp":0,"circlet_count":0,"master_deck":["AscendersBane","Strike_B+1","Strike_B+1","Defend_B+1","Defend_B+1","Defend_B+1","Zap+1","Dualcast","Go for the Eyes+1","Leap","Steam","Coolheaded+1","Gash","White Noise","Reboot","Barrage+1","Gash","Melter","Capacitor","Hologram"],"special_seed":0,"relics":["Cracked Core","ClockworkSouvenir","SsserpentHead","Smiling Mask","Cursed Key","Bronze Scales"],"potions_floor_usage":[16,16,24,24],"damage_taken":[{"damage":4.0,"enemies":"2 Louse","floor":1.0,"turns":3.0},{"damage":1.0,"enemies":"Cultist","floor":2.0,"turns":3.0},{"damage":7.0,"enemies":"Jaw Worm","floor":5.0,"turns":4.0},{"damage":0,"enemies":"Blue Slaver","floor":7,"turns":3},{"damage":2,"enemies":"3 Louse","floor":10,"turns":3},{"damage":0,"enemies":"Looter","floor":14,"turns":3},{"damage":20,"enemies":"The Guardian","floor":16,"turns":12},{"damage":12,"enemies":"Shell Parasite","floor":18,"turns":9},{"damage":14,"enemies":"2 Thieves","floor":21,"turns":4},{"damage":63,"enemies":"Book of Stabbing","floor":24,"turns":7},{"damage":25,"enemies":"3 Cultists","floor":29,"turns":4}],"seed_played":"4139054277894073862","potions_obtained":[{"floor":2.0,"key":"Block Potion"},{"floor":5.0,"key":"PowerPotion"},{"floor":21,"key":"Regen Potion"}],"is_trial":false,"path_per_floor":["M","M","$","?","M","R","M","R","T","M","$","?","?","M","R","B",null,"M","?","$","M","$","R","E","R","T","?","?","M"],"character_chosen":"DEFECT","items_purchased":["ClockworkSouvenir","Gash","Gash","Capacitor","FocusPotion"],"campfire_rested":2,"item_purchase_floors":[3,11,20,22,22],"current_hp_per_floor":[60,59,59,59,52,52,52,52,52,50,50,43,32,32,32,12,56,44,44,44,30,30,51,3,24,24,24,24,0],"gold":334,"neow_bonus":"HUNDRED_GOLD","is_prod":false,"is_daily":false,"chose_seed":false,"campfire_upgraded":3,"win_rate":0,"timestamp":1545701041,"path_taken":["M","M","$","?","M","R","M","R","T","?","$","?","?","M","R","BOSS","M","?","$","M","$","R","E","R","T","?","?","?"],"build_version":"2018-12-20","purchased_purges":2,"victory":false,"max_hp_per_floor":[71,71,71,71,71,71,71,71,71,71,71,71,71,71,71,71,71,71,71,71,71,71,71,71,71,71,71,71,71],"card_choices":[{"not_picked":["Barrage","Recycle"],"picked":"Go for the Eyes","floor":1.0},{"not_picked":["Redo","Undo"],"picked":"Leap","floor":2.0},{"not_picked":["Beam Cell","Steam Power","Stack"],"picked":"SKIP","floor":5.0},{"not_picked":["Auto Shields","Go for the Eyes"],"picked":"Steam","floor":7},{"not_picked":["Barrage","Redo"],"picked":"Coolheaded","floor":10},{"not_picked":["Recycle","Aggregate"],"picked":"White Noise","floor":14},{"not_picked":["Hyperbeam","Amplify"],"picked":"Reboot","floor":16},{"not_picked":["Reprogram","Conserve Battery"],"picked":"Barrage+1","floor":18},{"not_picked":["Consume","Steam"],"picked":"Melter","floor":21},{"not_picked":["Sweeping Beam","Sunder"],"picked":"Hologram","floor":24}],"player_experience":1134414,"relics_obtained":[{"floor":9,"key":"Smiling Mask"},{"floor":24,"key":"Bronze Scales"}],"event_choices":[{"damage_healed":0.0,"max_hp_gain":0.0,"max_hp_loss":0.0,"gold_gain":0.0,"event_name":"FaceTrader","player_choice":"Trade","floor":4.0,"gold_loss":0.0,"damage_taken":0.0,"relics_obtained":["SsserpentHead"]},{"cards_removed":["Strike_B"],"damage_healed":0,"gold_gain":0,"player_choice":"Card Removal","damage_taken":7,"max_hp_gain":0,"max_hp_loss":0,"event_name":"Golden Wing","floor":12,"gold_loss":0},{"damage_healed":0,"gold_gain":75,"player_choice":"Gather Gold","damage_taken":11,"max_hp_gain":0,"max_hp_loss":0,"event_name":"World of Goop","floor":13,"gold_loss":0},{"damage_healed":0,"gold_gain":0,"player_choice":"Simplicity","damage_taken":0,"max_hp_gain":0,"max_hp_loss":0,"event_name":"Back to Basics","floor":19,"gold_loss":0,"cards_upgraded":["Strike_B","Strike_B","Strike_B","Defend_B","Defend_B","Defend_B"]},{"damage_healed":0,"gold_gain":0,"player_choice":"Ignored","damage_taken":0,"max_hp_gain":0,"max_hp_loss":0,"event_name":"Cursed Tome","floor":27,"gold_loss":0},{"damage_healed":0,"gold_gain":50,"player_choice":"Stole From Cult","damage_taken":0,"max_hp_gain":0,"max_hp_loss":0,"event_name":"Nest","floor":28,"gold_loss":0}],"is_beta":true,"boss_relics":[{"not_picked":["Busted Crown","Coffee Dripper"],"picked":"Cursed Key"}],"items_purged_floors":[11,22],"is_endless":false,"potions_floor_spawned":[2,5,14,21],"killed_by":"3 Cultists","ascension_level":20}