{"gold_per_floor":[111,123,123,136,152,152,152,152,152,172,203,203,217,244,244,343,343,359,376,32,32],"floor_reached":21,"playtime":1101,"items_purged":["Decay"],"score":309,"play_id":"9836ed8f-c3a5-4053-ae44-4ca1f8f33432","local_time":"20181112193003","is_ascension_mode":true,"campfire_choices":[{"data":"Poisoned Stab","floor":6,"key":"SMITH"},{"data":"After Image","floor":8,"key":"SMITH"},{"data":"Backflip","floor":12,"key":"SMITH"},{"data":"Catalyst","floor":15,"key":"SMITH"}],"neow_cost":"NONE","seed_source_timestamp":0,"circlet_count":0,"master_deck":["Defend_G+1","Defend_G","Defend_G","Defend_G+1","Defend_G","Strike_G","Strike_G","Strike_G","Strike_G","Survivor","Neutralize","PiercingWail","Catalyst+1","After Image+1","Poisoned Stab+1","Deadly Poison","Poisoned Stab+1","Backflip+1","Dash+1","Night Terror","Decay","Parasite","Deflect","Backstab+1","Noxious Fumes"],"special_seed":0,"relics":["Ring of the Snake","Pantograph","Molten Egg 2","Matryoshka","Anchor","Vajra","Calling Bell","War Paint","Dodecahedron","Ginger","TwistedFunnel"],"potions_floor_usage":[10,11,16],"damage_taken":[{"damage":0,"enemies":"Jaw Worm","floor":1,"turns":4},{"damage":0,"enemies":"2 Louse","floor":2,"turns":4},{"damage":0,"enemies":"Small Slimes","floor":4,"turns":7},{"damage":4,"enemies":"Looter","floor":5,"turns":4},{"damage":7,"enemies":"Lots of Slimes","floor":10,"turns":6},{"damage":11,"enemies":"Gremlin Nob","floor":11,"turns":3},{"damage":12,"enemies":"Red Slaver","floor":13,"turns":3},{"damage":3,"enemies":"Hexaghost","floor":16,"turns":7},{"damage":22,"enemies":"Spheric Guardian","floor":18,"turns":6},{"damage":32,"enemies":"3 Byrds","floor":19,"turns":8},{"damage":23,"enemies":"Centurion and Healer","floor":21,"turns":4}],"seed_played":"-7507341164446217639","potions_obtained":[{"floor":2,"key":"FearPotion"},{"floor":4,"key":"GamblersBrew"},{"floor":5,"key":"Energy Potion"},{"floor":11,"key":"Dexterity Potion"},{"floor":16,"key":"Ancient Potion"}],"is_trial":false,"path_per_floor":["M","M","?","M","M","R","?","R","T","M","E","R","M","T","R","B",null,"M","M","$","M"],"character_chosen":"THE_SILENT","items_purchased":["Noxious Fumes","TwistedFunnel"],"campfire_rested":0,"item_purchase_floors":[20,20],"current_hp_per_floor":[77,77,77,77,73,73,61,61,61,54,43,43,31,31,31,53,77,55,23,23,0],"gold":32,"neow_bonus":"TEN_PERCENT_HP_BONUS","is_prod":false,"is_daily":false,"chose_seed":false,"campfire_upgraded":4,"win_rate":0,"timestamp":1542047403,"path_taken":["M","M","?","M","M","R","?","R","T","M","E","R","M","?","R","BOSS","M","M","$","M"],"build_version":"2018-11-08","purchased_purges":1,"victory":false,"max_hp_per_floor":[77,77,77,77,77,77,77,77,77,77,77,77,77,77,77,77,77,77,77,77,77],"card_choices":[{"not_picked":["Deadly Poison","Distraction"],"picked":"PiercingWail","floor":1},{"not_picked":["Infinite Blades","Acrobatics"],"picked":"Catalyst","floor":2},{"not_picked":["Outmaneuver","Sucker Punch"],"picked":"Poisoned Stab","floor":4},{"not_picked":["Bane","Blade Dance"],"picked":"Deadly Poison","floor":5},{"not_picked":["Night Terror","Infinite Blades"],"picked":"Poisoned Stab+1","floor":10},{"not_picked":["Flechettes+1","Predator+1"],"picked":"Backflip","floor":11},{"not_picked":["PiercingWail","Endless Agony+1"],"picked":"Dash+1","floor":13},{"not_picked":["Malaise","Wraith Form v2"],"picked":"Night Terror","floor":16},{"not_picked":["PiercingWail","Blade Dance+1"],"picked":"Deflect","floor":18},{"not_picked":["Quick Slash+1","Accuracy+1"],"picked":"Backstab+1","floor":19}],"player_experience":105426,"relics_obtained":[{"floor":9,"key":"Molten Egg 2"},{"floor":11,"key":"Matryoshka"},{"floor":14,"key":"Anchor"},{"floor":14,"key":"Vajra"},{"floor":17,"key":"War Paint"},{"floor":17,"key":"Dodecahedron"},{"floor":17,"key":"Ginger"}],"event_choices":[{"damage_healed":0,"gold_gain":0,"cards_transformed":["Strike_G"],"player_choice":"Change","damage_taken":0,"max_hp_gain":0,"max_hp_loss":0,"event_name":"Living Wall","floor":3,"gold_loss":0,"cards_obtained":["After Image"]},{"damage_healed":0,"gold_gain":0,"player_choice":"Success","damage_taken":12,"relics_obtained":["Pantograph"],"max_hp_gain":0,"max_hp_loss":0,"event_name":"Scrap Ooze","floor":7,"gold_loss":0}],"is_beta":true,"boss_relics":[{"not_picked":["Velvet Choker","Runic Dome"],"picked":"Calling Bell"}],"items_purged_floors":[20],"is_endless":false,"potions_floor_spawned":[2,4,5,11,16],"killed_by":"Centurion and Healer","ascension_level":2}