{"gold_per_floor":[114,114,68,82,82,113,113,134,134,152,175,200,2,35,35,165,165,181,181,205,205,11,52,52,68,68,102,122,122,137,157,157,282,282,307,29,53,178,38,38,38,38,65,65,89,89,103,103,103,103],"floor_reached":51,"playtime":4408,"items_purged":["Zap"],"score":772,"play_id":"24113511-087e-43e3-a6bd-843a60482122","local_time":"20190805161409","is_ascension_mode":false,"campfire_choices":[{"data":"Ball Lightning","floor":15,"key":"SMITH"},{"floor":24,"key":"REST"},{"data":"Defragment","floor":29,"key":"SMITH"},{"data":"Blizzard","floor":32,"key":"SMITH"},{"data":"1","floor":40,"key":"LIFT"},{"data":"2","floor":42,"key":"LIFT"},{"floor":49,"key":"REST"}],"neow_cost":"NONE","seed_source_timestamp":1229019262337700,"circlet_count":0,"master_deck":["Strike_B","Strike_B","Strike_B","Strike_B","Defend_B","Defend_B","Defend_B","Dualcast","Glacier","Double Energy","Defragment+1","Turbo","Defragment","Compile Driver","Capacitor","Ball Lightning+1","Coolheaded","Self Repair","Streamline","Defragment+1","Rainbow","Genetic Algorithm","Gash","Sunder","Coolheaded","White Noise","Sweeping Beam","Storm","Blizzard+1","Barrage+1","Sunder","Gash","Biased Cognition","Ball Lightning+1","Gash","Glacier","Reprogram","Gash","Coolheaded","Capacitor","Gash","The Bomb","Reinforced Body"],"relics":["Cracked Core","NeowsBlessing","Golden Idol","Thread and Needle","Vajra","Calipers","Meat on the Bone","Velvet Choker","Question Card","Pear","Potion Belt","Nuclear Battery","Bag of Marbles","Girya","Omamori"],"potions_floor_usage":[16,27,47,50,50,50],"damage_taken":[{"damage":0,"enemies":"Small Slimes","floor":1,"turns":1},{"damage":0,"enemies":"2 Louse","floor":4,"turns":1},{"damage":0,"enemies":"Lagavulin","floor":6,"turns":1},{"damage":0,"enemies":"Cultist","floor":8,"turns":4},{"damage":0,"enemies":"Exordium Thugs","floor":10,"turns":5},{"damage":0,"enemies":"Looter","floor":11,"turns":3},{"damage":7,"enemies":"Exordium Wildlife","floor":12,"turns":3},{"damage":0,"enemies":"3 Sentries","floor":14,"turns":6},{"damage":10,"enemies":"Slime Boss","floor":16,"turns":12},{"damage":8,"enemies":"3 Byrds","floor":18,"turns":6},{"damage":5,"enemies":"Spheric Guardian","floor":20,"turns":5},{"damage":33,"enemies":"Slavers","floor":23,"turns":7},{"damage":8,"enemies":"Centurion and Healer","floor":25,"turns":8},{"damage":2,"enemies":"Gremlin Leader","floor":27,"turns":7},{"damage":0,"enemies":"Snecko","floor":28,"turns":4},{"damage":6,"enemies":"3 Cultists","floor":30,"turns":4},{"damage":12,"enemies":"Snake Plant","floor":31,"turns":3},{"damage":2,"enemies":"Champ","floor":33,"turns":10},{"damage":4,"enemies":"3 Darklings","floor":35,"turns":4},{"damage":6,"enemies":"Orb Walker","floor":37,"turns":3},{"damage":0,"enemies":"Mind Bloom Boss Battle","floor":38,"turns":5},{"damage":13,"enemies":"3 Darklings","floor":45,"turns":4},{"damage":28,"enemies":"Jaw Worm Horde","floor":47,"turns":5},{"damage":79,"enemies":"Time Eater","floor":50,"turns":11}],"seed_played":"3388884538039102373","potions_obtained":[{"floor":1,"key":"Swift Potion"},{"floor":8,"key":"Weak Potion"},{"floor":11,"key":"FearPotion"},{"floor":12,"key":"AttackPotion"},{"floor":25,"key":"Poison Potion"},{"floor":27,"key":"Energy Potion"},{"floor":31,"key":"Strength Potion"},{"floor":33,"key":"EssenceOfSteel"}],"is_trial":false,"path_per_floor":["M","?","?","M","?","E","?","M","T","M","M","M","$","E","R","B",null,"M","?","M","?","$","E","R","M","T","E","M","R","M","M","R","B",null,"M","$","M","?","$","R","?","R","T","$","M","?","M","?","R","B",null],"character_chosen":"DEFECT","items_purchased":["Ball Lightning","Coolheaded","Self Repair","Streamline","Sunder","Coolheaded","White Noise","Bag of Marbles","Gash","Gash","Coolheaded","Capacitor"],"campfire_rested":2,"item_purchase_floors":[13,13,13,13,22,22,22,36,36,39,39,39],"current_hp_per_floor":[75,57,57,57,50,50,50,50,50,50,50,43,43,50,50,40,75,74,74,75,75,75,49,71,70,80,85,85,85,79,74,74,72,85,81,81,82,85,85,85,85,85,85,85,72,72,51,72,85,18],"gold":103,"neow_bonus":"THREE_ENEMY_KILL","is_prod":false,"is_daily":false,"chose_seed":false,"campfire_upgraded":3,"win_rate":0.0,"timestamp":1565010849,"path_taken":["M","?","?","M","?","E","?","M","T","M","M","?","$","E","R","BOSS","M","?","M","?","?","E","R","M","T","E","M","R","M","M","R","BOSS","M","?","M","?","$","R","?","R","T","?","?","?","M","?","R","BOSS"],"build_version":"2019-07-17","purchased_purges":1,"victory":true,"max_hp_per_floor":[75,75,75,75,75,75,75,75,75,75,75,75,75,75,75,75,75,75,75,75,75,75,75,75,75,85,85,85,85,85,85,85,85,85,85,85,85,85,85,85,85,85,85,85,85,85,85,85,85,85],"card_choices":[{"not_picked":["Hologram","Beam Cell"],"picked":"Glacier","floor":1},{"not_picked":["Turbo","Doom and Gloom"],"picked":"Double Energy","floor":4},{"not_picked":["Streamline","Sweeping Beam"],"picked":"Defragment","floor":6},{"not_picked":["Heatsinks","Leap"],"picked":"Turbo","floor":8},{"not_picked":["Lockon","Chill"],"picked":"Defragment","floor":10},{"not_picked":["Leap","Stack"],"picked":"Compile Driver","floor":11},{"not_picked":["Compile Driver","Barrage"],"picked":"Capacitor","floor":12},{"not_picked":["Hello World","Redo"],"picked":"Defragment","floor":14},{"not_picked":["Reboot","Fission"],"picked":"Rainbow","floor":16},{"not_picked":["Stack","Redo"],"picked":"Genetic Algorithm","floor":18},{"not_picked":["Steam+1","Turbo+1"],"picked":"Gash","floor":20},{"not_picked":["Beam Cell","Leap+1"],"picked":"Sweeping Beam","floor":23},{"not_picked":["Fission","Streamline","Sweeping Beam"],"picked":"Storm","floor":25},{"not_picked":["Self Repair","Go for the Eyes","Storm"],"picked":"Blizzard","floor":27},{"not_picked":["Rebound","Ball Lightning","Undo"],"picked":"Barrage+1","floor":28},{"not_picked":["Skim+1","Leap+1","Rip and Tear"],"picked":"Sunder","floor":30},{"not_picked":["Darkness","Sweeping Beam","Go for the Eyes"],"picked":"Gash","floor":31},{"not_picked":["Echo Form","Fission","Machine Learning"],"picked":"Biased Cognition","floor":33},{"not_picked":["Steam","Gash","Heatsinks"],"picked":"Ball Lightning+1","floor":35},{"not_picked":["Rip and Tear+1","Reinforced Body+1","Beam Cell"],"picked":"Glacier","floor":37},{"not_picked":["Leap","Rebound+1","Heatsinks"],"picked":"Reprogram","floor":38},{"not_picked":["Cold Snap+1","Redo","Compile Driver"],"picked":"Gash","floor":45},{"not_picked":["Good Instincts","PanicButton","Trip"],"picked":"The Bomb","floor":46},{"not_picked":["Barrage","Reprogram","Chaos+1"],"picked":"Reinforced Body","floor":47}],"player_experience":32603,"relics_obtained":[{"floor":6,"key":"Vajra"},{"floor":9,"key":"Calipers"},{"floor":14,"key":"Meat on the Bone"},{"floor":23,"key":"Question Card"},{"floor":26,"key":"Pear"},{"floor":27,"key":"Potion Belt"},{"floor":38,"key":"Girya"},{"floor":43,"key":"Omamori"}],"event_choices":[{"damage_healed":0,"gold_gain":0,"player_choice":"Take Damage","damage_taken":18,"relics_obtained":["Golden Idol"],"max_hp_gain":0,"max_hp_loss":0,"event_name":"Golden Idol","floor":2,"gold_loss":0},{"damage_healed":0,"gold_gain":0,"player_choice":"Left Gold","damage_taken":0,"max_hp_gain":0,"max_hp_loss":0,"event_name":"World of Goop","floor":3,"gold_loss":46},{"damage_healed":0,"gold_gain":0,"player_choice":"Success","damage_taken":7,"relics_obtained":["Thread and Needle"],"max_hp_gain":0,"max_hp_loss":0,"event_name":"Scrap Ooze","floor":5,"gold_loss":0},{"damage_healed":0,"gold_gain":0,"player_choice":"Upgraded","damage_taken":0,"max_hp_gain":0,"max_hp_loss":0,"event_name":"Upgrade Shrine","floor":7,"gold_loss":0,"cards_upgraded":["Defragment"]},{"damage_healed":0,"gold_gain":0,"player_choice":"Ignored","damage_taken":0,"max_hp_gain":0,"max_hp_loss":0,"event_name":"Ghosts","floor":19,"gold_loss":0},{"damage_healed":0,"gold_gain":0,"player_choice":"Ignored","damage_taken":0,"max_hp_gain":0,"max_hp_loss":0,"event_name":"Vampires","floor":21,"gold_loss":0},{"damage_healed":0,"gold_gain":0,"player_choice":"Fight","damage_taken":0,"max_hp_gain":0,"max_hp_loss":0,"event_name":"MindBloom","floor":38,"gold_loss":0},{"cards_removed":["Defend_B"],"damage_healed":0,"gold_gain":0,"player_choice":"Removed Skill","damage_taken":0,"max_hp_gain":0,"max_hp_loss":0,"event_name":"Falling","floor":41,"gold_loss":0},{"damage_healed":0,"gold_gain":0,"player_choice":"Memory 1","damage_taken":0,"max_hp_gain":0,"max_hp_loss":0,"event_name":"SensoryStone","floor":46,"gold_loss":0},{"damage_healed":21,"gold_gain":0,"player_choice":"Writhe","damage_taken":0,"max_hp_gain":0,"max_hp_loss":0,"event_name":"Winding Halls","floor":48,"gold_loss":0,"cards_obtained":["Writhe"]}],"is_beta":false,"boss_relics":[{"not_picked":["Eternal Feather","Busted Crown"],"picked":"Velvet Choker"},{"not_picked":["Orrery","White Beast Statue"],"picked":"Nuclear Battery"}],"items_purged_floors":[36],"is_endless":false,"potions_floor_spawned":[1,8,11,12,25,27,31,33,37,45],"ascension_level":0}