{"gold_per_floor":[113,130,280,39,39,39,74,92,148,166,166,178,195,212,212,286,286,256,256,80,100,120,120,149,160,160,195,218,230,255,98,98,172,172,185,205,225,225,241,268,268,368,419,436,436,462,4,0,0,0,0],"floor_reached":52,"playtime":4471,"items_purged":["Doubt","Prepared","Distraction+1"],"score":2087,"play_id":"64f221fc-6c00-446a-9f55-3bafe3ce5147","local_time":"20190806174801","is_ascension_mode":true,"campfire_choices":[{"data":"Noxious Fumes","floor":6.0,"key":"SMITH"},{"floor":11.0,"key":"REST"},{"data":"After Image","floor":15.0,"key":"SMITH"},{"data":"Malaise","floor":23.0,"key":"SMITH"},{"data":"Neutralize","floor":29.0,"key":"SMITH"},{"data":"Leg Sweep","floor":32.0,"key":"SMITH"},{"data":"Catalyst","floor":41,"key":"SMITH"},{"data":"Burst","floor":45,"key":"SMITH"},{"data":"Wraith Form v2","floor":49,"key":"SMITH"}],"neow_cost":"NONE","seed_source_timestamp":0,"circlet_count":0,"master_deck":["AscendersBane","Survivor","Neutralize+1","Calculated Gamble","Catalyst+1","Malaise+1","Predator","Escape Plan","Masterful Stab","Masterful Stab","Dodge and Roll+1","Noxious Fumes+1","Footwork+1","PiercingWail","Escape Plan","After Image+1","After Image","Backflip","Noxious Fumes","Backflip+1","Leg Sweep+1","Cloak And Dagger","Backflip+1","Burst+1","Caltrops+1","Corpse Explosion","Burst","Blur","Bouncing Flask+1","Wraith Form v2+1"],"special_seed":0,"relics":["Pandora\u0027s Box","Bronze Scales","Anchor","Tiny Chest","White Beast Statue","Pantograph","Singing Bowl","MawBank","Bag of Preparation","Coffee Dripper","Peace Pipe","War Paint","Boot","Happy Flower","Red Mask"],"potions_floor_usage":[36,51],"damage_taken":[{"damage":0.0,"enemies":"2 Louse","floor":1.0,"turns":3.0},{"damage":5.0,"enemies":"Small Slimes","floor":2.0,"turns":3.0},{"damage":33.0,"enemies":"3 Sentries","floor":7.0,"turns":7.0},{"damage":0.0,"enemies":"Jaw Worm","floor":8.0,"turns":2.0},{"damage":0.0,"enemies":"Red Slaver","floor":10.0,"turns":2.0},{"damage":0.0,"enemies":"Exordium Wildlife","floor":12.0,"turns":2.0},{"damage":0.0,"enemies":"Gremlin Gang","floor":13.0,"turns":3.0},{"damage":3.0,"enemies":"Large Slime","floor":14.0,"turns":5.0},{"damage":0.0,"enemies":"The Guardian","floor":16.0,"turns":8.0},{"damage":2.0,"enemies":"2 Thieves","floor":18.0,"turns":4.0},{"damage":4.0,"enemies":"Chosen","floor":21.0,"turns":6.0},{"damage":4.0,"enemies":"Centurion and Healer","floor":22.0,"turns":8.0},{"damage":6.0,"enemies":"Gremlin Leader","floor":24.0,"turns":9.0},{"damage":0.0,"enemies":"3 Cultists","floor":25.0,"turns":4.0},{"damage":2.0,"enemies":"Book of Stabbing","floor":27.0,"turns":7.0},{"damage":2.0,"enemies":"Snecko","floor":28.0,"turns":7.0},{"damage":25.0,"enemies":"Cultist and Chosen","floor":30.0,"turns":7.0},{"damage":0.0,"enemies":"Automaton","floor":33.0,"turns":10.0},{"damage":0,"enemies":"Orb Walker","floor":35,"turns":5},{"damage":2,"enemies":"3 Shapes","floor":36,"turns":6},{"damage":0,"enemies":"3 Darklings","floor":37,"turns":5},{"damage":0,"enemies":"Maw","floor":39,"turns":8},{"damage":3,"enemies":"Giant Head","floor":40,"turns":9},{"damage":0,"enemies":"Mind Bloom Boss Battle","floor":42,"turns":9},{"damage":7,"enemies":"Sphere and 2 Shapes","floor":44,"turns":7},{"damage":22,"enemies":"Reptomancer","floor":46,"turns":6},{"damage":24,"enemies":"Awakened One","floor":50,"turns":20},{"damage":32,"enemies":"Donu and Deca","floor":51,"turns":8}],"seed_played":"6668330458901122234","potions_obtained":[{"floor":1.0,"key":"Energy Potion"},{"floor":2.0,"key":"LiquidBronze"},{"floor":10.0,"key":"Weak Potion"},{"floor":13.0,"key":"Fire Potion"},{"floor":18.0,"key":"Strength Potion"},{"floor":21.0,"key":"EssenceOfSteel"},{"floor":22.0,"key":"Explosive Potion"},{"floor":24.0,"key":"Block Potion"},{"floor":25.0,"key":"Dexterity Potion"},{"floor":28.0,"key":"EssenceOfSteel"},{"floor":30.0,"key":"Poison Potion"},{"floor":33.0,"key":"LiquidBronze"},{"floor":36,"key":"GhostInAJar"}],"is_trial":false,"path_per_floor":["M","M","?","$","?","R","E","M","T","M","R","M","M","M","R","B",null,"M","?","$","M","M","R","E","M","T","E","M","R","M","$","R","B",null,"M","M","M","?","M","E","R","?","T","M","R","E","$","?","R","B","B",null],"character_chosen":"THE_SILENT","items_purchased":["Bronze Scales","Noxious Fumes","Bag of Preparation","Wraith Form v2","Happy Flower"],"campfire_rested":1,"item_purchase_floors":[4,20,31,47,47],"current_hp_per_floor":[59,54,54,54,47,47,14,14,14,14,33,33,33,30,30,30,57,55,55,55,51,47,47,56,56,56,54,54,54,29,29,29,54,65,67,67,67,67,67,64,64,72,72,67,67,47,47,47,47,48,41],"gold":0,"neow_bonus":"BOSS_RELIC","is_prod":false,"is_daily":false,"chose_seed":false,"campfire_upgraded":8,"win_rate":0,"timestamp":1565128081,"path_taken":["M","M","?","$","?","R","E","M","T","M","R","M","M","M","R","BOSS","M","?","$","M","M","R","E","M","T","E","M","R","?","$","R","BOSS","M","M","M","?","?","E","R","?","T","M","R","E","$","?","R","BOSS","BOSS"],"build_version":"2019-07-17","purchased_purges":3,"victory":true,"max_hp_per_floor":[66,66,66,66,66,66,66,66,66,66,66,66,66,66,66,66,66,66,66,66,66,66,66,66,66,66,66,68,68,68,68,68,68,68,70,72,72,72,72,72,72,72,72,74,74,76,76,76,76,76,76],"card_choices":[{"not_picked":["Flying Knee","Predator"],"picked":"Dodge and Roll","floor":1.0},{"not_picked":["Backflip","Expertise"],"picked":"Noxious Fumes","floor":2.0},{"not_picked":["Quick Slash","Blade Dance","Bane"],"picked":"SKIP","floor":7.0},{"not_picked":["Sucker Punch","Predator"],"picked":"Footwork","floor":8.0},{"not_picked":["Prepared","Terror","Expertise"],"picked":"SKIP","floor":10.0},{"not_picked":["Slice","Deadly Poison"],"picked":"PiercingWail","floor":12.0},{"not_picked":["Outmaneuver","Poisoned Stab"],"picked":"Escape Plan","floor":13.0},{"not_picked":["Flying Knee","Sucker Punch"],"picked":"After Image","floor":14.0},{"not_picked":["Phantasmal Killer","Grand Finale"],"picked":"After Image","floor":16.0},{"not_picked":["Poisoned Stab","PiercingWail+1"],"picked":"Backflip","floor":18.0},{"not_picked":["All Out Attack","Underhanded Strike"],"picked":"Distraction","floor":21.0},{"not_picked":["Flying Knee","Predator"],"picked":"Backflip+1","floor":22.0},{"not_picked":["Dagger Throw","Accuracy","Poisoned Stab"],"picked":"SKIP","floor":24.0},{"not_picked":["Expertise","Infinite Blades"],"picked":"Leg Sweep","floor":25.0},{"not_picked":["Footwork","PiercingWail"],"picked":"Cloak And Dagger","floor":27.0},{"not_picked":["Grand Finale","Noxious Fumes","Heel Hook"],"picked":"Singing Bowl","floor":28.0},{"not_picked":["Outmaneuver","Bane"],"picked":"Backflip+1","floor":30.0},{"not_picked":["Night Terror","Unload"],"picked":"Burst","floor":33.0},{"not_picked":["Caltrops","Flying Knee+1","Cloak And Dagger"],"picked":"Singing Bowl","floor":35},{"not_picked":["Acrobatics","Dagger Spray","Escape Plan"],"picked":"Singing Bowl","floor":36},{"not_picked":["Dagger Throw","Quick Slash"],"picked":"Caltrops+1","floor":37},{"not_picked":["Dash","Dagger Spray+1"],"picked":"Burst","floor":39},{"not_picked":["Dagger Throw+1","Distraction+1"],"picked":"Blur","floor":40},{"not_picked":["Prepared","Backflip"],"picked":"Bouncing Flask+1","floor":42},{"not_picked":["Dagger Spray","Quick Slash","Escape Plan+1"],"picked":"Singing Bowl","floor":44},{"not_picked":["Slice","Quick Slash","Deflect"],"picked":"Singing Bowl","floor":46}],"player_experience":700328,"relics_obtained":[{"floor":7.0,"key":"Anchor"},{"floor":9.0,"key":"Tiny Chest"},{"floor":24.0,"key":"Pantograph"},{"floor":26.0,"key":"Singing Bowl"},{"floor":27.0,"key":"MawBank"},{"floor":40,"key":"Peace Pipe"},{"floor":43,"key":"War Paint"},{"floor":46,"key":"Boot"}],"event_choices":[{"damage_healed":0.0,"max_hp_gain":0.0,"max_hp_loss":0.0,"gold_gain":150.0,"event_name":"Liars Game","player_choice":"AGREE","floor":3.0,"gold_loss":0.0,"damage_taken":0.0,"cards_obtained":["Doubt"]},{"cards_removed":["Accuracy"],"damage_healed":0.0,"max_hp_gain":0.0,"max_hp_loss":0.0,"gold_gain":0.0,"event_name":"Golden Wing","player_choice":"Card Removal","floor":5.0,"gold_loss":0.0,"damage_taken":7.0},{"damage_healed":0.0,"max_hp_gain":0.0,"max_hp_loss":0.0,"gold_gain":0.0,"event_name":"Upgrade Shrine","player_choice":"Upgraded","floor":19.0,"gold_loss":0.0,"damage_taken":0.0,"cards_upgraded":["Footwork"]},{"damage_healed":0,"gold_gain":0,"cards_transformed":["Venomology"],"player_choice":"Transformed","damage_taken":0,"max_hp_gain":0,"max_hp_loss":0,"event_name":"Transmorgrifier","floor":38,"gold_loss":0,"cards_obtained":["Corpse Explosion"]},{"damage_healed":0,"gold_gain":0,"player_choice":"Fight","damage_taken":0,"max_hp_gain":0,"max_hp_loss":0,"event_name":"MindBloom","floor":42,"gold_loss":0},{"damage_healed":0,"gold_gain":0,"player_choice":"Paid","damage_taken":0,"relics_obtained":["Red Mask"],"max_hp_gain":0,"max_hp_loss":0,"event_name":"Tomb of Lord Red Mask","floor":48,"gold_loss":4}],"is_beta":false,"boss_relics":[{"not_picked":["Eternal Feather","Velvet Choker"],"picked":"White Beast Statue"},{"not_picked":["Black Star","HoveringKite"],"picked":"Coffee Dripper"}],"items_purged_floors":[4,20,47],"is_endless":false,"potions_floor_spawned":[1,2,10,13,18,21,22,24,25,27,28,30,33,35,36,37,39,40,42,44,46],"ascension_level":20}