{"gold_per_floor":[16,36,56,71,71,71,96,13,13,32,32,42,42,52,52,126,126,140,140,158,7,7,7,7],"floor_reached":24,"playtime":1025,"items_purged":["Strike_R"],"score":396,"play_id":"14a641c5-b163-4daa-adb9-3965105096cc","local_time":"20181110173703","is_ascension_mode":true,"campfire_choices":[{"data":"Bash","floor":6,"key":"SMITH"},{"data":"True Grit","floor":11,"key":"SMITH"},{"data":"Clothesline","floor":13,"key":"SMITH"},{"floor":15,"key":"REST"},{"data":"Limit Break","floor":23,"key":"SMITH"}],"neow_cost":"NO_GOLD","seed_source_timestamp":4375384148643003,"circlet_count":0,"master_deck":["AscendersBane","Strike_R","Strike_R","Strike_R","Strike_R","Defend_R","Defend_R","Defend_R","Defend_R","Bash+1","Dropkick","True Grit+1","Flame Barrier","Sword Boomerang","Limit Break+1","Combust","Clothesline+1","Warcry","Barricade","Headbutt","Inflame"],"relics":["Burning Blood","Champion Belt","Bottled Flame","Mummified Hand","Sozu"],"potions_floor_usage":[7,12,16],"damage_taken":[{"damage":5,"enemies":"Small Slimes","floor":1,"turns":3},{"damage":1,"enemies":"Cultist","floor":2,"turns":3},{"damage":2,"enemies":"2 Louse","floor":3,"turns":3},{"damage":6,"enemies":"Looter","floor":4,"turns":4},{"damage":51,"enemies":"3 Sentries","floor":7,"turns":12},{"damage":11,"enemies":"Blue Slaver","floor":10,"turns":2},{"damage":10,"enemies":"Lots of Slimes","floor":12,"turns":4},{"damage":14,"enemies":"Gremlin Gang","floor":14,"turns":6},{"damage":26,"enemies":"The Guardian","floor":16,"turns":15},{"damage":16,"enemies":"Chosen","floor":18,"turns":5},{"damage":34,"enemies":"Spheric Guardian","floor":20,"turns":6},{"damage":30,"enemies":"Cultist and Chosen","floor":24,"turns":3}],"seed_played":"7148958759178268652","potions_obtained":[{"floor":2,"key":"SpeedPotion"},{"floor":3,"key":"Strength Potion"},{"floor":10,"key":"AttackPotion"},{"floor":14,"key":"Dexterity Potion"}],"is_trial":false,"path_per_floor":["M","M","M","M","?","R","E","$","T","M","R","M","R","M","R","B",null,"M","?","M","$","?","R","M"],"character_chosen":"IRONCLAD","items_purchased":["Combust","Inflame"],"campfire_rested":1,"item_purchase_floors":[8,21],"current_hp_per_floor":[69,74,75,75,75,75,30,30,30,25,25,21,21,13,35,15,60,50,50,22,22,22,22,0],"gold":7,"neow_bonus":"ONE_RARE_RELIC","is_prod":false,"is_daily":false,"chose_seed":false,"campfire_upgraded":4,"win_rate":0,"timestamp":1541900223,"path_taken":["M","M","M","M","?","R","E","?","T","M","R","M","R","M","R","BOSS","M","?","M","$","?","R","M"],"build_version":"2018-11-08","purchased_purges":1,"victory":false,"max_hp_per_floor":[75,75,75,75,75,75,75,75,75,75,75,75,75,75,75,75,75,75,75,75,75,75,75,75],"card_choices":[{"not_picked":["Headbutt","Power Through"],"picked":"Dropkick","floor":1},{"not_picked":["Body Slam","Shrug It Off"],"picked":"True Grit","floor":2},{"not_picked":["Sentinel","Second Wind"],"picked":"Flame Barrier","floor":3},{"not_picked":["Flex","Pummel"],"picked":"Sword Boomerang","floor":4},{"not_picked":["Body Slam","Twin Strike"],"picked":"Limit Break","floor":7},{"not_picked":["Anger","Sword Boomerang"],"picked":"Clothesline","floor":10},{"not_picked":["Burning Pact","Clothesline"],"picked":"Warcry","floor":12},{"not_picked":["Pommel Strike","Clash","Burning Pact"],"picked":"SKIP","floor":14},{"not_picked":["Double Tap","Dark Embrace"],"picked":"Barricade","floor":16},{"not_picked":["Bloodletting","Warcry"],"picked":"Headbutt","floor":18},{"not_picked":["Clash+1","Wild Strike","Anger"],"picked":"SKIP","floor":20}],"player_experience":1050591,"relics_obtained":[{"floor":7,"key":"Bottled Flame"},{"floor":9,"key":"Mummified Hand"}],"event_choices":[{"damage_healed":0,"gold_gain":0,"player_choice":"Full Heal","damage_taken":0,"max_hp_gain":0,"max_hp_loss":0,"event_name":"Wheel of Change","floor":5,"gold_loss":0},{"damage_healed":0,"gold_gain":0,"player_choice":"Ignored","damage_taken":0,"max_hp_gain":0,"max_hp_loss":0,"event_name":"The Mausoleum","floor":19,"gold_loss":0},{"damage_healed":0,"gold_gain":0,"player_choice":"Ignored","damage_taken":0,"max_hp_gain":0,"max_hp_loss":0,"event_name":"Beggar","floor":22,"gold_loss":0}],"is_beta":true,"boss_relics":[{"not_picked":["Runic Pyramid","Runic Dome"],"picked":"Sozu"}],"items_purged_floors":[21],"is_endless":false,"potions_floor_spawned":[2,3,10,14],"killed_by":"Cultist and Chosen","ascension_level":20}