{"gold_per_floor":[109,120,139,156,156,156,175,207,207,207,221,233,261,47,47,47],"floor_reached":16,"playtime":665,"items_purged":[],"score":200,"play_id":"651f8941-c98c-44b6-b30e-378eeb4cff47","local_time":"20180711205515","is_ascension_mode":true,"campfire_choices":[{"data":"Hyperbeam","floor":6,"key":"SMITH"},{"data":"Streamline","floor":10,"key":"SMITH"},{"data":"Hologram","floor":15,"key":"SMITH"}],"neow_cost":"NONE","seed_source_timestamp":257470635830954,"circlet_count":0,"master_deck":["Strike_B","Strike_B","Strike_B","Defend_B","Defend_B","Defend_B","Defend_B","Zap","Dualcast","AscendersBane","Hyperbeam+1","Gash","Hologram+1","Streamline+1","BootSequence","Beam Cell","Self Repair","Go for the Eyes","All For One"],"relics":["Cracked Core","Question Card","Bottled Lightning","Emotion Chip","Happy Flower"],"potions_floor_usage":[16,16],"damage_taken":[{"damage":0,"enemies":"Small Slimes","floor":1,"turns":2},{"damage":0,"enemies":"Cultist","floor":2,"turns":2},{"damage":2,"enemies":"2 Louse","floor":3,"turns":2},{"damage":2,"enemies":"Large Slime","floor":4,"turns":4},{"damage":0,"enemies":"Looter","floor":7,"turns":3},{"damage":4,"enemies":"3 Sentries","floor":8,"turns":3},{"damage":0,"enemies":"Exordium Wildlife","floor":11,"turns":3},{"damage":3,"enemies":"Blue Slaver","floor":12,"turns":2},{"damage":30,"enemies":"Lagavulin","floor":13,"turns":5},{"damage":31,"enemies":"The Guardian","floor":16,"turns":8}],"seed_played":"-2361937168574617478","potions_obtained":[{"floor":2,"key":"SteroidPotion"},{"floor":5,"key":"Fire Potion"},{"floor":5,"key":"FearPotion"}],"is_trial":false,"path_per_floor":["M","M","M","M","?","R","M","E","T","R","M","M","E","$","R"],"character_chosen":"DEFECT","items_purchased":["All For One","Happy Flower"],"campfire_rested":0,"item_purchase_floors":[14,14],"current_hp_per_floor":[64,64,62,60,60,60,60,56,56,56,56,53,30,30,30,0],"gold":47,"neow_bonus":"TRANSFORM_CARD","is_prod":false,"is_daily":false,"chose_seed":false,"campfire_upgraded":3,"win_rate":0,"timestamp":1531367715,"path_taken":["M","M","M","M","?","R","M","E","T","R","M","M","E","$","R","BOSS"],"build_version":"2018-07-10","purchased_purges":0,"victory":false,"max_hp_per_floor":[71,71,71,71,71,71,71,71,71,71,71,71,71,71,71,71],"card_choices":[{"not_picked":["Conserve Battery","Cold Snap"],"picked":"Gash","floor":1},{"not_picked":["Aggregate","Redo","Fusion"],"picked":"SKIP","floor":2},{"not_picked":["Go for the Eyes","Redo"],"picked":"Hologram","floor":3},{"not_picked":["Ball Lightning","Barrage"],"picked":"Streamline","floor":4},{"not_picked":["Sweeping Beam","Chaos","Cold Snap"],"picked":"SKIP","floor":7},{"not_picked":["Coolheaded","Doom and Gloom"],"picked":"BootSequence","floor":8},{"not_picked":["Heatsinks","Stack","Skim"],"picked":"Beam Cell","floor":11},{"not_picked":["Force Field","Cold Snap","Turbo"],"picked":"Self Repair","floor":12},{"not_picked":["Redo","Sweeping Beam","Loop","Go for the Eyes"],"picked":"SKIP","floor":13},{"not_picked":["Redo","Sweeping Beam","Loop"],"picked":"Go for the Eyes","floor":13}],"player_experience":812312,"relics_obtained":[{"floor":8,"key":"Question Card"},{"floor":9,"key":"Bottled Lightning"},{"floor":13,"key":"Emotion Chip"}],"event_choices":[{"event_name":"The Lab","player_choice":"Got Potions","floor":5,"damage_taken":0}],"boss_relics":[],"items_purged_floors":[],"is_endless":false,"potions_floor_spawned":[2,7,12],"killed_by":"The Guardian","ascension_level":15}