{"gold_per_floor":[141,157,169,185,201,201,230,230,230,7,7,17,52,52,52,125,125,143,143,143,159,29,29,63,63,110,35,35,0,0,14,14,87,87,98,198,198,216,216,216,231,231,231,241,252,252,252],"floor_reached":47,"playtime":2447,"items_purged":["Strike_G"],"score":789,"play_id":"1b8354ec-baa4-4145-92c4-2227248280dd","local_time":"20180711234248","is_ascension_mode":true,"campfire_choices":[{"data":"Sucker Punch","floor":6,"key":"SMITH"},{"data":"Neutralize","floor":8,"key":"SMITH"},{"floor":11,"key":"REST"},{"data":"Envenom","floor":15,"key":"SMITH"},{"data":"After Image","floor":23,"key":"SMITH"},{"data":"Noxious Fumes","floor":25,"key":"SMITH"},{"data":"Catalyst","floor":28,"key":"SMITH"},{"floor":30,"key":"REST"},{"floor":32,"key":"REST"},{"data":"Noxious Fumes","floor":40,"key":"SMITH"},{"data":"Acrobatics","floor":42,"key":"SMITH"}],"neow_cost":"NONE","seed_source_timestamp":265738742387125,"circlet_count":0,"master_deck":["Defend_G+1","Defend_G","Defend_G","Defend_G+1","Defend_G","Strike_G","Strike_G","Strike_G","Survivor","Neutralize+1","AscendersBane","Terror","Slice","All Out Attack","Flying Knee","Sucker Punch+1","Envenom+1","Well Laid Plans","After Image+1","Catalyst+1","Acrobatics+1","Caltrops","Backflip","Noxious Fumes+1","Noxious Fumes+1","Backflip+1","Adrenaline","Catalyst+1","Acrobatics+1","Glass Knife","Leg Sweep","Acrobatics","Mind Blast"],"relics":["Tiny House","Ornamental Fan","Juzu Bracelet","Bag of Marbles","Oddly Smooth Stone","HoveringKite","Smiling Mask","War Paint","Sozu","Peace Pipe"],"potions_floor_usage":[7,13,16,33,33,38],"damage_taken":[{"damage":0,"enemies":"Jaw Worm","floor":1,"turns":6},{"damage":1,"enemies":"Cultist","floor":2,"turns":3},{"damage":0,"enemies":"2 Louse","floor":3,"turns":2},{"damage":9,"enemies":"Red Slaver","floor":4,"turns":3},{"damage":4,"enemies":"3 Louse","floor":5,"turns":4},{"damage":26,"enemies":"Gremlin Nob","floor":7,"turns":4},{"damage":0,"enemies":"2 Fungi Beasts","floor":12,"turns":3},{"damage":14,"enemies":"3 Sentries","floor":13,"turns":7},{"damage":44,"enemies":"Slime Boss","floor":16,"turns":17},{"damage":4,"enemies":"Chosen","floor":18,"turns":7},{"damage":7,"enemies":"3 Byrds","floor":21,"turns":7},{"damage":20,"enemies":"Book of Stabbing","floor":24,"turns":7},{"damage":35,"enemies":"Cultist and Chosen","floor":31,"turns":5},{"damage":2,"enemies":"Champ","floor":33,"turns":10},{"damage":0,"enemies":"Orb Walker","floor":35,"turns":5},{"damage":7,"enemies":"3 Shapes","floor":38,"turns":5},{"damage":3,"enemies":"Spire Growth","floor":41,"turns":6},{"damage":13,"enemies":"Transient","floor":44,"turns":5},{"damage":36,"enemies":"Sphere and 2 Shapes","floor":45,"turns":7},{"damage":8,"enemies":"3 Darklings","floor":47,"turns":4}],"seed_played":"-3372164033609412843","potions_obtained":[{"floor":0,"key":"Swift Potion"},{"floor":1,"key":"Swift Potion"},{"floor":7,"key":"LiquidBronze"},{"floor":12,"key":"Regen Potion"},{"floor":16,"key":"Ancient Potion"},{"floor":31,"key":"Ancient Potion"},{"floor":33,"key":"Block Potion"}],"is_trial":false,"path_per_floor":["M","M","M","M","M","R","E","R","T","$","R","M","E","?","R","B",null,"M","?","?","M","$","R","E","R","T","?","R","$","R","M","R","B",null,"M","?","?","M","?","R","M","R","T","M","M","?"],"character_chosen":"THE_SILENT","items_purchased":["Bag of Marbles","Backflip","Noxious Fumes","Noxious Fumes"],"campfire_rested":3,"item_purchase_floors":[10,22,22,29],"current_hp_per_floor":[68,67,67,58,54,54,28,28,28,28,50,50,36,36,36,7,58,54,54,54,47,47,47,27,27,27,27,27,27,49,14,36,34,65,65,65,65,58,58,58,55,55,55,42,6,6,0],"gold":252,"neow_bonus":"BOSS_RELIC","is_prod":false,"is_daily":false,"chose_seed":false,"campfire_upgraded":8,"win_rate":0,"timestamp":1531377768,"path_taken":["M","M","M","M","M","R","E","R","T","$","R","M","E","?","R","BOSS","M","?","?","M","$","R","E","R","T","?","R","$","R","M","R","BOSS","M","?","?","M","?","R","M","R","T","M","M","?","M"],"build_version":"2018-07-10","purchased_purges":1,"victory":false,"max_hp_per_floor":[75,75,75,75,75,75,75,75,75,75,75,75,75,75,75,75,75,75,75,75,75,75,75,75,75,75,75,75,75,75,75,75,75,75,75,75,75,75,75,75,75,75,75,75,75,75,75],"card_choices":[{"not_picked":["Riddle With Holes","Acrobatics"],"picked":"Terror","floor":0},{"not_picked":["Deadly Poison","Outmaneuver"],"picked":"Slice","floor":1},{"not_picked":["Dodge and Roll","Cloak And Dagger"],"picked":"All Out Attack","floor":2},{"not_picked":["Terror","Choke"],"picked":"Flying Knee","floor":3},{"not_picked":["Flying Knee","Concentrate"],"picked":"Sucker Punch","floor":4},{"not_picked":["Underhanded Strike","Dodge and Roll","Slice"],"picked":"SKIP","floor":5},{"not_picked":["Distraction","Acrobatics"],"picked":"Envenom","floor":7},{"not_picked":["Sucker Punch","Prepared","Flying Knee"],"picked":"SKIP","floor":12},{"not_picked":["Sucker Punch","Prepared","Flying Knee"],"picked":"SKIP","floor":12},{"not_picked":["Poisoned Stab","Dash"],"picked":"Well Laid Plans","floor":13},{"not_picked":["Glass Knife","Grand Finale"],"picked":"After Image","floor":16},{"not_picked":["Cloak And Dagger","Deadly Poison+1"],"picked":"Catalyst","floor":18},{"not_picked":["Choke+1","Finisher"],"picked":"Caltrops","floor":21},{"not_picked":["Deflect","Poisoned Stab","Outmaneuver"],"picked":"SKIP","floor":24},{"not_picked":["Dagger Spray","Acrobatics"],"picked":"Backflip+1","floor":31},{"not_picked":["Glass Knife","Venomology"],"picked":"Adrenaline","floor":33},{"not_picked":["Distraction","Prepared"],"picked":"Catalyst","floor":35},{"not_picked":["Caltrops","Calculated Gamble+1"],"picked":"Acrobatics","floor":38},{"not_picked":["Concentrate","Deadly Poison+1","Calculated Gamble"],"picked":"SKIP","floor":41},{"not_picked":["Poisoned Stab","PiercingWail"],"picked":"Leg Sweep","floor":44},{"not_picked":["Die Die Die","Accuracy"],"picked":"Acrobatics","floor":45},{"not_picked":["Blind","Madness"],"picked":"Mind Blast","floor":46}],"player_experience":816262,"relics_obtained":[{"floor":7,"key":"Ornamental Fan"},{"floor":9,"key":"Juzu Bracelet"},{"floor":13,"key":"Oddly Smooth Stone"},{"floor":24,"key":"Smiling Mask"},{"floor":26,"key":"War Paint"},{"floor":43,"key":"Peace Pipe"}],"event_choices":[{"event_name":"Dead Adventurer","player_choice":"Searched \u00271\u0027 times","floor":14,"damage_taken":0},{"event_name":"Drug Dealer","player_choice":"Ignored","floor":19,"damage_taken":0},{"event_name":"The Library","player_choice":"Read","floor":20,"damage_taken":0},{"event_name":"Beggar","player_choice":"Gave Gold","floor":27,"damage_taken":0},{"event_name":"Golden Shrine","player_choice":"Pray","floor":36,"damage_taken":0},{"event_name":"Upgrade Shrine","player_choice":"Upgraded","floor":37,"damage_taken":0},{"event_name":"Match and Keep!","player_choice":"1 cards matched","floor":39,"damage_taken":0},{"event_name":"SensoryStone","player_choice":"Memory 1","floor":46,"damage_taken":0}],"boss_relics":[{"not_picked":["Velvet Choker","Cursed Key"],"picked":"HoveringKite"},{"not_picked":["Pandora\u0027s Box","Lizard Tail"],"picked":"Sozu"}],"items_purged_floors":[10],"is_endless":false,"potions_floor_spawned":[1,2,7,12,16,31,33,41,45],"killed_by":"3 Darklings","ascension_level":13}