{"gold_per_floor":[116,130,230,246,263,295,295,307,331,356,42,55,73,91,91,192,192,206,206,206,222,237,267,282,282,354,354,386,398,424,141,141,246,246,256,131,131,147,160,190,190,190,213,313,345,360,360,57,57,57,57,57,9,38,38],"floor_reached":55,"playtime":4920,"items_purged":["Strike_G","Strike_G","Defend_G","Pain"],"score":804,"play_id":"0bcac687-1aaa-4f8c-9623-366dc73f54da","local_time":"20190916033350","is_ascension_mode":false,"campfire_choices":[{"data":"Tools of the Trade","floor":7,"key":"SMITH"},{"data":"Footwork","floor":15,"key":"SMITH"},{"floor":25,"key":"RECALL"},{"floor":27,"key":"REST"},{"floor":29,"key":"REST"},{"data":"Burst","floor":32,"key":"SMITH"},{"floor":41,"key":"REST"},{"floor":47,"key":"REST"},{"floor":49,"key":"REST"},{"data":"Blind","floor":52,"key":"SMITH"}],"neow_cost":"NONE","seed_source_timestamp":131632414518400,"circlet_count":0,"master_deck":["Strike_G+1","Strike_G","Strike_G","Defend_G","Defend_G","Defend_G","Survivor","Neutralize","Heel Hook+1","Dagger Spray","Sucker Punch","Underhanded Strike","Tools of the Trade+1","Cloak And Dagger","Blind+1","Bouncing Flask","Footwork+1","Burst+1","Underhanded Strike","Necronomicurse","Malaise","PiercingWail","Calculated Gamble+1","Sadistic Nature","Doppelganger","Bane+1","Noxious Fumes","Blur+1","Tactician+1"],"relics":["Runic Pyramid","Anchor","PreservedInsect","Whetstone","HandDrill","HoveringKite","Necronomicon","Dream Catcher","MawBank","Busted Crown","Toy Ornithopter","WarpedTongs","Juzu Bracelet","Mango","Singing Bowl","Boot","Pocketwatch"],"potions_floor_usage":[6,10,16,16,23,30,40,40,54,55],"damage_taken":[{"damage":0,"enemies":"Jaw Worm","floor":1,"turns":4},{"damage":1,"enemies":"Cultist","floor":2,"turns":5},{"damage":3,"enemies":"Small Slimes","floor":4,"turns":2},{"damage":1,"enemies":"Red Slaver","floor":5,"turns":4},{"damage":6,"enemies":"Gremlin Nob","floor":6,"turns":4},{"damage":0,"enemies":"Lots of Slimes","floor":8,"turns":4},{"damage":0,"enemies":"3 Sentries","floor":10,"turns":3},{"damage":0,"enemies":"Large Slime","floor":12,"turns":5},{"damage":0,"enemies":"Exordium Wildlife","floor":13,"turns":3},{"damage":1,"enemies":"Lots of Slimes","floor":14,"turns":3},{"damage":26,"enemies":"Slime Boss","floor":16,"turns":10},{"damage":0,"enemies":"Chosen","floor":18,"turns":3},{"damage":8,"enemies":"Spheric Guardian","floor":21,"turns":4},{"damage":2,"enemies":"Centurion and Healer","floor":22,"turns":7},{"damage":11,"enemies":"Slavers","floor":23,"turns":5},{"damage":0,"enemies":"Chosen and Byrds","floor":24,"turns":5},{"damage":2,"enemies":"Book of Stabbing","floor":28,"turns":4},{"damage":12,"enemies":"Sentry and Sphere","floor":30,"turns":7},{"damage":6,"enemies":"Champ","floor":33,"turns":12},{"damage":18,"enemies":"3 Darklings","floor":35,"turns":7},{"damage":10,"enemies":"3 Shapes","floor":38,"turns":6},{"damage":18,"enemies":"Sphere and 2 Shapes","floor":39,"turns":6},{"damage":20,"enemies":"Reptomancer","floor":40,"turns":5},{"damage":2,"enemies":"Mind Bloom Boss Battle","floor":44,"turns":7},{"damage":17,"enemies":"Nemesis","floor":45,"turns":6},{"damage":14,"enemies":"4 Shapes","floor":46,"turns":7},{"damage":35,"enemies":"Awakened One","floor":50,"turns":14},{"damage":64,"enemies":"Shield and Spear","floor":54,"turns":6},{"damage":38,"enemies":"The Heart","floor":55,"turns":5}],"seed_played":"-5233621524080459207","potions_obtained":[{"floor":1,"key":"Block Potion"},{"floor":2,"key":"AttackPotion"},{"floor":8,"key":"Explosive Potion"},{"floor":12,"key":"Weak Potion"},{"floor":16,"key":"FearPotion"},{"floor":22,"key":"Explosive Potion"},{"floor":24,"key":"Poison Potion"},{"floor":28,"key":"SmokeBomb"},{"floor":33,"key":"Ancient Potion"},{"floor":38,"key":"Ancient Potion"},{"floor":39,"key":"Swift Potion"},{"floor":45,"key":"Poison Potion"},{"floor":54,"key":"Strength Potion"}],"is_trial":false,"path_per_floor":["M","M","?","M","M","E","R","M","T","E","$","M","M","M","R","B",null,"M","?","?","M","M","E","M","R","T","R","E","R","M","$","R","B",null,"M","$","?","M","M","E","R","?","T","?","E","M","R","$","R","B",null,"R","$","E","B"],"character_chosen":"THE_SILENT","items_purchased":["HandDrill","Blind","Sadistic Nature","Boot","Energy Potion"],"campfire_rested":5,"item_purchase_floors":[11,11,31,48,53],"current_hp_per_floor":[70,69,69,66,65,59,59,59,59,59,59,59,59,58,58,32,70,70,54,54,46,44,33,33,33,33,54,52,70,58,58,58,52,70,52,52,52,42,24,4,25,25,25,37,22,10,38,38,67,32,92,92,92,33,0],"gold":38,"neow_bonus":"BOSS_RELIC","is_prod":false,"is_daily":false,"chose_seed":false,"campfire_upgraded":4,"win_rate":0,"timestamp":1568576030,"path_taken":["M","M","?","M","M","E","R","M","T","E","$","M","?","M","R","BOSS","M","?","?","M","M","E","?","R","T","R","E","R","M","$","R","BOSS","M","?","?","M","?","E","R","?","T","?","E","M","R","$","R","BOSS","R","$","E","BOSS"],"build_version":"2019-09-12","purchased_purges":4,"victory":false,"max_hp_per_floor":[70,70,70,70,70,70,70,70,70,70,70,70,70,70,70,70,70,70,70,70,70,70,70,70,70,70,70,70,70,70,70,70,70,70,70,70,70,70,70,70,70,70,70,84,86,88,90,90,92,92,92,92,92,92,92],"card_choices":[{"not_picked":["Backflip","Backstab"],"picked":"Heel Hook","floor":1},{"not_picked":["Flying Knee","Eviscerate"],"picked":"Dagger Spray","floor":2},{"not_picked":["Poisoned Stab","Dagger Spray"],"picked":"Sucker Punch","floor":4},{"not_picked":["Venomology","Backflip"],"picked":"Underhanded Strike","floor":5},{"not_picked":["Finisher","Slice"],"picked":"Tools of the Trade","floor":6},{"not_picked":["Infinite Blades","Predator"],"picked":"Cloak And Dagger","floor":8},{"not_picked":["PiercingWail","Noxious Fumes","Reflex"],"picked":"SKIP","floor":10},{"not_picked":["Flying Knee","Escape Plan"],"picked":"Bouncing Flask","floor":12},{"not_picked":["Dagger Spray","A Thousand Cuts","Backstab"],"picked":"SKIP","floor":13},{"not_picked":["Reflex","Acrobatics"],"picked":"Footwork","floor":14},{"not_picked":["Tools of the Trade","Phantasmal Killer"],"picked":"Burst","floor":16},{"not_picked":["Flying Knee","Acrobatics"],"picked":"Underhanded Strike","floor":18},{"not_picked":["Dagger Throw","Sucker Punch","Dodge and Roll"],"picked":"SKIP","floor":21},{"not_picked":["Endless Agony","Underhanded Strike","Slice+1"],"picked":"SKIP","floor":22},{"not_picked":["All Out Attack+1","Cloak And Dagger","Dagger Spray+1"],"picked":"SKIP","floor":23},{"not_picked":["Deadly Poison","Backflip","Blade Dance"],"picked":"SKIP","floor":24},{"not_picked":["Cloak And Dagger","All Out Attack"],"picked":"Calculated Gamble+1","floor":28},{"not_picked":["Deadly Poison","Prepared+1","Slice"],"picked":"SKIP","floor":30},{"not_picked":["Malaise","Burst"],"picked":"Doppelganger","floor":33},{"not_picked":[],"picked":"Bane+1","floor":35},{"not_picked":["Prepared"],"picked":"SKIP","floor":38},{"not_picked":["Underhanded Strike+1"],"picked":"SKIP","floor":39},{"not_picked":[],"picked":"Blur+1","floor":40},{"not_picked":["Infinite Blades+1"],"picked":"Singing Bowl","floor":45},{"not_picked":["Sucker Punch+1"],"picked":"Singing Bowl","floor":46},{"not_picked":["Masterful Stab+1"],"picked":"Singing Bowl","floor":47},{"not_picked":["Infinite Blades"],"picked":"Singing Bowl","floor":49},{"not_picked":[],"picked":"Tactician+1","floor":54}],"player_experience":151705,"relics_obtained":[{"floor":6,"key":"Anchor"},{"floor":9,"key":"PreservedInsect"},{"floor":10,"key":"Whetstone"},{"floor":19,"key":"Necronomicon"},{"floor":23,"key":"Dream Catcher"},{"floor":28,"key":"MawBank"},{"floor":40,"key":"Toy Ornithopter"},{"floor":43,"key":"Juzu Bracelet"},{"floor":44,"key":"Mango"},{"floor":45,"key":"Singing Bowl"},{"floor":54,"key":"Pocketwatch"}],"event_choices":[{"damage_healed":0,"gold_gain":100,"player_choice":"Pray","damage_taken":0,"max_hp_gain":0,"max_hp_loss":0,"event_name":"Golden Shrine","floor":3,"gold_loss":0},{"damage_healed":0,"gold_gain":0,"player_choice":"Obtained Book","damage_taken":16,"max_hp_gain":0,"max_hp_loss":0,"event_name":"Cursed Tome","floor":19,"gold_loss":0},{"damage_healed":0,"gold_gain":0,"player_choice":"2 cards matched","damage_taken":0,"max_hp_gain":0,"max_hp_loss":0,"event_name":"Match and Keep!","floor":20,"gold_loss":0,"cards_obtained":["Malaise","PiercingWail"]},{"damage_healed":0,"gold_gain":0,"cards_transformed":["Defend_G"],"player_choice":"Transformed","damage_taken":0,"max_hp_gain":0,"max_hp_loss":0,"event_name":"Transmorgrifier","floor":37,"gold_loss":0,"cards_obtained":["Noxious Fumes"]},{"damage_healed":0,"gold_gain":0,"player_choice":"Rummage","damage_taken":0,"relics_obtained":["WarpedTongs"],"max_hp_gain":0,"max_hp_loss":0,"event_name":"Accursed Blacksmith","floor":42,"gold_loss":0,"cards_obtained":["Pain"]},{"damage_healed":0,"gold_gain":0,"player_choice":"Fight","damage_taken":0,"max_hp_gain":0,"max_hp_loss":0,"event_name":"MindBloom","floor":44,"gold_loss":0}],"is_beta":true,"boss_relics":[{"not_picked":["Philosopher\u0027s Stone","Cursed Key"],"picked":"HoveringKite"},{"not_picked":["Fusion Hammer","Empty Cage"],"picked":"Busted Crown"}],"items_purged_floors":[11,31,36,48],"is_endless":false,"potions_floor_spawned":[1,2,8,12,16,22,24,28,33,38,39,45,54],"killed_by":"The Heart","ascension_level":0}