{"gold_per_floor":[112,130,148,148,148,182,182,200,250,281,281,299,8,18,18,18],"floor_reached":16,"playtime":734,"items_purged":["Injury"],"score":218,"play_id":"7cbddd25-7799-4a33-8f68-3a36bd4c041a","local_time":"20190319195632","is_ascension_mode":true,"campfire_choices":[{"floor":7,"key":"REST"},{"floor":11,"key":"REST"},{"data":"Bash","floor":15,"key":"SMITH"}],"neow_cost":"CURSE","seed_source_timestamp":197891651693191,"circlet_count":0,"master_deck":["AscendersBane","Strike_R","Strike_R","Strike_R","Strike_R","Strike_R","Defend_R","Defend_R","Defend_R","Defend_R","Bash+1","Clothesline","True Grit+1","Shockwave","Headbutt","Power Through","Rampage","Corruption"],"relics":["Burning Blood","Magic Flower","Bottled Lightning","Bag of Preparation","Oddly Smooth Stone","Vajra"],"potions_floor_usage":[6,10,10,14,16,16],"damage_taken":[{"damage":16,"enemies":"2 Louse","floor":1,"turns":3},{"damage":8,"enemies":"Cultist","floor":2,"turns":4},{"damage":7,"enemies":"Small Slimes","floor":3,"turns":3},{"damage":45,"enemies":"Lagavulin","floor":6,"turns":9},{"damage":8,"enemies":"Looter","floor":8,"turns":4},{"damage":32,"enemies":"3 Sentries","floor":10,"turns":11},{"damage":9,"enemies":"Blue Slaver","floor":12,"turns":3},{"damage":4,"enemies":"2 Fungi Beasts","floor":14,"turns":4},{"damage":58,"enemies":"Hexaghost","floor":16,"turns":11}],"seed_played":"2865557500094777189","potions_obtained":[{"floor":1,"key":"FearPotion"},{"floor":5,"key":"Explosive Potion"},{"floor":8,"key":"Weak Potion"},{"floor":10,"key":"Block Potion"},{"floor":14,"key":"EssenceOfSteel"}],"is_trial":false,"path_per_floor":["M","M","M","?","?","E","R","M","T","E","R","M","$","M","R","B"],"character_chosen":"IRONCLAD","items_purchased":["Vajra","Strength Potion"],"campfire_rested":2,"item_purchase_floors":[13,13],"current_hp_per_floor":[61,62,64,64,64,28,50,51,51,28,50,50,50,55,55,0],"gold":18,"neow_bonus":"ONE_RARE_RELIC","is_prod":false,"is_daily":false,"chose_seed":false,"campfire_upgraded":1,"win_rate":0,"timestamp":1553021792,"path_taken":["M","M","M","?","?","E","R","M","T","E","R","?","$","M","R","BOSS"],"build_version":"2019-03-15","purchased_purges":1,"victory":false,"max_hp_per_floor":[75,75,75,75,75,75,75,75,75,75,75,75,75,75,75,75],"card_choices":[{"not_picked":["Havoc","Bloodletting"],"picked":"Clothesline","floor":1},{"not_picked":["Feel No Pain","Clash","Heavy Blade"],"picked":"SKIP","floor":2},{"not_picked":["Warcry","Armaments"],"picked":"True Grit","floor":3},{"not_picked":["Iron Wave","Ghostly Armor"],"picked":"Shockwave","floor":6},{"not_picked":["Heavy Blade","Twin Strike"],"picked":"Headbutt","floor":8},{"not_picked":["Cleave","Rupture"],"picked":"Power Through","floor":10},{"not_picked":["Flex","Sword Boomerang"],"picked":"Rampage","floor":12},{"not_picked":["Thunderclap","Headbutt"],"picked":"Corruption","floor":14}],"player_experience":332256,"relics_obtained":[{"floor":6,"key":"Bottled Lightning"},{"floor":9,"key":"Bag of Preparation"},{"floor":10,"key":"Oddly Smooth Stone"}],"event_choices":[{"damage_healed":0,"gold_gain":0,"player_choice":"Grow","damage_taken":0,"max_hp_gain":0,"max_hp_loss":0,"event_name":"Living Wall","floor":4,"gold_loss":0,"cards_upgraded":["True Grit"]},{"damage_healed":0,"gold_gain":0,"player_choice":"Got Potions","damage_taken":0,"max_hp_gain":0,"max_hp_loss":0,"event_name":"Lab","floor":5,"gold_loss":0}],"is_beta":true,"boss_relics":[],"items_purged_floors":[13],"is_endless":false,"potions_floor_spawned":[1,8,10,14],"killed_by":"Hexaghost","ascension_level":19}