{"gold_per_floor":[116,266,278,116,136,161,161,131,158,175,194,209,209,241,241,318,318,288,288,288,10,28,28,43,43,43,43,75,125,137,157,157,229,229,242,242,75,90,90,90,101,131,203,249,349,376,215,49,49,49,49],"floor_reached":52,"playtime":11226,"items_purged":["Doubt","Slice","Blade Dance"],"score":1826,"play_id":"8b2620ea-2a5f-4176-ab57-30abed287a1a","local_time":"20190909170536","is_ascension_mode":true,"campfire_choices":[{"data":"Noxious Fumes","floor":7.0,"key":"SMITH"},{"floor":13.0,"key":"REST"},{"floor":15.0,"key":"REST"},{"data":"Wraith Form v2","floor":23.0,"key":"SMITH"},{"data":"Envenom","floor":25.0,"key":"SMITH"},{"data":"Acrobatics","floor":27.0,"key":"SMITH"},{"data":"Envenom","floor":32.0,"key":"SMITH"},{"data":"Well Laid Plans","floor":40.0,"key":"SMITH"},{"floor":49.0,"key":"REST"}],"neow_cost":"NONE","seed_source_timestamp":0,"circlet_count":0,"master_deck":["AscendersBane","Survivor","Neutralize+1","Cloak And Dagger+1","Acrobatics+1","Deadly Poison+1","Envenom+1","Expertise","Bouncing Flask","Bane","Noxious Fumes+1","Well Laid Plans+1","PiercingWail","Cloak And Dagger","Envenom+1","Backflip+1","Wraith Form v2+1","Dodge and Roll+1","Ghostly+1","Ghostly+1","Ghostly+1","Corpse Explosion+1","Escape Plan+1","Backflip+1","Acrobatics+1","Night Terror+1","Predator+1","Crippling Poison+1","Expertise+1","Backflip+1","Reflex+1"],"special_seed":0,"relics":["Pandora\u0027s Box","War Paint","Anchor","Toxic Egg 2","HoveringKite","Snake Skull","Potion Belt","Philosopher\u0027s Stone","Whetstone","Boot","Bottled Flame","Turnip","Ginger","Lantern","Strawberry"],"potions_floor_usage":[51,51,51,51],"damage_taken":[{"damage":0.0,"enemies":"Jaw Worm","floor":1.0,"turns":3.0},{"damage":3.0,"enemies":"Cultist","floor":3.0,"turns":4.0},{"damage":3.0,"enemies":"Small Slimes","floor":5.0,"turns":3.0},{"damage":35.0,"enemies":"Lagavulin","floor":6.0,"turns":5.0},{"damage":0.0,"enemies":"3 Louse","floor":10.0,"turns":3.0},{"damage":0.0,"enemies":"2 Fungi Beasts","floor":11.0,"turns":3.0},{"damage":1.0,"enemies":"Gremlin Gang","floor":12.0,"turns":4.0},{"damage":30.0,"enemies":"3 Sentries","floor":14.0,"turns":6.0},{"damage":24.0,"enemies":"Slime Boss","floor":16.0,"turns":7.0},{"damage":2.0,"enemies":"2 Thieves","floor":18.0,"turns":4.0},{"damage":0.0,"enemies":"Chosen","floor":22.0,"turns":6.0},{"damage":0.0,"enemies":"Snake Plant","floor":24.0,"turns":4.0},{"damage":7.0,"enemies":"Gremlin Leader","floor":28.0,"turns":5.0},{"damage":0.0,"enemies":"Cultist and Chosen","floor":30.0,"turns":4.0},{"damage":0.0,"enemies":"Chosen and Byrds","floor":31.0,"turns":4.0},{"damage":13.0,"enemies":"Automaton","floor":33.0,"turns":9.0},{"damage":0.0,"enemies":"Orb Walker","floor":35.0,"turns":5.0},{"damage":0.0,"enemies":"3 Shapes","floor":38.0,"turns":3.0},{"damage":1.0,"enemies":"Maw","floor":41.0,"turns":7.0},{"damage":1.0,"enemies":"Giant Head","floor":42.0,"turns":8.0},{"damage":2.0,"enemies":"2 Orb Walkers","floor":44.0,"turns":5.0},{"damage":0.0,"enemies":"Mind Bloom Boss Battle","floor":45.0,"turns":7.0},{"damage":6.0,"enemies":"Reptomancer","floor":46.0,"turns":7.0},{"damage":30,"enemies":"Time Eater","floor":50,"turns":14},{"damage":3,"enemies":"Awakened One","floor":51,"turns":16}],"seed_played":"-4795406150349637842","potions_obtained":[{"floor":3.0,"key":"PowerPotion"},{"floor":8.0,"key":"LiquidBronze"},{"floor":8.0,"key":"Ancient Potion"},{"floor":10.0,"key":"Regen Potion"},{"floor":16.0,"key":"Poison Potion"},{"floor":24.0,"key":"Swift Potion"},{"floor":30.0,"key":"Explosive Potion"},{"floor":33.0,"key":"SteroidPotion"},{"floor":35.0,"key":"SneckoOil"},{"floor":38.0,"key":"GamblersBrew"},{"floor":45.0,"key":"SpeedPotion"}],"is_trial":false,"path_per_floor":["M","?","M","$","M","E","R","?","T","M","M","M","R","E","R","B",null,"M","?","?","$","M","R","M","R","T","R","E","?","M","M","R","B",null,"M","?","$","M","?","R","M","E","T","?","?","E","$","$","R","B","B",null],"character_chosen":"THE_SILENT","items_purchased":["Well Laid Plans","Corpse Explosion+1","Whetstone","Strawberry","Reflex+1"],"campfire_rested":3,"item_purchase_floors":[4,21,37,47,48],"current_hp_per_floor":[59,59,56,56,53,18,18,18,18,18,18,17,36,21,40,16,54,52,52,33,33,33,33,33,33,33,33,26,26,26,26,26,13,28,28,28,28,28,28,28,27,26,26,24,24,18,25,25,37,7,4],"gold":49,"neow_bonus":"BOSS_RELIC","is_prod":false,"is_daily":false,"chose_seed":false,"campfire_upgraded":6,"win_rate":0,"timestamp":1568063136,"path_taken":["M","?","M","$","M","E","R","?","T","M","M","?","R","E","R","BOSS","M","?","?","$","M","R","M","R","T","R","E","?","M","M","R","BOSS","M","?","$","?","?","R","M","E","T","?","?","E","?","$","R","BOSS","BOSS"],"build_version":"2019-07-17","purchased_purges":3,"victory":true,"max_hp_per_floor":[66,66,66,66,66,66,66,66,66,66,66,66,66,66,66,66,66,66,66,33,33,33,33,33,33,33,33,33,33,33,33,33,33,33,33,33,33,33,33,33,33,33,33,33,33,33,40,40,40,40,40],"card_choices":[{"not_picked":["Underhanded Strike","Concentrate"],"picked":"Bane","floor":1.0},{"not_picked":["Underhanded Strike","Expertise"],"picked":"Noxious Fumes","floor":3.0},{"not_picked":["Outmaneuver","Masterful Stab","Slice"],"picked":"SKIP","floor":5.0},{"not_picked":["Bane","Crippling Poison"],"picked":"PiercingWail","floor":6.0},{"not_picked":["Acrobatics","Expertise","Dagger Throw"],"picked":"SKIP","floor":10.0},{"not_picked":["Finisher","Heel Hook"],"picked":"Cloak And Dagger","floor":11.0},{"not_picked":["Predator","Quick Slash"],"picked":"Envenom","floor":12.0},{"not_picked":["Storm of Steel","Concentrate"],"picked":"Backflip","floor":14.0},{"not_picked":["Night Terror+1","A Thousand Cuts"],"picked":"Wraith Form v2","floor":16.0},{"not_picked":["Skewer","Poisoned Stab"],"picked":"Dodge and Roll+1","floor":18.0},{"not_picked":["Quick Slash","Sucker Punch"],"picked":"Escape Plan+1","floor":22.0},{"not_picked":["Prepared+1","Finisher","Dagger Throw"],"picked":"SKIP","floor":24.0},{"not_picked":["Skewer","Well Laid Plans"],"picked":"Backflip+1","floor":28.0},{"not_picked":["Venomology+1","All Out Attack"],"picked":"Acrobatics+1","floor":30.0},{"not_picked":["Well Laid Plans","Endless Agony","Flying Knee"],"picked":"SKIP","floor":31.0},{"not_picked":["Doppelganger+1","Grand Finale"],"picked":"Night Terror+1","floor":33.0},{"not_picked":["Bane","Quick Slash","Predator+1"],"picked":"SKIP","floor":35.0},{"not_picked":["Bane","Quick Slash"],"picked":"Predator+1","floor":35.0},{"not_picked":["Dagger Spray","Cloak And Dagger+1"],"picked":"Crippling Poison+1","floor":38.0},{"not_picked":["Well Laid Plans","Poisoned Stab","Distraction+1"],"picked":"SKIP","floor":41.0},{"not_picked":["Accuracy","Cloak And Dagger+1"],"picked":"Expertise+1","floor":42.0},{"not_picked":["Dodge and Roll+1","All Out Attack"],"picked":"Backflip+1","floor":46.0}],"player_experience":782190,"relics_obtained":[{"floor":6.0,"key":"War Paint"},{"floor":9.0,"key":"Anchor"},{"floor":14.0,"key":"Toxic Egg 2"},{"floor":26.0,"key":"Snake Skull"},{"floor":28.0,"key":"Potion Belt"},{"floor":42.0,"key":"Boot"},{"floor":43.0,"key":"Bottled Flame"},{"floor":44.0,"key":"Turnip"},{"floor":45.0,"key":"Ginger"},{"floor":46.0,"key":"Lantern"}],"event_choices":[{"damage_healed":0.0,"max_hp_gain":0.0,"max_hp_loss":0.0,"gold_gain":150.0,"event_name":"Liars Game","player_choice":"AGREE","floor":2.0,"gold_loss":0.0,"damage_taken":0.0,"cards_obtained":["Doubt"]},{"damage_healed":0.0,"max_hp_gain":0.0,"max_hp_loss":0.0,"gold_gain":0.0,"event_name":"The Woman in Blue","player_choice":"Bought 2 Potions","floor":8.0,"gold_loss":0.0,"damage_taken":0.0},{"cards_removed":["Night Terror"],"damage_healed":0.0,"max_hp_gain":0.0,"max_hp_loss":0.0,"gold_gain":0.0,"event_name":"Back to Basics","player_choice":"Elegance","floor":19.0,"gold_loss":0.0,"damage_taken":0.0},{"damage_healed":0.0,"max_hp_gain":0.0,"max_hp_loss":33.0,"gold_gain":0.0,"event_name":"Ghosts","player_choice":"Became a Ghost","floor":20.0,"gold_loss":0.0,"damage_taken":0.0,"cards_obtained":["Ghostly","Ghostly","Ghostly"]},{"damage_healed":0.0,"max_hp_gain":0.0,"max_hp_loss":0.0,"gold_gain":50.0,"event_name":"Nest","player_choice":"Stole From Cult","floor":29.0,"gold_loss":0.0,"damage_taken":0.0},{"damage_healed":0.0,"max_hp_gain":0.0,"max_hp_loss":0.0,"gold_gain":0.0,"event_name":"Match and Keep!","player_choice":"0 cards matched","floor":36.0,"gold_loss":0.0,"damage_taken":0.0,"cards_obtained":[]},{"cards_removed":["Finisher"],"damage_healed":0.0,"max_hp_gain":0.0,"max_hp_loss":0.0,"gold_gain":0.0,"event_name":"Falling","player_choice":"Removed Attack","floor":39.0,"gold_loss":0.0,"damage_taken":0.0},{"damage_healed":0.0,"max_hp_gain":0.0,"max_hp_loss":0.0,"gold_gain":0.0,"event_name":"Mysterious Sphere","player_choice":"Fight","floor":44.0,"gold_loss":0.0,"damage_taken":0.0},{"damage_healed":0.0,"max_hp_gain":0.0,"max_hp_loss":0.0,"gold_gain":0.0,"event_name":"MindBloom","player_choice":"Fight","floor":45.0,"gold_loss":0.0,"damage_taken":0.0}],"is_beta":false,"boss_relics":[{"not_picked":["Coffee Dripper","Lizard Tail"],"picked":"HoveringKite"},{"not_picked":["Velvet Choker","Astrolabe"],"picked":"Philosopher\u0027s Stone"}],"items_purged_floors":[4,21,48],"is_endless":false,"potions_floor_spawned":[3,10,16,24,30,33,35,38,45],"ascension_level":20}