{"gold_per_floor":[119,133,133,133,148,148,191,205,230,230,255,180,224,0,0,93,93,106,24,24,39,64,64,108,123,123,6,31,31,49,49,49,147,147,167,0,0,0,13,13,31,31,31,62,83,13,32,32,32,32],"floor_reached":51,"playtime":2395,"items_purged":["Strike_R","Strike_R"],"score":1312,"play_id":"babd3e3f-acec-42b5-8fed-78770f5eb02c","local_time":"20190815025653","is_ascension_mode":true,"campfire_choices":[{"data":"Double Tap","floor":6.0,"key":"SMITH"},{"data":"Uppercut","floor":15.0,"key":"SMITH"},{"data":"Corruption","floor":23,"key":"SMITH"},{"floor":32,"key":"REST"},{"floor":40,"key":"REST"},{"floor":42,"key":"REST"},{"floor":49,"key":"RECALL"}],"neow_cost":"NONE","seed_source_timestamp":0,"circlet_count":0,"master_deck":["AscendersBane","Strike_R+1","Defend_R","Defend_R","Bash","Double Tap+1","Iron Wave","Uppercut+1","Whirlwind","Evolve","Disarm","Corruption+1","Offering","Disarm","Inflame","Shockwave","Feel No Pain+1","Shrug It Off","Reaper","Ghostly","Ghostly","Ghostly","Demon Form","Impervious","Pommel Strike","Pommel Strike","True Grit+1","Uppercut+1","Shrug It Off","Dual Wield","Double Tap"],"special_seed":0,"relics":["Burning Blood","Golden Idol","Bag of Marbles","Dream Catcher","Pen Nib","Membership Card","Velvet Choker","The Courier","Nloth\u0027s Gift","Fusion Hammer","Red Mask","Pear","Ancient Tea Set"],"potions_floor_usage":[21,25,50,50],"damage_taken":[{"damage":1.0,"enemies":"2 Louse","floor":1.0,"turns":3.0},{"damage":6.0,"enemies":"Small Slimes","floor":2.0,"turns":5.0},{"damage":0.0,"enemies":"Cultist","floor":5.0,"turns":3.0},{"damage":25.0,"enemies":"Lagavulin","floor":7.0,"turns":5.0},{"damage":5.0,"enemies":"3 Louse","floor":8.0,"turns":4.0},{"damage":9.0,"enemies":"Looter","floor":11.0,"turns":3.0},{"damage":28.0,"enemies":"3 Sentries","floor":13.0,"turns":5.0},{"damage":31.0,"enemies":"The Guardian","floor":16.0,"turns":13.0},{"damage":20,"enemies":"Spheric Guardian","floor":18,"turns":4},{"damage":7,"enemies":"3 Byrds","floor":21,"turns":4},{"damage":21,"enemies":"Snecko","floor":22,"turns":6},{"damage":26,"enemies":"Book of Stabbing","floor":24,"turns":6},{"damage":19,"enemies":"Sentry and Sphere","floor":25,"turns":5},{"damage":14,"enemies":"Snake Plant","floor":28,"turns":3},{"damage":21,"enemies":"Snecko","floor":30,"turns":6},{"damage":22,"enemies":"Collector","floor":33,"turns":8},{"damage":15,"enemies":"3 Shapes","floor":35,"turns":7},{"damage":22,"enemies":"3 Darklings","floor":39,"turns":5},{"damage":36,"enemies":"Sphere and 2 Shapes","floor":41,"turns":7},{"damage":6,"enemies":"Nemesis","floor":44,"turns":7},{"damage":29,"enemies":"Maw","floor":45,"turns":8},{"damage":10,"enemies":"3 Darklings","floor":47,"turns":6},{"damage":63,"enemies":"Donu and Deca","floor":50,"turns":9}],"seed_played":"8455102167368762817","potions_obtained":[{"floor":2.0,"key":"Strength Potion"},{"floor":7.0,"key":"Fire Potion"},{"floor":11.0,"key":"Fruit Juice"},{"floor":13.0,"key":"Swift Potion"},{"floor":18,"key":"Energy Potion"},{"floor":21,"key":"Fruit Juice"},{"floor":22,"key":"Regen Potion"},{"floor":30,"key":"GamblersBrew"}],"is_trial":false,"path_per_floor":["M","M","?","?","M","R","E","M","T","?","M","?","E","$","R","B",null,"M","$","?","M","M","R","E","M","T","$","M","?","M","?","R","B",null,"M","?","?","?","M","R","M","R","T","E","M","$","M","?","R","B",null],"character_chosen":"IRONCLAD","items_purchased":["Membership Card","Inflame","Reaper","Double Tap"],"campfire_rested":3,"item_purchase_floors":[14,19,27,46],"current_hp_per_floor":[73,73,47,47,53,53,34,35,35,60,62,62,40,40,40,15,64,50,50,50,54,39,39,19,20,27,27,19,19,16,16,29,46,46,46,46,46,46,36,46,16,29,39,39,56,56,56,56,56,20],"gold":32,"neow_bonus":"TRANSFORM_CARD","is_prod":false,"is_daily":false,"chose_seed":false,"campfire_upgraded":3,"win_rate":0,"timestamp":1565852213,"path_taken":["M","M","?","?","M","R","E","M","T","?","M","?","E","$","R","BOSS","M","$","?","?","M","R","E","M","T","$","M","?","M","?","R","BOSS","M","?","?","?","M","R","M","R","T","E","M","$","?","?","R","BOSS"],"build_version":"2019-07-17","purchased_purges":2,"victory":true,"max_hp_per_floor":[75,75,75,75,75,75,75,75,75,75,80,80,80,80,80,80,80,80,80,80,85,85,85,85,85,92,92,92,46,46,46,46,46,46,46,46,46,46,46,46,46,46,56,56,56,56,56,56,56,56],"card_choices":[{"not_picked":["Shrug It Off","Metallicize"],"picked":"Iron Wave","floor":1.0},{"not_picked":["Sword Boomerang","Combust"],"picked":"Uppercut","floor":2.0},{"not_picked":["Searing Blow","Clash"],"picked":"Whirlwind","floor":5.0},{"not_picked":["Thunderclap","Warcry"],"picked":"Evolve","floor":7.0},{"not_picked":["Clothesline","Pommel Strike"],"picked":"Disarm","floor":8.0},{"not_picked":["Dropkick","Twin Strike","Evolve"],"picked":"SKIP","floor":11.0},{"not_picked":["Warcry","Second Wind"],"picked":"Corruption","floor":13.0},{"not_picked":["Juggernaut","Brutality"],"picked":"Offering","floor":16.0},{"not_picked":["Body Slam","Clash"],"picked":"Disarm","floor":18},{"not_picked":["Heavy Blade","Searing Blow"],"picked":"Shockwave","floor":21},{"not_picked":["Wild Strike","Sword Boomerang"],"picked":"Feel No Pain+1","floor":22},{"not_picked":["Armaments","Perfected Strike"],"picked":"Shrug It Off","floor":24},{"not_picked":["Havoc","Clash","Thunderclap"],"picked":"SKIP","floor":25},{"not_picked":["Anger","Headbutt","Uppercut"],"picked":"SKIP","floor":28},{"not_picked":["True Grit","Rage","Wild Strike+1"],"picked":"SKIP","floor":30},{"not_picked":["Twin Strike","Heavy Blade"],"picked":"Demon Form","floor":32},{"not_picked":["Immolate","Feed"],"picked":"Impervious","floor":33},{"not_picked":["Heavy Blade","Clothesline+1"],"picked":"Pommel Strike","floor":35},{"not_picked":["Cleave+1","Hemokinesis+1"],"picked":"Pommel Strike","floor":39},{"not_picked":["Sword Boomerang","Sever Soul"],"picked":"True Grit+1","floor":40},{"not_picked":["Armaments","Evolve"],"picked":"Uppercut+1","floor":41},{"not_picked":["Cleave","Sentinel+1"],"picked":"Shrug It Off","floor":42},{"not_picked":["Berserk","Wild Strike","Uppercut+1"],"picked":"SKIP","floor":44},{"not_picked":["Clothesline","Havoc"],"picked":"Dual Wield","floor":45},{"not_picked":["Headbutt+1","True Grit+1","Sword Boomerang"],"picked":"SKIP","floor":47}],"player_experience":721401,"relics_obtained":[{"floor":7.0,"key":"Bag of Marbles"},{"floor":9.0,"key":"Dream Catcher"},{"floor":13.0,"key":"Pen Nib"},{"floor":24,"key":"The Courier"},{"floor":26,"key":"Strawberry"},{"floor":43,"key":"Pear"},{"floor":44,"key":"Ancient Tea Set"}],"event_choices":[{"damage_healed":0.0,"max_hp_gain":0.0,"max_hp_loss":0.0,"gold_gain":0.0,"event_name":"Golden Idol","player_choice":"Take Damage","floor":3.0,"gold_loss":0.0,"damage_taken":26.0,"relics_obtained":["Golden Idol"]},{"damage_healed":0.0,"max_hp_gain":0.0,"max_hp_loss":0.0,"gold_gain":0.0,"event_name":"Liars Game","player_choice":"Ignored","floor":4.0,"gold_loss":0.0,"damage_taken":0.0},{"damage_healed":25.0,"max_hp_gain":0.0,"max_hp_loss":0.0,"gold_gain":0.0,"event_name":"Big Fish","player_choice":"Banana","floor":10.0,"gold_loss":0.0,"damage_taken":0.0},{"cards_removed":["Strike_R"],"damage_healed":0.0,"max_hp_gain":0.0,"max_hp_loss":0.0,"gold_gain":0.0,"event_name":"The Cleric","player_choice":"Card Removal","floor":12.0,"gold_loss":75.0,"damage_taken":0.0},{"damage_healed":0,"gold_gain":0,"player_choice":"Upgraded","damage_taken":0,"max_hp_gain":0,"max_hp_loss":0,"event_name":"Upgrade Shrine","floor":20,"gold_loss":0,"cards_upgraded":["Strike_R"]},{"damage_healed":0,"gold_gain":0,"player_choice":"Became a Ghost","damage_taken":0,"max_hp_gain":0,"max_hp_loss":46,"event_name":"Ghosts","floor":29,"gold_loss":0,"cards_obtained":["Ghostly","Ghostly","Ghostly"]},{"damage_healed":0,"gold_gain":0,"player_choice":"Traded Relic","damage_taken":0,"relics_obtained":["Nloth\u0027s Gift"],"max_hp_gain":0,"max_hp_loss":0,"event_name":"N\u0027loth","floor":31,"relics_lost":["Strawberry"],"gold_loss":0},{"damage_healed":0,"gold_gain":0,"player_choice":"Paid","damage_taken":0,"relics_obtained":["Red Mask"],"max_hp_gain":0,"max_hp_loss":0,"event_name":"Tomb of Lord Red Mask","floor":36,"gold_loss":167},{"damage_healed":0,"gold_gain":0,"player_choice":"Memory 1","damage_taken":0,"max_hp_gain":0,"max_hp_loss":0,"event_name":"SensoryStone","floor":37,"gold_loss":0},{"cards_removed":["Defend_R"],"damage_healed":0,"gold_gain":0,"player_choice":"Offered Basic","damage_taken":0,"max_hp_gain":0,"max_hp_loss":0,"event_name":"Bonfire Elementals","floor":38,"gold_loss":0},{"cards_removed":["Defend_R"],"damage_healed":0,"gold_gain":0,"player_choice":"Removed Skill","damage_taken":0,"max_hp_gain":0,"max_hp_loss":0,"event_name":"Falling","floor":48,"gold_loss":0}],"is_beta":false,"boss_relics":[{"not_picked":["Runic Cube","Calling Bell"],"picked":"Velvet Choker"},{"not_picked":["Eternal Feather","Pandora\u0027s Box"],"picked":"Fusion Hammer"}],"items_purged_floors":[19,27],"is_endless":false,"potions_floor_spawned":[2,7,11,13,18,21,22,24,30,33,35,39],"ascension_level":17}