{"gold_per_floor":[118,168,180,199,213,239,239,239,286,286,286,14,27,45,45,119,119,137,237,272,272,284,284,284],"floor_reached":24,"playtime":1099,"items_purged":[],"score":391,"play_id":"38a51844-6faf-4549-8660-97a632a603a2","local_time":"20190515234434","is_ascension_mode":true,"campfire_choices":[{"data":"Wild Strike","floor":7,"key":"SMITH"},{"data":"True Grit","floor":11,"key":"SMITH"},{"floor":15,"key":"REST"},{"data":"Limit Break","floor":23,"key":"SMITH"}],"neow_cost":"NONE","seed_source_timestamp":290405574883699,"circlet_count":0,"master_deck":["AscendersBane","Strike_R","Strike_R","Strike_R","Strike_R","Strike_R","Defend_R","Defend_R","Defend_R","Defend_R","Bash+1","Wild Strike+1","Battle Trance","Pommel Strike","True Grit+1","Headbutt","Disarm","Fiend Fire","Limit Break+1","Regret","Writhe","Thunderclap","Spot Weakness","Inflame"],"relics":["Burning Blood","Boot","Ornamental Fan","Oddly Smooth Stone","Du-Vu Doll","Dream Catcher","Calling Bell","Centennial Puzzle","Gremlin Horn","Unceasing Top","Magic Flower","Kunai","Red Mask","Spirit Poop"],"potions_floor_usage":[6,16,18,19],"damage_taken":[{"damage":2,"enemies":"Cultist","floor":1,"turns":4},{"damage":6,"enemies":"2 Louse","floor":3,"turns":3},{"damage":4,"enemies":"Small Slimes","floor":4,"turns":4},{"damage":12,"enemies":"Looter","floor":5,"turns":3},{"damage":53,"enemies":"3 Sentries","floor":6,"turns":11},{"damage":8,"enemies":"Red Slaver","floor":13,"turns":2},{"damage":3,"enemies":"Blue Slaver","floor":14,"turns":3},{"damage":34,"enemies":"Slime Boss","floor":16,"turns":6},{"damage":10,"enemies":"2 Thieves","floor":18,"turns":2},{"damage":7,"enemies":"Colosseum Slavers","floor":19,"turns":2},{"damage":16,"enemies":"Colosseum Nobs","floor":19,"turns":4},{"damage":5,"enemies":"Masked Bandits","floor":20,"turns":3},{"damage":14,"enemies":"Shell Parasite","floor":22,"turns":3},{"damage":44,"enemies":"Slavers","floor":24,"turns":3}],"seed_played":"6084606402453066547","potions_obtained":[{"floor":1,"key":"LiquidBronze"},{"floor":4,"key":"Block Potion"},{"floor":18,"key":"AttackPotion"}],"is_trial":false,"path_per_floor":["M","?","M","M","M","E","R","T","T","?","R","$","M","M","R","B",null,"M","?","?","?","M","R","E"],"character_chosen":"IRONCLAD","items_purchased":["Strength Potion","Dream Catcher","Block Potion"],"campfire_rested":1,"item_purchase_floors":[12,12,12],"current_hp_per_floor":[72,72,72,74,68,21,21,21,21,21,21,21,19,22,44,16,60,56,45,49,49,44,44,0],"gold":284,"neow_bonus":"UPGRADE_CARD","is_prod":false,"is_daily":false,"chose_seed":false,"campfire_upgraded":3,"win_rate":0,"timestamp":1557956674,"path_taken":["M","?","?","M","M","E","R","?","T","?","R","$","?","?","R","BOSS","M","?","?","?","?","R","E"],"build_version":"2019-05-07","purchased_purges":0,"victory":false,"max_hp_per_floor":[75,75,75,75,75,75,75,75,75,75,75,75,75,75,75,75,75,75,75,75,75,75,75,75],"card_choices":[{"not_picked":["Entrench","Sentinel"],"picked":"Wild Strike","floor":1},{"not_picked":["Corruption","Burning Pact"],"picked":"Battle Trance","floor":3},{"not_picked":["Rupture","Battle Trance"],"picked":"Pommel Strike","floor":4},{"not_picked":["Flex","Evolve"],"picked":"True Grit","floor":5},{"not_picked":["Sword Boomerang","Power Through"],"picked":"Headbutt","floor":6},{"not_picked":["Warcry","Thunderclap"],"picked":"Disarm","floor":13},{"not_picked":["Iron Wave","Flame Barrier"],"picked":"Fiend Fire","floor":14},{"not_picked":["Offering","Barricade"],"picked":"Limit Break","floor":16},{"not_picked":["Searing Blow","Hemokinesis"],"picked":"Thunderclap","floor":18},{"not_picked":["Body Slam","True Grit"],"picked":"Spot Weakness","floor":20},{"not_picked":["Corruption","Spot Weakness+1"],"picked":"Inflame","floor":22}],"player_experience":597967,"relics_obtained":[{"floor":6,"key":"Boot"},{"floor":8,"key":"Ornamental Fan"},{"floor":9,"key":"Oddly Smooth Stone"},{"floor":17,"key":"Centennial Puzzle"},{"floor":17,"key":"Gremlin Horn"},{"floor":17,"key":"Unceasing Top"},{"floor":19,"key":"Magic Flower"},{"floor":19,"key":"Kunai"},{"floor":20,"key":"Red Mask"}],"event_choices":[{"damage_healed":0,"gold_gain":50,"player_choice":"Pray","damage_taken":0,"max_hp_gain":0,"max_hp_loss":0,"event_name":"Golden Shrine","floor":2,"gold_loss":0},{"damage_healed":0,"gold_gain":0,"player_choice":"Gave Potion","damage_taken":0,"relics_obtained":["Du-Vu Doll"],"max_hp_gain":0,"max_hp_loss":0,"event_name":"WeMeetAgain","floor":10,"gold_loss":0},{"damage_healed":0,"gold_gain":0,"player_choice":"Fight","damage_taken":0,"max_hp_gain":0,"max_hp_loss":0,"event_name":"Colosseum","floor":19,"gold_loss":0},{"damage_healed":0,"gold_gain":0,"player_choice":"Fought Nobs","damage_taken":0,"max_hp_gain":0,"max_hp_loss":0,"event_name":"Colosseum","floor":19,"gold_loss":0},{"damage_healed":0,"gold_gain":0,"player_choice":"Fought Bandits","damage_taken":0,"max_hp_gain":0,"max_hp_loss":0,"event_name":"Masked Bandits","floor":20,"gold_loss":0},{"cards_removed":["Shame"],"damage_healed":0,"gold_gain":0,"player_choice":"Offered Curse","damage_taken":0,"relics_obtained":["Spirit Poop"],"max_hp_gain":0,"max_hp_loss":0,"event_name":"Bonfire Elementals","floor":21,"gold_loss":0}],"is_beta":true,"boss_relics":[{"not_picked":["Pandora\u0027s Box","Lizard Tail"],"picked":"Calling Bell"}],"items_purged_floors":[],"is_endless":false,"potions_floor_spawned":[1,4,5,18],"killed_by":"Slavers","ascension_level":20}