{"gold_per_floor":[118,79,95,20,32,59,71,96,132,195,220,245,257,52,52,125,125,145,145,145,158,175,175,206,306,306,306,306,317,337,353,353,428,428,442,442,122,477,477,477,504,504,530,559,200,200,220,112,112,112,112],"floor_reached":51,"playtime":3638,"items_purged":["Writhe","Strike_G","Dash"],"score":1471,"play_id":"c27b418a-d5cc-4ea2-bc53-6b8d6f76cdcd","local_time":"20190530175742","is_ascension_mode":true,"campfire_choices":[{"floor":7.0,"key":"REST"},{"floor":13.0,"key":"REST"},{"data":"Noxious Fumes","floor":15.0,"key":"SMITH"},{"data":"Wraith Form v2","floor":23.0,"key":"SMITH"},{"floor":28.0,"key":"REST"},{"floor":32,"key":"REST"},{"data":"Calculated Gamble","floor":40,"key":"SMITH"},{"floor":42,"key":"REST"},{"data":"Catalyst","floor":49,"key":"SMITH"}],"neow_cost":"NONE","seed_source_timestamp":182735931339978,"circlet_count":0,"master_deck":["AscendersBane","Defend_G","Defend_G","Defend_G","Defend_G","Defend_G","Strike_G","Survivor","Neutralize","Catalyst+1","Noxious Fumes+1","Unload","Backflip+1","Sucker Punch","After Image","Wraith Form v2+1","Backflip+1","Caltrops","Storm of Steel","PiercingWail","PiercingWail","Calculated Gamble+1","Burst","Deflect","Deadly Poison","Prepared+1","Good Instincts","Bouncing Flask+1","Deadly Poison+1","Sadistic Nature","Doubt","Dodge and Roll+1","Purity"],"special_seed":0,"relics":["Ring of the Snake","MawBank","Snake Skull","TwistedFunnel","Runic Pyramid","War Paint","Unceasing Top","Bottled Lightning","Paper Crane","Boot","Eternal Feather","Membership Card","Old Coin","Pen Nib","Bag of Marbles","Ornamental Fan","Mango"],"potions_floor_usage":[33,38],"damage_taken":[{"damage":8.0,"enemies":"Small Slimes","floor":1.0,"turns":5.0},{"damage":10.0,"enemies":"2 Louse","floor":3.0,"turns":4.0},{"damage":7.0,"enemies":"Jaw Worm","floor":5.0,"turns":4.0},{"damage":29.0,"enemies":"Lagavulin","floor":6.0,"turns":9.0},{"damage":12.0,"enemies":"Gremlin Gang","floor":8.0,"turns":6.0},{"damage":3.0,"enemies":"Blue Slaver","floor":11.0,"turns":5.0},{"damage":10.0,"enemies":"Lots of Slimes","floor":12.0,"turns":5.0},{"damage":23.0,"enemies":"The Guardian","floor":16.0,"turns":9.0},{"damage":24.0,"enemies":"2 Thieves","floor":18.0,"turns":4.0},{"damage":3.0,"enemies":"Chosen","floor":21.0,"turns":4.0},{"damage":0.0,"enemies":"Snecko","floor":22.0,"turns":5.0},{"damage":12.0,"enemies":"Gremlin Leader","floor":24.0,"turns":7.0},{"damage":11.0,"enemies":"Colosseum Slavers","floor":25.0,"turns":6.0},{"damage":30.0,"enemies":"Colosseum Nobs","floor":25.0,"turns":4.0},{"damage":2,"enemies":"Chosen and Byrds","floor":29,"turns":5},{"damage":4,"enemies":"3 Cultists","floor":30,"turns":4},{"damage":0,"enemies":"Snecko","floor":31,"turns":5},{"damage":15,"enemies":"Collector","floor":33,"turns":7},{"damage":3,"enemies":"3 Shapes","floor":35,"turns":5},{"damage":36,"enemies":"2 Orb Walkers","floor":38,"turns":6},{"damage":42,"enemies":"Reptomancer","floor":41,"turns":7},{"damage":2,"enemies":"Nemesis","floor":44,"turns":5},{"damage":2,"enemies":"3 Darklings","floor":47,"turns":5},{"damage":76,"enemies":"Awakened One","floor":50,"turns":16},{"damage":16,"enemies":"Donu and Deca","floor":51,"turns":2}],"seed_played":"4037309143387228147","potions_obtained":[{"floor":5.0,"key":"SpeedPotion"},{"floor":8.0,"key":"Swift Potion"},{"floor":21.0,"key":"Regen Potion"},{"floor":24.0,"key":"Poison Potion"},{"floor":25.0,"key":"Poison Potion"},{"floor":35,"key":"Explosive Potion"},{"floor":38,"key":"Strength Potion"},{"floor":47,"key":"Poison Potion"}],"is_trial":false,"path_per_floor":["M","$","M","?","M","E","R","M","T","?","M","M","R","$","R","B",null,"M","?","?","M","M","R","E","?","T","T","R","M","M","M","R","B",null,"M","?","$","?","?","R","E","R","T","E","$","?","M","$","R","B","B"],"character_chosen":"THE_SILENT","items_purchased":["Noxious Fumes","TwistedFunnel","Membership Card","Deadly Poison","Mango","Sadistic Nature","GamblersBrew","Purity"],"campfire_rested":5,"item_purchase_floors":[2,14,37,37,45,45,45,48],"current_hp_per_floor":[57,57,47,47,40,11,32,20,20,20,17,7,28,28,28,5,55,31,31,45,42,42,42,30,1,1,1,22,20,16,16,37,22,60,57,71,71,35,35,50,8,47,47,45,59,86,84,84,86,10,0],"gold":112,"neow_bonus":"TEN_PERCENT_HP_BONUS","is_prod":false,"is_daily":false,"chose_seed":false,"campfire_upgraded":4,"win_rate":0,"timestamp":1559253462,"path_taken":["M","$","M","?","M","E","R","M","T","?","M","M","R","$","R","BOSS","M","?","?","?","?","R","E","?","T","?","R","M","?","?","R","BOSS","M","?","$","?","?","R","E","R","T","E","?","?","M","$","R","BOSS","BOSS"],"build_version":"2019-01-23","purchased_purges":3,"victory":false,"max_hp_per_floor":[72,72,72,72,72,72,72,72,72,72,72,72,72,72,72,72,72,72,72,72,72,72,72,72,72,72,72,72,72,72,72,72,72,72,72,72,72,72,72,72,72,72,72,72,86,86,86,86,86,86,86],"card_choices":[{"not_picked":["Bane","Tactician"],"picked":"Catalyst","floor":1.0},{"not_picked":["Dagger Throw","Quick Slash"],"picked":"Unload","floor":3.0},{"not_picked":["Prepared","Expertise"],"picked":"Backflip","floor":5.0},{"not_picked":["Blade Dance","Deflect","Outmaneuver"],"picked":"SKIP","floor":6.0},{"not_picked":["Acrobatics","Finisher","Heel Hook"],"picked":"SKIP","floor":8.0},{"not_picked":["Slice","Prepared"],"picked":"Sucker Punch","floor":11.0},{"not_picked":["Sucker Punch","Underhanded Strike"],"picked":"After Image","floor":12.0},{"not_picked":["Venomology","Glass Knife"],"picked":"Wraith Form v2","floor":16.0},{"not_picked":["Poisoned Stab","Underhanded Strike"],"picked":"Backflip","floor":18.0},{"not_picked":["Terror","Flying Knee"],"picked":"PiercingWail","floor":21.0},{"not_picked":["Slice","Tools of the Trade"],"picked":"PiercingWail","floor":22.0},{"not_picked":["Predator","Quick Slash+1","Grand Finale"],"picked":"SKIP","floor":24.0},{"not_picked":["Flying Knee","Prepared"],"picked":"Calculated Gamble","floor":25.0},{"not_picked":["Setup","Dagger Spray+1"],"picked":"Dash","floor":29},{"not_picked":["Backflip","Poisoned Stab","Bane"],"picked":"SKIP","floor":30},{"not_picked":["Slice","Underhanded Strike","Acrobatics"],"picked":"SKIP","floor":31},{"not_picked":["Glass Knife","Tools of the Trade"],"picked":"Burst","floor":33},{"not_picked":["Poisoned Stab+1","Masterful Stab+1"],"picked":"Deflect","floor":35},{"not_picked":["Outmaneuver","Dagger Spray"],"picked":"Prepared+1","floor":38},{"not_picked":["Flash of Steel","Panacea"],"picked":"Good Instincts","floor":39},{"not_picked":["Dagger Spray+1","Escape Plan+1"],"picked":"Bouncing Flask+1","floor":41},{"not_picked":["Sucker Punch","Acrobatics+1"],"picked":"Deadly Poison+1","floor":44},{"not_picked":["Poisoned Stab+1","Slice"],"picked":"Dodge and Roll+1","floor":47}],"player_experience":574138,"relics_obtained":[{"floor":6.0,"key":"MawBank"},{"floor":9.0,"key":"Snake Skull"},{"floor":24.0,"key":"War Paint"},{"floor":25.0,"key":"Unceasing Top"},{"floor":25.0,"key":"Bottled Lightning"},{"floor":26.0,"key":"Paper Crane"},{"floor":27.0,"key":"Boot"},{"floor":38,"key":"Old Coin"},{"floor":41,"key":"Pen Nib"},{"floor":43,"key":"Bag of Marbles"},{"floor":44,"key":"Ornamental Fan"}],"event_choices":[{"cards_removed":["Strike_G"],"damage_healed":0.0,"max_hp_gain":0.0,"max_hp_loss":0.0,"gold_gain":0.0,"event_name":"The Cleric","player_choice":"Card Removal","floor":4.0,"gold_loss":75.0,"damage_taken":0.0},{"damage_healed":0.0,"max_hp_gain":0.0,"max_hp_loss":0.0,"gold_gain":51.0,"event_name":"Golden Wing","player_choice":"Gained Gold","floor":10.0,"gold_loss":0.0,"damage_taken":0.0},{"damage_healed":0.0,"max_hp_gain":0.0,"max_hp_loss":0.0,"gold_gain":0.0,"cards_transformed":["Strike_G","Strike_G"],"event_name":"Drug Dealer","player_choice":"Became Test Subject","floor":19.0,"gold_loss":0.0,"damage_taken":0.0,"cards_obtained":["Caltrops","Storm of Steel"]},{"damage_healed":14.0,"max_hp_gain":0.0,"max_hp_loss":0.0,"gold_gain":0.0,"event_name":"The Library","player_choice":"Heal","floor":20.0,"gold_loss":0.0,"damage_taken":0.0},{"damage_healed":0.0,"max_hp_gain":0.0,"max_hp_loss":0.0,"gold_gain":0.0,"event_name":"Colosseum","player_choice":"Fight","floor":25.0,"gold_loss":0.0,"damage_taken":0.0},{"damage_healed":0.0,"max_hp_gain":0.0,"max_hp_loss":0.0,"gold_gain":0.0,"event_name":"Colosseum","player_choice":"Fought Nobs","floor":25.0,"gold_loss":0.0,"damage_taken":0.0},{"damage_healed":14,"gold_gain":0,"player_choice":"Writhe","damage_taken":0,"max_hp_gain":0,"max_hp_loss":0,"event_name":"Winding Halls","floor":36,"gold_loss":0,"cards_obtained":["Writhe"]},{"damage_healed":0,"gold_gain":0,"player_choice":"Fight","damage_taken":0,"max_hp_gain":0,"max_hp_loss":0,"event_name":"Mysterious Sphere","floor":38,"gold_loss":0},{"damage_healed":0,"gold_gain":0,"player_choice":"Memory 1","damage_taken":0,"max_hp_gain":0,"max_hp_loss":0,"event_name":"SensoryStone","floor":39,"gold_loss":0},{"damage_healed":27,"gold_gain":0,"player_choice":"Heal","damage_taken":0,"max_hp_gain":0,"max_hp_loss":0,"event_name":"MindBloom","floor":46,"gold_loss":0,"cards_obtained":["Doubt"]}],"is_beta":false,"boss_relics":[{"not_picked":["Sozu","Calling Bell"],"picked":"Runic Pyramid"},{"not_picked":["Tiny House","Snecko Eye"],"picked":"Eternal Feather"}],"items_purged_floors":[37,45,48],"is_endless":false,"potions_floor_spawned":[5,8,11,21,24,25,25,35,38,47],"killed_by":"Donu and Deca","ascension_level":20}