{"gold_per_floor":[362,362,377,27,47,47,380,380,380,5,15,15,34,119,119,194,194,212,212,225,150,170,200,200,225,225,225,235,51,51,70,70,146,146,165,215,227,227,4,4,35,53,53,53,71,103,25,45,45,45],"floor_reached":51,"playtime":3280,"items_purged":["Strike_G","Strike_G"],"score":1466,"play_id":"10c867b8-e1de-4b61-90da-917969965afa","local_time":"20181110224351","is_ascension_mode":true,"campfire_choices":[{"data":"Neutralize","floor":6.0,"key":"SMITH"},{"data":"Deadly Poison","floor":8.0,"key":"SMITH"},{"data":"Apotheosis","floor":12.0,"key":"SMITH"},{"data":"Well Laid Plans","floor":15.0,"key":"SMITH"},{"floor":24,"key":"REST"},{"floor":32,"key":"REST"},{"floor":40,"key":"REST"},{"floor":44,"key":"REST"},{"floor":49,"key":"REST"}],"neow_cost":"PERCENT_DAMAGE","seed_source_timestamp":0,"circlet_count":0,"master_deck":["AscendersBane","Defend_G+1","Defend_G+1","Defend_G+1","Defend_G+1","Strike_G+1","Strike_G+1","Strike_G+1","Survivor","Neutralize+1","Sucker Punch","Deadly Poison+1","Skewer","Dash","Deflect","Apotheosis+1","Well Laid Plans+1","Dagger Spray","Leg Sweep","Wraith Form v2","Acrobatics","Noxious Fumes","Heel Hook","Catalyst+1","Shame","Bouncing Flask","Night Terror","Malaise","Malaise","Calculated Gamble+1","Acrobatics"],"special_seed":0,"relics":["Ring of the Snake","Meat on the Bone","Old Coin","Torii","Lantern","Tiny Chest","Fusion Hammer","PreservedInsect","Paper Crane","Blue Candle","Pantograph","Busted Crown","Chemical X","Matryoshka","Pear","Letter Opener","Shuriken"],"potions_floor_usage":[23],"damage_taken":[{"damage":3.0,"enemies":"Jaw Worm","floor":1.0,"turns":8.0},{"damage":0.0,"enemies":"2 Louse","floor":3.0,"turns":3.0},{"damage":2.0,"enemies":"Small Slimes","floor":5.0,"turns":3.0},{"damage":21.0,"enemies":"Lagavulin","floor":7.0,"turns":10.0},{"damage":9.0,"enemies":"3 Louse","floor":11.0,"turns":3.0},{"damage":0.0,"enemies":"Looter","floor":13.0,"turns":3.0},{"damage":26.0,"enemies":"Gremlin Nob","floor":14.0,"turns":5.0},{"damage":10.0,"enemies":"The Guardian","floor":16.0,"turns":13.0},{"damage":1.0,"enemies":"Shell Parasite","floor":18.0,"turns":7.0},{"damage":7.0,"enemies":"3 Byrds","floor":20.0,"turns":5.0},{"damage":9.0,"enemies":"Centurion and Healer","floor":22.0,"turns":7.0},{"damage":16,"enemies":"Slavers","floor":23,"turns":6},{"damage":0,"enemies":"Gremlin Leader","floor":25,"turns":7},{"damage":23,"enemies":"Sentry and Sphere","floor":28,"turns":8},{"damage":9,"enemies":"Snake Plant","floor":31,"turns":5},{"damage":22,"enemies":"Collector","floor":33,"turns":7},{"damage":1,"enemies":"3 Shapes","floor":35,"turns":6},{"damage":14,"enemies":"Orb Walker","floor":37,"turns":4},{"damage":7,"enemies":"Giant Head","floor":41,"turns":5},{"damage":1,"enemies":"Transient","floor":42,"turns":6},{"damage":25,"enemies":"Sphere and 2 Shapes","floor":45,"turns":7},{"damage":13,"enemies":"Nemesis","floor":46,"turns":7},{"damage":5,"enemies":"3 Darklings","floor":48,"turns":7},{"damage":10,"enemies":"Time Eater","floor":50,"turns":8}],"seed_played":"5409009363356807800","potions_obtained":[{"floor":5.0,"key":"EssenceOfSteel"},{"floor":11.0,"key":"Weak Potion"},{"floor":13.0,"key":"Block Potion"},{"floor":14.0,"key":"SpeedPotion"},{"floor":22.0,"key":"PowerPotion"},{"floor":28,"key":"SteroidPotion"}],"is_trial":false,"path_per_floor":["M","?","M","$","M","R","E","R","T","$","M","R","M","?","R","B",null,"M","?","M","$","M","E","R","E","T","?","M","$","?","M","R","B",null,"M","?","M","?","$","R","E","M","T","R","M","E","$","M","R","B",null],"character_chosen":"THE_SILENT","items_purchased":["Meat on the Bone","Skewer","Apotheosis","Well Laid Plans","Lantern","Night Terror","Chemical X","GhostInAJar"],"campfire_rested":5,"item_purchase_floors":[4,4,10,10,10,29,39,47],"current_hp_per_floor":[41,21,21,21,31,31,22,22,22,22,25,25,37,23,23,25,56,55,55,48,48,39,35,54,54,54,54,43,43,43,34,53,44,61,60,54,40,40,40,59,52,51,61,76,51,50,50,45,67,66],"gold":45,"neow_bonus":"TWO_FIFTY_GOLD","is_prod":false,"is_daily":false,"chose_seed":false,"campfire_upgraded":4,"win_rate":0,"timestamp":1541918631,"path_taken":["M","?","M","$","M","R","E","R","T","$","M","R","M","?","R","BOSS","M","?","M","$","M","E","R","E","T","?","M","$","?","M","R","BOSS","M","?","?","?","$","R","E","M","T","R","M","E","$","M","R","BOSS"],"build_version":"2018-11-08","purchased_purges":2,"victory":true,"max_hp_per_floor":[66,66,66,66,66,66,66,66,66,66,66,66,66,66,66,66,66,66,66,66,66,66,66,66,66,66,66,66,66,66,66,66,66,66,66,66,66,66,66,66,66,66,76,76,76,76,76,76,76,76],"card_choices":[{"not_picked":["Quick Slash","Prepared"],"picked":"Sucker Punch","floor":1.0},{"not_picked":["Blade Dance","Acrobatics"],"picked":"Deadly Poison","floor":3.0},{"not_picked":["Poisoned Stab","Leg Sweep"],"picked":"Dash","floor":5.0},{"not_picked":["Riddle With Holes","Concentrate"],"picked":"Deflect","floor":7.0},{"not_picked":["Calculated Gamble","Riddle With Holes"],"picked":"Dagger Spray","floor":11.0},{"not_picked":["Blade Dance","Reflex"],"picked":"Leg Sweep","floor":13.0},{"not_picked":["Venomology","Doppelganger"],"picked":"Wraith Form v2","floor":16.0},{"not_picked":["Poisoned Stab+1","Backflip"],"picked":"Acrobatics","floor":18.0},{"not_picked":["Reflex","Cloak And Dagger","Dagger Throw"],"picked":"SKIP","floor":20.0},{"not_picked":["Outmaneuver","Dodge and Roll"],"picked":"Heel Hook","floor":22.0},{"not_picked":["Crippling Poison","Backstab"],"picked":"Catalyst+1","floor":23},{"not_picked":["Outmaneuver","Quick Slash","Backstab"],"picked":"SKIP","floor":25},{"not_picked":["Deflect","Sucker Punch+1"],"picked":"Bouncing Flask","floor":28},{"not_picked":["Quick Slash+1","Bane+1"],"picked":"Malaise","floor":31},{"not_picked":["Phantasmal Killer","Doppelganger"],"picked":"Malaise","floor":33},{"not_picked":[],"picked":"Calculated Gamble+1","floor":35},{"not_picked":["Flying Knee+1"],"picked":"SKIP","floor":37},{"not_picked":["Predator"],"picked":"SKIP","floor":41},{"not_picked":["Quick Slash+1"],"picked":"SKIP","floor":42},{"not_picked":[],"picked":"Acrobatics","floor":45},{"not_picked":["Sucker Punch"],"picked":"SKIP","floor":46},{"not_picked":["Quick Slash+1"],"picked":"SKIP","floor":48}],"player_experience":1052246,"relics_obtained":[{"floor":7.0,"key":"Old Coin"},{"floor":9.0,"key":"Torii"},{"floor":23,"key":"PreservedInsect"},{"floor":25,"key":"Paper Crane"},{"floor":26,"key":"Blue Candle"},{"floor":41,"key":"Matryoshka"},{"floor":43,"key":"Pear"},{"floor":43,"key":"Letter Opener"},{"floor":46,"key":"Shuriken"}],"event_choices":[{"damage_healed":0.0,"max_hp_gain":0.0,"max_hp_loss":0.0,"gold_gain":0.0,"event_name":"Shining Light","player_choice":"Entered Light","floor":2.0,"gold_loss":0.0,"damage_taken":20.0,"cards_upgraded":["Defend_G","Defend_G"]},{"damage_healed":0.0,"max_hp_gain":0.0,"max_hp_loss":0.0,"gold_gain":0.0,"event_name":"Dead Adventurer","player_choice":"Searched \u00272\u0027 times","floor":14.0,"gold_loss":0.0,"damage_taken":0.0,"relics_obtained":["Tiny Chest"]},{"damage_healed":0.0,"max_hp_gain":0.0,"max_hp_loss":0.0,"gold_gain":0.0,"event_name":"The Library","player_choice":"Read","floor":19.0,"gold_loss":0.0,"damage_taken":0.0,"cards_obtained":["Noxious Fumes"]},{"damage_healed":0,"gold_gain":0,"player_choice":"Stole Relic","damage_taken":0,"relics_obtained":["Pantograph"],"max_hp_gain":0,"max_hp_loss":0,"event_name":"Addict","floor":27,"gold_loss":0,"cards_obtained":["Shame"]},{"damage_healed":0,"gold_gain":0,"player_choice":"Simplicity","damage_taken":0,"max_hp_gain":0,"max_hp_loss":0,"event_name":"Back to Basics","floor":30,"gold_loss":0,"cards_upgraded":["Defend_G","Defend_G","Defend_G","Strike_G","Strike_G","Strike_G"]},{"damage_healed":0,"gold_gain":50,"player_choice":"Touch","damage_taken":6,"max_hp_gain":0,"max_hp_loss":0,"event_name":"FaceTrader","floor":36,"gold_loss":0},{"cards_removed":["Defend_G"],"damage_healed":0,"gold_gain":0,"player_choice":"Removed Skill","damage_taken":0,"max_hp_gain":0,"max_hp_loss":0,"event_name":"Falling","floor":38,"gold_loss":0}],"is_beta":true,"boss_relics":[{"not_picked":["Ectoplasm","Snecko Eye"],"picked":"Fusion Hammer"},{"not_picked":["Lizard Tail","Coffee Dripper"],"picked":"Busted Crown"}],"items_purged_floors":[21,29],"is_endless":false,"potions_floor_spawned":[5,11,13,14,22,28,31,33,37,41,46,48],"ascension_level":18}