{"gold_per_floor":[117,143,143,143,143,143,170,180,180,215,215,246,246,38,38,112,112,125,50,65,9,9,37,37],"floor_reached":24,"playtime":1381,"items_purged":["Strike_R"],"score":456,"play_id":"203edd5c-97d6-452b-bd0a-05b83173d5b0","local_time":"20190506005417","is_ascension_mode":true,"campfire_choices":[{"data":"Perfected Strike","floor":6,"key":"SMITH"},{"data":"Metallicize","floor":11,"key":"SMITH"},{"data":"Disarm","floor":15,"key":"SMITH"}],"neow_cost":"NONE","seed_source_timestamp":461850103821918,"circlet_count":0,"master_deck":["AscendersBane","Strike_R","Strike_R","Strike_R","Defend_R","Defend_R","Defend_R","Defend_R","Bash+1","Perfected Strike+1","Metallicize+1","Disarm+1","Evolve","Spot Weakness","Anger","Twin Strike+1","Fiend Fire+1","Uppercut","Decay","Metallicize"],"relics":["Burning Blood","Strawberry","Gambling Chip","Pantograph","Bottled Tornado","Matryoshka","PreservedInsect","Black Star","Sundial","Whetstone"],"potions_floor_usage":[10,23,23],"damage_taken":[{"damage":7,"enemies":"Cultist","floor":1,"turns":4},{"damage":30,"enemies":"3 Sentries","floor":7,"turns":9},{"damage":3,"enemies":"2 Louse","floor":8,"turns":3},{"damage":20,"enemies":"Lagavulin","floor":10,"turns":5},{"damage":19,"enemies":"Gremlin Nob","floor":12,"turns":4},{"damage":12,"enemies":"Hexaghost","floor":16,"turns":8},{"damage":36,"enemies":"Spheric Guardian","floor":18,"turns":6},{"damage":23,"enemies":"Chosen","floor":20,"turns":7},{"damage":34,"enemies":"Book of Stabbing","floor":23,"turns":5},{"damage":16,"enemies":"Centurion and Healer","floor":24,"turns":1}],"seed_played":"5445742977560492323","potions_obtained":[{"floor":7,"key":"SkillPotion"},{"floor":16,"key":"Block Potion"},{"floor":18,"key":"BloodPotion"}],"is_trial":false,"path_per_floor":["M","T","?","?","?","R","E","M","T","E","R","E","?","$","R","B",null,"M","$","M","$","?","E","M"],"character_chosen":"IRONCLAD","items_purchased":["Twin Strike","PreservedInsect","PowerPotion"],"campfire_rested":0,"item_purchase_floors":[14,14,21],"current_hp_per_floor":[74,81,81,86,86,86,62,65,65,51,51,38,38,38,38,57,85,55,55,38,38,38,10,0],"gold":37,"neow_bonus":"TEN_PERCENT_HP_BONUS","is_prod":false,"is_daily":false,"chose_seed":false,"campfire_upgraded":3,"win_rate":0,"timestamp":1557096857,"path_taken":["M","?","?","?","?","R","E","M","T","E","R","E","?","$","R","BOSS","M","?","M","$","?","E","M"],"build_version":"2019-04-23","purchased_purges":1,"victory":false,"max_hp_per_floor":[82,89,89,94,94,94,94,94,94,94,94,94,94,94,94,94,94,94,94,94,94,94,94,94],"card_choices":[{"not_picked":["Shrug It Off","Sever Soul"],"picked":"Perfected Strike","floor":1},{"not_picked":["Sword Boomerang","Cleave"],"picked":"Metallicize","floor":7},{"not_picked":["Twin Strike","Entrench"],"picked":"Disarm","floor":8},{"not_picked":["Fire Breathing","Reckless Charge"],"picked":"Evolve","floor":10},{"not_picked":["Intimidate","Inflame"],"picked":"Spot Weakness","floor":12},{"not_picked":["Bludgeon","Double Tap"],"picked":"Fiend Fire","floor":16},{"not_picked":["Dropkick","Warcry","Pommel Strike"],"picked":"SKIP","floor":18},{"not_picked":["Heavy Blade","Clothesline"],"picked":"Uppercut","floor":20},{"not_picked":["Thunderclap","Warcry"],"picked":"Metallicize","floor":23}],"player_experience":545190,"relics_obtained":[{"floor":2,"key":"Strawberry"},{"floor":7,"key":"Gambling Chip"},{"floor":9,"key":"Pantograph"},{"floor":10,"key":"Bottled Tornado"},{"floor":12,"key":"Matryoshka"},{"floor":23,"key":"Sundial"},{"floor":23,"key":"Whetstone"}],"event_choices":[{"damage_healed":0,"gold_gain":0,"player_choice":"Grow","damage_taken":0,"max_hp_gain":0,"max_hp_loss":0,"event_name":"Living Wall","floor":3,"gold_loss":0,"cards_upgraded":["Bash"]},{"damage_healed":0,"gold_gain":0,"player_choice":"Donut","damage_taken":0,"max_hp_gain":5,"max_hp_loss":0,"event_name":"Big Fish","floor":4,"gold_loss":0},{"damage_healed":0,"gold_gain":0,"player_choice":"Ignored","damage_taken":0,"max_hp_gain":0,"max_hp_loss":0,"event_name":"Liars Game","floor":5,"gold_loss":0},{"damage_healed":0,"gold_gain":0,"cards_transformed":["Strike_R"],"player_choice":"Transformed","damage_taken":0,"max_hp_gain":0,"max_hp_loss":0,"event_name":"Transmorgrifier","floor":13,"gold_loss":0,"cards_obtained":["Anger"]},{"damage_healed":0,"gold_gain":0,"player_choice":"Smashed Altar","damage_taken":0,"max_hp_gain":0,"max_hp_loss":0,"event_name":"Forgotten Altar","floor":22,"gold_loss":0,"cards_obtained":["Decay"]}],"is_beta":true,"boss_relics":[{"not_picked":["Eternal Feather","Mark of Pain"],"picked":"Black Star"}],"items_purged_floors":[19],"is_endless":false,"potions_floor_spawned":[7,16,18],"killed_by":"Centurion and Healer","ascension_level":20}