{"gold_per_floor":[19,38,50,68,86,86,103,130,178,178,197,224,224,224,224,302,302,321,321,321,62,82,82,7,7,7,57,91,106,106,120,120,199,199,216,226,236,248,28,28,39,59,84,0,14,28,43,43,43,43],"floor_reached":51,"playtime":3695,"items_purged":[],"score":1111,"play_id":"de4bb051-9358-4154-ab72-7b3f663e1d35","local_time":"20180711003754","is_ascension_mode":true,"campfire_choices":[{"data":"Zap","floor":6,"key":"SMITH"},{"data":"Sunder","floor":10,"key":"SMITH"},{"data":"Hologram","floor":13,"key":"SMITH"},{"floor":15,"key":"REST"},{"data":"Thunder Strike","floor":23,"key":"SMITH"},{"data":"Seek","floor":25,"key":"SMITH"},{"data":"Hologram","floor":30,"key":"SMITH"},{"floor":32,"key":"REST"},{"data":"Glacier","floor":40,"key":"SMITH"},{"floor":49,"key":"REST"}],"neow_cost":"NO_GOLD","seed_source_timestamp":181389820370760,"circlet_count":0,"master_deck":["Strike_B+1","Defend_B+1","Defend_B+1","Defend_B+1","Defend_B+1","Zap+1","Dualcast","AscendersBane","Loop","Hologram+1","Cold Snap","Thunder Strike+1","Hologram+1","Sunder+1","Echo Form","Ball Lightning","Seek+1","Glacier+1","Fission","Coolheaded+1","Self Repair","Seek"],"relics":["Cracked Core","Bag of Marbles","Blood Vial","Bronze Scales","Busted Crown","Nilry\u0027s Codex","Meat on the Bone","Mercury Hourglass","Question Card","Philosopher\u0027s Stone","Happy Flower","Orichalcum","Red Mask"],"potions_floor_usage":[8,8,29,33,33,38,50,50],"damage_taken":[{"damage":0,"enemies":"2 Louse","floor":1,"turns":3},{"damage":4,"enemies":"Small Slimes","floor":2,"turns":4},{"damage":4,"enemies":"Jaw Worm","floor":3,"turns":4},{"damage":2,"enemies":"2 Fungi Beasts","floor":4,"turns":4},{"damage":11,"enemies":"3 Louse","floor":5,"turns":4},{"damage":3,"enemies":"Large Slime","floor":7,"turns":6},{"damage":17,"enemies":"Lagavulin","floor":8,"turns":6},{"damage":0,"enemies":"2 Fungi Beasts","floor":11,"turns":2},{"damage":13,"enemies":"3 Sentries","floor":12,"turns":5},{"damage":16,"enemies":"Slime Boss","floor":16,"turns":6},{"damage":7,"enemies":"Shell Parasite","floor":18,"turns":5},{"damage":0,"enemies":"2 Thieves","floor":22,"turns":1},{"damage":4,"enemies":"Slavers","floor":28,"turns":2},{"damage":2,"enemies":"Centurion and Healer","floor":29,"turns":3},{"damage":0,"enemies":"Snecko","floor":31,"turns":3},{"damage":61,"enemies":"Collector","floor":33,"turns":7},{"damage":0,"enemies":"Flame Bruiser 1 Orb","floor":35,"turns":6},{"damage":14,"enemies":"3 Darklings","floor":36,"turns":6},{"damage":19,"enemies":"Maw","floor":37,"turns":7},{"damage":25,"enemies":"Sphere and 2 Shapes","floor":38,"turns":4},{"damage":26,"enemies":"3 Darklings","floor":41,"turns":4},{"damage":0,"enemies":"Maw","floor":42,"turns":8},{"damage":0,"enemies":"Sphere and 2 Shapes","floor":45,"turns":6},{"damage":7,"enemies":"4 Shapes","floor":46,"turns":4},{"damage":17,"enemies":"Flame Bruiser 2 Orb","floor":47,"turns":5},{"damage":39,"enemies":"Awakened One","floor":50,"turns":13}],"seed_played":"-4244842609252995268","potions_obtained":[{"floor":1,"key":"Swift Potion"},{"floor":2,"key":"LiquidBronze"},{"floor":8,"key":"Block Potion"},{"floor":18,"key":"Dexterity Potion"},{"floor":31,"key":"FearPotion"},{"floor":33,"key":"Regen Potion"},{"floor":37,"key":"Dexterity Potion"},{"floor":42,"key":"FairyPotion"},{"floor":45,"key":"Block Potion"}],"is_trial":false,"path_per_floor":["M","M","M","M","M","R","M","E","T","R","M","E","R","?","R","B",null,"M","?","?","$","M","R","?","R","T","?","E","M","R","M","R","B",null,"M","M","M","M","$","R","M","M","T","?","M","M","M","?","R","B"],"character_chosen":"DEFECT","items_purchased":["Meat on the Bone","Happy Flower","Self Repair"],"campfire_rested":3,"item_purchase_floors":[21,39,39],"current_hp_per_floor":[64,60,56,54,43,43,40,23,23,23,25,14,14,14,35,21,59,54,54,33,33,47,47,47,47,47,47,45,45,45,47,68,21,59,61,49,44,45,45,45,33,61,61,61,71,64,63,63,71,44],"gold":43,"neow_bonus":"REMOVE_TWO","is_prod":false,"is_daily":false,"chose_seed":false,"campfire_upgraded":7,"win_rate":0,"timestamp":1531294674,"path_taken":["M","M","M","M","M","R","M","E","T","R","M","E","R","?","R","BOSS","M","?","?","$","M","R","?","R","T","?","E","M","R","?","R","BOSS","M","M","M","M","$","R","M","M","T","?","M","M","M","?","R","BOSS"],"build_version":"2018-07-09","purchased_purges":0,"victory":true,"max_hp_per_floor":[71,71,71,71,71,71,71,71,71,71,71,71,71,71,71,71,71,71,71,71,71,71,71,71,71,71,71,71,71,71,71,71,71,71,71,71,71,71,71,71,71,71,71,71,71,71,71,71,71,71],"card_choices":[{"not_picked":["Scrape","Rebound"],"picked":"Loop","floor":1},{"not_picked":["Go for the Eyes","Barrage"],"picked":"Hologram","floor":2},{"not_picked":["Lockon","Gash"],"picked":"Cold Snap","floor":3},{"not_picked":["Sweeping Beam","Stack"],"picked":"Thunder Strike","floor":4},{"not_picked":["Turbo","Beam Cell"],"picked":"Hologram","floor":5},{"not_picked":["Redo","Gash"],"picked":"Sunder","floor":7},{"not_picked":["Hologram","Defragment"],"picked":"Echo Form","floor":8},{"not_picked":["Blizzard","Barrage","Hologram"],"picked":"SKIP","floor":11},{"not_picked":["Hello World","Streamline"],"picked":"Ball Lightning","floor":12},{"not_picked":["Multi-Cast","Buffer"],"picked":"Seek","floor":16},{"not_picked":["Hologram"],"picked":"SKIP","floor":18},{"not_picked":["Scrape"],"picked":"SKIP","floor":22},{"not_picked":["Undo"],"picked":"SKIP","floor":28},{"not_picked":["Undo"],"picked":"SKIP","floor":28},{"not_picked":["Fusion","Gash"],"picked":"SKIP","floor":29},{"not_picked":["Leap"],"picked":"Glacier","floor":31},{"not_picked":["Amplify"],"picked":"Fission","floor":33},{"not_picked":["Undo"],"picked":"Coolheaded+1","floor":35},{"not_picked":["Streamline+1","Loop"],"picked":"SKIP","floor":36},{"not_picked":["Rip and Tear","Compile Driver"],"picked":"SKIP","floor":37},{"not_picked":["Gash","Sweeping Beam"],"picked":"SKIP","floor":38},{"not_picked":["Compile Driver","Streamline"],"picked":"SKIP","floor":41},{"not_picked":["Scrape","Leap+1"],"picked":"SKIP","floor":42},{"not_picked":["Hologram"],"picked":"Seek","floor":45},{"not_picked":["Aggregate","Auto Shields+1"],"picked":"SKIP","floor":46},{"not_picked":["Redo","Turbo"],"picked":"SKIP","floor":47}],"player_experience":790245,"relics_obtained":[{"floor":8,"key":"Bag of Marbles"},{"floor":9,"key":"Blood Vial"},{"floor":12,"key":"Bronze Scales"},{"floor":20,"key":"Nilry\u0027s Codex"},{"floor":26,"key":"Mercury Hourglass"},{"floor":28,"key":"Question Card"},{"floor":43,"key":"Orichalcum"}],"event_choices":[{"event_name":"Dead Adventurer","player_choice":"Searched \u00270\u0027 times","floor":14,"damage_taken":0},{"event_name":"Back to Basics","player_choice":"Simplicity","floor":19,"damage_taken":0},{"event_name":"Cursed Tome","player_choice":"Obtained Book","floor":20,"damage_taken":0},{"event_name":"Beggar","player_choice":"Gave Gold","floor":24,"damage_taken":0},{"event_name":"Nest","player_choice":"Stole From Cult","floor":27,"damage_taken":0},{"event_name":"Tomb of Lord Red Mask","player_choice":"Paid","floor":44,"damage_taken":0},{"event_name":"FaceTrader","player_choice":"Leave","floor":48,"damage_taken":0}],"boss_relics":[{"not_picked":["FrozenCore","Calling Bell"],"picked":"Busted Crown"},{"not_picked":["Pandora\u0027s Box","Black Star"],"picked":"Philosopher\u0027s Stone"}],"items_purged_floors":[],"is_endless":false,"potions_floor_spawned":[1,2,7,8,18,31,33,37,42,45],"ascension_level":15}