{"gold_per_floor":[115,126,140,153,164,199,199,199,224,263,263,298,318,318,318,318],"floor_reached":16,"playtime":771,"items_purged":[],"score":226,"play_id":"1e999b75-f4a7-452c-83e0-d7fa0bd4cb86","local_time":"20181025171054","is_ascension_mode":true,"campfire_choices":[{"floor":7,"key":"REST"},{"floor":11,"key":"REST"},{"floor":15,"key":"REST"}],"neow_cost":"NONE","seed_source_timestamp":2988069211917702,"circlet_count":0,"master_deck":["Defend_G","Defend_G","Defend_G","Defend_G","Defend_G","Strike_G","Strike_G","Strike_G","Strike_G","Strike_G","Survivor","Neutralize","AscendersBane","Leg Sweep","Flying Knee","Flechettes","Cloak And Dagger","Choke","Backstab","Wraith Form v2","All Out Attack","Caltrops","Grand Finale"],"relics":["Ring of the Snake","NeowsBlessing","Pantograph","Golden Idol","Blood Vial","Orichalcum","Art of War"],"potions_floor_usage":[5,6,10,13],"damage_taken":[{"damage":0,"enemies":"Cultist","floor":1,"turns":1},{"damage":0,"enemies":"Jaw Worm","floor":2,"turns":1},{"damage":0,"enemies":"Small Slimes","floor":3,"turns":1},{"damage":9,"enemies":"Blue Slaver","floor":4,"turns":3},{"damage":10,"enemies":"Exordium Wildlife","floor":5,"turns":4},{"damage":35,"enemies":"Lagavulin","floor":6,"turns":9},{"damage":21,"enemies":"3 Sentries","floor":10,"turns":10},{"damage":23,"enemies":"Gremlin Nob","floor":12,"turns":5},{"damage":1,"enemies":"Lots of Slimes","floor":13,"turns":3},{"damage":59,"enemies":"Slime Boss","floor":16,"turns":10}],"seed_played":"6249686630130862501","potions_obtained":[{"floor":2,"key":"Fire Potion"},{"floor":5,"key":"Weak Potion"},{"floor":6,"key":"EssenceOfSteel"},{"floor":12,"key":"FearPotion"}],"is_trial":false,"path_per_floor":["M","M","M","M","M","E","R","?","T","E","R","E","M","?","R"],"character_chosen":"THE_SILENT","items_purchased":[],"campfire_rested":3,"item_purchase_floors":[],"current_hp_per_floor":[59,59,59,50,40,5,24,24,24,5,23,2,3,3,21,0],"gold":318,"neow_bonus":"THREE_ENEMY_KILL","is_prod":false,"is_daily":false,"chose_seed":false,"campfire_upgraded":0,"win_rate":0,"timestamp":1540512654,"path_taken":["M","M","M","M","?","E","R","?","T","E","R","E","M","?","R","BOSS"],"build_version":"2018-10-25v2","purchased_purges":0,"victory":false,"max_hp_per_floor":[66,66,66,66,66,66,66,60,60,60,60,60,60,60,60,60],"card_choices":[{"not_picked":["Bane","Underhanded Strike"],"picked":"Leg Sweep","floor":1},{"not_picked":["Catalyst","Flechettes"],"picked":"Flying Knee","floor":2},{"not_picked":["Deadly Poison","Bane"],"picked":"Flechettes","floor":3},{"not_picked":["Acrobatics","Bane"],"picked":"Cloak And Dagger","floor":4},{"not_picked":["Masterful Stab","Dagger Throw"],"picked":"Choke","floor":5},{"not_picked":["Expertise","Deflect"],"picked":"Backstab","floor":6},{"not_picked":["PiercingWail","Quick Slash"],"picked":"Wraith Form v2","floor":10},{"not_picked":["Sucker Punch","Setup"],"picked":"All Out Attack","floor":12},{"not_picked":["Underhanded Strike","Setup"],"picked":"Caltrops","floor":13}],"player_experience":996676,"relics_obtained":[{"floor":6,"key":"Pantograph"},{"floor":9,"key":"Blood Vial"},{"floor":10,"key":"Orichalcum"},{"floor":12,"key":"Art of War"}],"event_choices":[{"damage_healed":0,"gold_gain":0,"player_choice":"Lose Max HP","damage_taken":0,"relics_obtained":["Golden Idol"],"max_hp_gain":0,"max_hp_loss":6,"event_name":"Golden Idol","floor":8,"gold_loss":0},{"damage_healed":0,"gold_gain":0,"player_choice":"1 cards matched","damage_taken":0,"max_hp_gain":0,"max_hp_loss":0,"event_name":"Match and Keep!","floor":14,"gold_loss":0,"cards_obtained":["Grand Finale"]}],"is_beta":true,"boss_relics":[],"items_purged_floors":[],"is_endless":false,"potions_floor_spawned":[2,5,6,12],"killed_by":"Slime Boss","ascension_level":17}