{"gold_per_floor":[18,34,44,55,73,73,107,107,132,132,147,163,173,188,188,262,262,243,168,168,168,178,178,178],"floor_reached":24,"playtime":1021,"items_purged":[],"score":354,"play_id":"eef27ec9-1445-4367-9e4b-23a7e9223ca0","local_time":"20180714031305","is_ascension_mode":true,"campfire_choices":[{"data":"Streamline","floor":6,"key":"SMITH"},{"data":"Zap","floor":8,"key":"SMITH"},{"data":"Go for the Eyes","floor":10,"key":"SMITH"},{"floor":15,"key":"REST"},{"floor":23,"key":"REST"}],"neow_cost":"NO_GOLD","seed_source_timestamp":452583895785155,"circlet_count":0,"master_deck":["Strike_B+1","Defend_B+1","Defend_B+1","Defend_B+1","Defend_B+1","Zap+1","Dualcast","AscendersBane","Sweeping Beam","Streamline+1","Go for the Eyes+1","Beam Cell","Glacier","Aggregate","Gash","Hologram","Turbo","Creative AI","Skim+1","Doom and Gloom+1","Reprogram+1","Steam+1","Capacitor","Storm+1"],"relics":["Cracked Core","Unceasing Top","Boot","Happy Flower","Astrolabe"],"potions_floor_usage":[7,13,16,24,24],"damage_taken":[{"damage":1,"enemies":"Cultist","floor":1,"turns":3},{"damage":7,"enemies":"Jaw Worm","floor":2,"turns":4},{"damage":2,"enemies":"2 Louse","floor":3,"turns":3},{"damage":15,"enemies":"Lots of Slimes","floor":4,"turns":2},{"damage":3,"enemies":"Looter","floor":5,"turns":2},{"damage":8,"enemies":"Gremlin Nob","floor":7,"turns":3},{"damage":15,"enemies":"2 Fungi Beasts","floor":11,"turns":3},{"damage":6,"enemies":"3 Louse","floor":12,"turns":2},{"damage":0,"enemies":"Lots of Slimes","floor":13,"turns":3},{"damage":1,"enemies":"Looter","floor":14,"turns":2},{"damage":19,"enemies":"Hexaghost","floor":16,"turns":10},{"damage":6,"enemies":"2 Thieves","floor":18,"turns":4},{"damage":16,"enemies":"Spheric Guardian","floor":22,"turns":7},{"damage":47,"enemies":"Cultist and Chosen","floor":24,"turns":4}],"seed_played":"-1189274287841321816","potions_obtained":[{"floor":2,"key":"Swift Potion"},{"floor":3,"key":"PowerPotion"},{"floor":11,"key":"SkillPotion"},{"floor":13,"key":"Energy Potion"},{"floor":16,"key":"Ancient Potion"},{"floor":18,"key":"Regen Potion"}],"is_trial":false,"path_per_floor":["M","M","M","M","M","R","E","R","T","R","M","M","M","M","R","B",null,"M","$","?","?","M","R"],"character_chosen":"DEFECT","items_purchased":["Capacitor"],"campfire_rested":2,"item_purchase_floors":[19],"current_hp_per_floor":[63,56,54,39,36,36,28,28,28,28,13,7,7,6,27,8,55,49,49,29,29,13,35,0],"gold":178,"neow_bonus":"ONE_RARE_RELIC","is_prod":false,"is_daily":false,"chose_seed":false,"campfire_upgraded":3,"win_rate":0,"timestamp":1531563185,"path_taken":["M","M","M","M","?","R","E","R","T","R","M","M","M","M","R","BOSS","M","$","?","?","M","R","M"],"build_version":"2018-07-13","purchased_purges":0,"victory":false,"max_hp_per_floor":[71,71,71,71,71,71,71,71,71,71,71,71,71,71,71,71,71,71,71,76,76,76,76,76],"card_choices":[{"not_picked":["Barrage","Stack"],"picked":"Sweeping Beam","floor":1},{"not_picked":["Coolheaded","Darkness"],"picked":"Streamline","floor":2},{"not_picked":["Hologram","Conserve Battery"],"picked":"Go for the Eyes","floor":3},{"not_picked":["Ball Lightning","Darkness"],"picked":"Beam Cell","floor":4},{"not_picked":["Streamline","Stack"],"picked":"Glacier","floor":5},{"not_picked":["Fusion","Doom and Gloom"],"picked":"Aggregate","floor":7},{"not_picked":["Tempest","Melter"],"picked":"Gash","floor":11},{"not_picked":["Fusion","Hyperbeam"],"picked":"Hologram","floor":12},{"not_picked":["Rip and Tear","Beam Cell","Stack"],"picked":"SKIP","floor":13},{"not_picked":["Coolheaded","Streamline"],"picked":"Turbo","floor":14},{"not_picked":["Meteor Strike","Machine Learning"],"picked":"Creative AI","floor":16},{"not_picked":["Go for the Eyes","Lockon"],"picked":"Steam+1","floor":18},{"not_picked":["Glacier+1","Turbo"],"picked":"Storm+1","floor":22}],"player_experience":837241,"relics_obtained":[{"floor":7,"key":"Boot"},{"floor":9,"key":"Happy Flower"}],"event_choices":[{"event_name":"Forgotten Altar","player_choice":"Shed Blood","floor":20,"damage_taken":0},{"event_name":"Back to Basics","player_choice":"Simplicity","floor":21,"damage_taken":0}],"boss_relics":[{"not_picked":["Black Star","Lizard Tail"],"picked":"Astrolabe"}],"items_purged_floors":[],"is_endless":false,"potions_floor_spawned":[2,3,5,11,13,16,18],"killed_by":"Cultist and Chosen","ascension_level":15}