{"gold_per_floor":[109,109,121,132,132,132,144,170,170,180,198,198,229,229,229,229],"floor_reached":16,"playtime":798,"items_purged":[],"score":224,"play_id":"3850606b-24ca-4a22-9ea2-07639b2e2c03","local_time":"20190906121005","is_ascension_mode":true,"campfire_choices":[{"data":"Dodge and Roll","floor":6,"key":"SMITH"},{"floor":12,"key":"REST"},{"floor":15,"key":"REST"}],"neow_cost":"NONE","seed_source_timestamp":256087015000400,"circlet_count":0,"master_deck":["AscendersBane","Strike_G","Strike_G","Strike_G+1","Strike_G","Strike_G","Defend_G","Defend_G","Defend_G","Defend_G","Defend_G","Survivor","Neutralize+1","Dodge and Roll+1","Dagger Spray+1","Flying Knee","Footwork","Acrobatics","Wraith Form v2","Sucker Punch+1","Blur","Backflip"],"relics":["Ring of the Snake","Lantern","Shuriken","Mercury Hourglass"],"potions_floor_usage":[8,11,13],"damage_taken":[{"damage":2,"enemies":"2 Louse","floor":1,"turns":3},{"damage":0,"enemies":"Cultist","floor":3,"turns":4},{"damage":12,"enemies":"Jaw Worm","floor":4,"turns":4},{"damage":0,"enemies":"2 Fungi Beasts","floor":7,"turns":3},{"damage":20,"enemies":"Gremlin Nob","floor":8,"turns":5},{"damage":0,"enemies":"Blue Slaver","floor":10,"turns":6},{"damage":0,"enemies":"Exordium Wildlife","floor":11,"turns":5},{"damage":16,"enemies":"3 Sentries","floor":13,"turns":10},{"damage":34,"enemies":"Hexaghost","floor":16,"turns":14}],"seed_played":"-5855234986563519641","potions_obtained":[{"floor":3,"key":"GamblersBrew"},{"floor":4,"key":"EssenceOfSteel"},{"floor":11,"key":"SpeedPotion"}],"is_trial":false,"path_per_floor":["M","?","M","M","?","R","M","E","T","M","M","R","E","?","R","B"],"character_chosen":"THE_SILENT","items_purchased":[],"campfire_rested":2,"item_purchase_floors":[],"current_hp_per_floor":[57,57,57,45,25,25,25,5,5,5,5,24,8,8,27,0],"gold":229,"neow_bonus":"THREE_CARDS","is_prod":false,"is_daily":false,"chose_seed":false,"campfire_upgraded":1,"win_rate":0,"timestamp":1567786205,"path_taken":["M","?","M","M","?","R","M","E","T","M","M","R","E","?","R","BOSS"],"build_version":"2019-07-17","purchased_purges":0,"victory":false,"max_hp_per_floor":[66,66,66,66,66,66,66,66,66,66,66,66,66,66,66,66],"card_choices":[{"not_picked":["Deflect","Acrobatics"],"picked":"Dodge and Roll","floor":0},{"not_picked":["Poisoned Stab","Footwork"],"picked":"Dagger Spray","floor":1},{"not_picked":["Acrobatics","Bane"],"picked":"Flying Knee","floor":3},{"not_picked":["Quick Slash","PiercingWail"],"picked":"Footwork","floor":4},{"not_picked":["Flying Knee","Prepared"],"picked":"Acrobatics","floor":7},{"not_picked":["PiercingWail","Flechettes"],"picked":"Wraith Form v2","floor":8},{"not_picked":["Blade Dance","Acrobatics"],"picked":"Sucker Punch","floor":10},{"not_picked":["Flechettes","Prepared"],"picked":"Blur","floor":11},{"not_picked":["Bane","Outmaneuver"],"picked":"Backflip","floor":13}],"player_experience":773541,"relics_obtained":[{"floor":8,"key":"Lantern"},{"floor":9,"key":"Shuriken"},{"floor":13,"key":"Mercury Hourglass"}],"event_choices":[{"damage_healed":0,"gold_gain":0,"player_choice":"Grow","damage_taken":0,"max_hp_gain":0,"max_hp_loss":0,"event_name":"Living Wall","floor":2,"gold_loss":0,"cards_upgraded":["Neutralize"]},{"damage_healed":0,"gold_gain":0,"player_choice":"Entered Light","damage_taken":20,"max_hp_gain":0,"max_hp_loss":0,"event_name":"Shining Light","floor":5,"gold_loss":0,"cards_upgraded":["Strike_G","Dagger Spray"]},{"damage_healed":0,"gold_gain":0,"player_choice":"Upgraded","damage_taken":0,"max_hp_gain":0,"max_hp_loss":0,"event_name":"Upgrade Shrine","floor":14,"gold_loss":0,"cards_upgraded":["Sucker Punch"]}],"is_beta":false,"boss_relics":[],"items_purged_floors":[],"is_endless":false,"potions_floor_spawned":[3,4,11],"killed_by":"Hexaghost","ascension_level":20}