{"gold_per_floor":[109,127,142,157,177,212,13,13,36,71,146,2,2,35,35,133,133,144,144,94,114,125,183,183,200,254,254,254,281,281,298,298,400,400,413,433,433,446,144,169,169,204,273,290,310,324,355,355,355,355],"floor_reached":50,"playtime":2588,"items_purged":["Strike_R"],"score":788,"play_id":"a4e04363-7c5e-4757-b04b-e428a4bddd4e","local_time":"20190916131650","is_ascension_mode":true,"campfire_choices":[{"data":"Berserk","floor":8,"key":"SMITH"},{"floor":15,"key":"REST"},{"data":"Nirvana","floor":24,"key":"SMITH"},{"floor":27,"key":"RECALL"},{"data":"Heavy Blade","floor":30,"key":"SMITH"},{"data":"Heavy Blade","floor":32,"key":"SMITH"},{"floor":41,"key":"REST"},{"floor":49,"key":"REST"}],"neow_cost":"NONE","seed_source_timestamp":168955552422500,"circlet_count":0,"master_deck":["Strike_R","Strike_R","Strike_R","Defend_R","Defend_R","Defend_R","Defend_R","Bash","Twin Strike","Dropkick","Flex","Berserk+1","Thunderclap","Pommel Strike","Heavy Blade+1","Nirvana+1","Deep Breath","Ghostly","Ghostly","Ghostly","Ghostly","Ghostly","Heavy Blade+1","Ragnarok+1","Sunder+1","Fiend Fire+1","Backflip+1","Uppercut+1","Ragnarok+1","BattleHymn","CutThroughFate+1","Madness","Madness"],"relics":["Black Blood","Strawberry","Eternal Feather","PrismaticShard","Vajra","Pen Nib","Brimstone","Red Skull","PreservedInsect","Tiny Chest","Molten Egg 2","Ginger","Fusion Hammer","DollysMirror","Lantern","Bronze Scales","Ornamental Fan","Shuriken"],"potions_floor_usage":[6,6,10,16,22,25,29,31,50,50,50],"damage_taken":[{"damage":1,"enemies":"Cultist","floor":1,"turns":3},{"damage":0,"enemies":"Small Slimes","floor":2,"turns":3},{"damage":7,"enemies":"Jaw Worm","floor":3,"turns":2},{"damage":11,"enemies":"3 Louse","floor":4,"turns":4},{"damage":14,"enemies":"Red Slaver","floor":5,"turns":2},{"damage":20,"enemies":"Lagavulin","floor":6,"turns":5},{"damage":45,"enemies":"3 Sentries","floor":10,"turns":7},{"damage":0,"enemies":"Gremlin Nob","floor":14,"turns":2},{"damage":26,"enemies":"The Guardian","floor":16,"turns":4},{"damage":4,"enemies":"Chosen","floor":18,"turns":3},{"damage":4,"enemies":"2 Thieves","floor":21,"turns":4},{"damage":6,"enemies":"Snake Plant","floor":22,"turns":4},{"damage":5,"enemies":"Book of Stabbing","floor":23,"turns":3},{"damage":0,"enemies":"Snecko","floor":25,"turns":3},{"damage":35,"enemies":"Slavers","floor":29,"turns":3},{"damage":15,"enemies":"Sentry and Sphere","floor":31,"turns":4},{"damage":2,"enemies":"Champ","floor":33,"turns":6},{"damage":6,"enemies":"3 Darklings","floor":35,"turns":4},{"damage":1,"enemies":"3 Shapes","floor":36,"turns":3},{"damage":18,"enemies":"3 Darklings","floor":38,"turns":5},{"damage":2,"enemies":"Giant Head","floor":40,"turns":5},{"damage":1,"enemies":"Reptomancer","floor":42,"turns":4},{"damage":1,"enemies":"Maw","floor":44,"turns":4},{"damage":1,"enemies":"Spire Growth","floor":45,"turns":4},{"damage":1,"enemies":"Sphere and 2 Shapes","floor":46,"turns":3},{"damage":3,"enemies":"Nemesis","floor":47,"turns":5},{"damage":65,"enemies":"Awakened One","floor":50,"turns":7}],"seed_played":"7895888510300155474","potions_obtained":[{"floor":2,"key":"Regen Potion"},{"floor":4,"key":"Explosive Potion"},{"floor":5,"key":"SkillPotion"},{"floor":14,"key":"Fire Potion"},{"floor":21,"key":"DuplicationPotion"},{"floor":23,"key":"FearPotion"},{"floor":25,"key":"Fire Potion"},{"floor":29,"key":"AttackPotion"},{"floor":36,"key":"Poison Potion"},{"floor":40,"key":"SpeedPotion"},{"floor":42,"key":"GamblersBrew"},{"floor":44,"key":"Strength Potion"},{"floor":45,"key":"AttackPotion"}],"is_trial":false,"path_per_floor":["M","M","M","M","M","E","$","R","T","E","?","$","?","E","R","B",null,"M","?","?","M","M","E","R","M","T","R","?","E","R","M","R","B",null,"M","M","?","M","$","E","R","E","T","M","M","M","E","?","R","B"],"character_chosen":"IRONCLAD","items_purchased":["PrismaticShard","Thunderclap","Brimstone","Uppercut+1","DollysMirror"],"campfire_rested":3,"item_purchase_floors":[7,7,12,39,39],"current_hp_per_floor":[87,87,86,81,73,59,59,68,68,44,33,33,21,27,62,42,87,87,43,43,43,43,43,43,43,43,43,43,20,35,32,43,43,43,43,43,43,37,37,43,43,43,43,43,43,43,43,38,43,0],"gold":355,"neow_bonus":"RANDOM_COMMON_RELIC","is_prod":false,"is_daily":false,"chose_seed":false,"campfire_upgraded":4,"win_rate":0,"timestamp":1568611010,"path_taken":["M","M","M","?","M","E","$","R","T","E","?","$","?","E","R","BOSS","M","?","?","?","M","E","R","M","T","R","?","E","R","M","R","BOSS","M","M","?","M","$","E","R","E","T","M","?","M","E","?","R","BOSS"],"build_version":"2019-09-12","purchased_purges":1,"victory":false,"max_hp_per_floor":[87,87,87,87,87,87,87,87,87,87,87,87,87,87,87,87,87,87,43,43,43,43,43,43,43,43,43,43,43,43,43,43,43,43,43,43,43,43,43,43,43,43,43,43,43,43,43,43,43,43],"card_choices":[{"not_picked":["True Grit","Warcry"],"picked":"Twin Strike","floor":1},{"not_picked":["Clothesline","Pummel"],"picked":"Dropkick","floor":2},{"not_picked":["Heavy Blade","Perfected Strike","Evolve"],"picked":"SKIP","floor":3},{"not_picked":["Metallicize","Shrug It Off"],"picked":"Flex","floor":4},{"not_picked":["Iron Wave","Havoc","True Grit"],"picked":"SKIP","floor":5},{"not_picked":["Metallicize","Sever Soul"],"picked":"Berserk","floor":6},{"not_picked":["WaveOfTheHand","Reprogram"],"picked":"Pommel Strike","floor":10},{"not_picked":["Compile Driver","Night Terror"],"picked":"Heavy Blade","floor":14},{"not_picked":["MasterReality","DeusExMachina"],"picked":"Nirvana","floor":16},{"not_picked":["Weave+1","Prepared"],"picked":"Deep Breath","floor":18},{"not_picked":["Quick Slash","Barrage","Swivel"],"picked":"SKIP","floor":21},{"not_picked":["Stack","Force Field","EmptyFist"],"picked":"SKIP","floor":22},{"not_picked":["Outmaneuver","Compile Driver+1","Creative AI"],"picked":"SKIP","floor":23},{"not_picked":["Redo","Tactician"],"picked":"Heavy Blade","floor":25},{"not_picked":["Blood for Blood+1","Body Slam+1","Poisoned Stab+1"],"picked":"SKIP","floor":29},{"not_picked":["A Thousand Cuts","Armaments","Hello World"],"picked":"SKIP","floor":31},{"not_picked":["Magnetism","Seek"],"picked":"Ragnarok+1","floor":33},{"not_picked":["EmptyFist+1","Prepared"],"picked":"Sunder+1","floor":35},{"not_picked":["Sunder+1","Capacitor","Backflip"],"picked":"SKIP","floor":36},{"not_picked":["Warcry+1","Dagger Throw+1"],"picked":"Backflip+1","floor":38},{"not_picked":["Prepared+1","Sucker Punch+1"],"picked":"BattleHymn","floor":40},{"not_picked":["Capacitor+1","Double Energy"],"picked":"CutThroughFate+1","floor":42},{"not_picked":["Accuracy+1","Turbo+1","All Out Attack+1"],"picked":"SKIP","floor":44},{"not_picked":["Cloak And Dagger+1","Dark Shackles","Wild Strike+1"],"picked":"SKIP","floor":45},{"not_picked":["Searing Blow+1","Feel No Pain","WaveOfTheHand"],"picked":"SKIP","floor":46},{"not_picked":["Apotheosis","Second Wind","Warcry"],"picked":"SKIP","floor":47}],"player_experience":158768,"relics_obtained":[{"floor":6,"key":"Eternal Feather"},{"floor":9,"key":"Vajra"},{"floor":10,"key":"Pen Nib"},{"floor":14,"key":"PreservedInsect"},{"floor":23,"key":"Tiny Chest"},{"floor":29,"key":"Ginger"},{"floor":40,"key":"Lantern"},{"floor":42,"key":"Bronze Scales"},{"floor":43,"key":"Ornamental Fan"},{"floor":47,"key":"Shuriken"}],"event_choices":[{"damage_healed":0,"gold_gain":75,"player_choice":"Gather Gold","damage_taken":11,"max_hp_gain":0,"max_hp_loss":0,"event_name":"World of Goop","floor":11,"gold_loss":0},{"damage_healed":0,"gold_gain":0,"player_choice":"Success","damage_taken":12,"relics_obtained":["Red Skull"],"max_hp_gain":0,"max_hp_loss":0,"event_name":"Scrap Ooze","floor":13,"gold_loss":0},{"damage_healed":0,"gold_gain":0,"player_choice":"Became a Ghost","damage_taken":0,"max_hp_gain":0,"max_hp_loss":44,"event_name":"Ghosts","floor":19,"gold_loss":0,"cards_obtained":["Ghostly","Ghostly","Ghostly","Ghostly","Ghostly"]},{"damage_healed":0,"gold_gain":0,"player_choice":"Bet on Murderer","damage_taken":0,"max_hp_gain":0,"max_hp_loss":0,"event_name":"The Joust","floor":20,"gold_loss":50},{"damage_healed":0,"gold_gain":0,"player_choice":"Opened","damage_taken":0,"relics_obtained":["Molten Egg 2"],"max_hp_gain":0,"max_hp_loss":0,"event_name":"The Mausoleum","floor":28,"gold_loss":0},{"damage_healed":0,"gold_gain":0,"cards_transformed":["Strike_R"],"player_choice":"Transformed","damage_taken":0,"max_hp_gain":0,"max_hp_loss":0,"event_name":"Transmorgrifier","floor":37,"gold_loss":0,"cards_obtained":["Fiend Fire"]},{"damage_healed":0,"gold_gain":0,"player_choice":"Embrace Madness","damage_taken":5,"max_hp_gain":0,"max_hp_loss":0,"event_name":"Winding Halls","floor":48,"gold_loss":0,"cards_obtained":["Madness","Madness"]}],"is_beta":true,"boss_relics":[{"not_picked":["Coffee Dripper","Snecko Eye"],"picked":"Black Blood"},{"not_picked":["Black Star","Calling Bell"],"picked":"Fusion Hammer"}],"items_purged_floors":[39],"is_endless":false,"potions_floor_spawned":[2,4,5,14,21,23,25,29,36,40,42,44,45],"killed_by":"Awakened One","ascension_level":3}