{"gold_per_floor":[114,114,125,135,60,86,86,86,86,97,117,117,143,143,143,143],"floor_reached":16,"playtime":618,"items_purged":["Strike_R"],"score":209,"play_id":"72066fa5-38a8-489c-9d24-d66ff02761d6","local_time":"20190314035254","is_ascension_mode":true,"campfire_choices":[{"data":"Bash","floor":8,"key":"SMITH"},{"floor":12,"key":"REST"},{"floor":15,"key":"REST"}],"neow_cost":"NONE","seed_source_timestamp":348374483840309,"circlet_count":0,"master_deck":["AscendersBane","Strike_R","Strike_R","Strike_R","Defend_R","Defend_R","Defend_R","Defend_R","Bash+1","Metallicize","Spot Weakness","Shrug It Off","Metallicize+1","Feed"],"relics":["Burning Blood","NeowsBlessing","Matryoshka","Blood Vial","Frozen Egg 2","Question Card"],"potions_floor_usage":[3,6],"damage_taken":[{"damage":0,"enemies":"Small Slimes","floor":1,"turns":1},{"damage":0,"enemies":"Cultist","floor":3,"turns":1},{"damage":0,"enemies":"2 Louse","floor":4,"turns":2},{"damage":35,"enemies":"Gremlin Nob","floor":6,"turns":5},{"damage":16,"enemies":"Large Slime","floor":10,"turns":6},{"damage":26,"enemies":"Lots of Slimes","floor":11,"turns":6},{"damage":25,"enemies":"Lagavulin","floor":13,"turns":7},{"damage":59,"enemies":"Slime Boss","floor":16,"turns":12}],"seed_played":"2460578834976334046","potions_obtained":[{"floor":1,"key":"Weak Potion"},{"floor":2,"key":"Regen Potion"},{"floor":2,"key":"Fruit Juice"},{"floor":11,"key":"FairyPotion"}],"is_trial":false,"path_per_floor":["M","?","M","M","$","E","?","R","T","M","M","R","E","?","R","B"],"character_chosen":"IRONCLAD","items_purchased":[],"campfire_rested":2,"item_purchase_floors":[],"current_hp_per_floor":[74,74,80,80,80,51,44,44,44,36,18,42,25,25,49,0],"gold":143,"neow_bonus":"THREE_ENEMY_KILL","is_prod":false,"is_daily":false,"chose_seed":false,"campfire_upgraded":1,"win_rate":0,"timestamp":1552531974,"path_taken":["M","?","?","M","$","E","?","R","T","M","M","R","E","?","R","BOSS"],"build_version":"2019-02-06","purchased_purges":1,"victory":false,"max_hp_per_floor":[75,75,80,80,80,80,80,80,80,80,80,80,80,80,80,80],"card_choices":[{"not_picked":["Fire Breathing","Headbutt"],"picked":"Metallicize","floor":1},{"not_picked":["True Grit","Clothesline"],"picked":"Spot Weakness","floor":3},{"not_picked":["Clash","Rage","Twin Strike"],"picked":"SKIP","floor":4},{"not_picked":["Havoc","Dual Wield","Warcry"],"picked":"SKIP","floor":6},{"not_picked":["Thunderclap","Sword Boomerang"],"picked":"Shrug It Off","floor":10},{"not_picked":["Fire Breathing+1","Anger"],"picked":"Metallicize+1","floor":11},{"not_picked":["Second Wind","Inflame+1"],"picked":"Feed","floor":13}],"player_experience":274227,"relics_obtained":[{"floor":6,"key":"Matryoshka"},{"floor":9,"key":"Blood Vial"},{"floor":9,"key":"Frozen Egg 2"},{"floor":13,"key":"Question Card"}],"event_choices":[{"damage_healed":0,"gold_gain":0,"player_choice":"Got Potions","damage_taken":0,"max_hp_gain":0,"max_hp_loss":0,"event_name":"Lab","floor":2,"gold_loss":0},{"cards_removed":["Strike_R"],"damage_healed":0,"gold_gain":0,"player_choice":"Card Removal","damage_taken":7,"max_hp_gain":0,"max_hp_loss":0,"event_name":"Golden Wing","floor":7,"gold_loss":0},{"damage_healed":0,"gold_gain":0,"player_choice":"Ignored","damage_taken":0,"max_hp_gain":0,"max_hp_loss":0,"event_name":"Liars Game","floor":14,"gold_loss":0}],"is_beta":true,"boss_relics":[],"items_purged_floors":[5],"is_endless":false,"potions_floor_spawned":[1,11],"killed_by":"Slime Boss","ascension_level":18}