{"gold_per_floor":[115,129,129,143,157,157,186,186,212,212,3,20,20,35,35,35],"floor_reached":16,"playtime":682,"items_purged":[],"score":204,"play_id":"d331dfef-149c-4be9-9f1e-1b072aa08fe9","local_time":"20190817223029","is_ascension_mode":true,"campfire_choices":[{"data":"Concentrate","floor":6.0,"key":"SMITH"},{"data":"Neutralize","floor":8.0,"key":"SMITH"},{"data":"Underhanded Strike","floor":10.0,"key":"SMITH"},{"data":"Footwork","floor":15.0,"key":"SMITH"}],"neow_cost":"NONE","seed_source_timestamp":4743640802856600,"circlet_count":0,"master_deck":["AscendersBane","Strike_G","Strike_G","Strike_G","Strike_G","Defend_G","Defend_G","Defend_G","Defend_G","Defend_G","Survivor","Neutralize+1","Dagger Throw","Underhanded Strike+1","Underhanded Strike","Concentrate+1","Riddle With Holes","Glass Knife+1","Footwork+1","Deflect","Backflip","Backflip"],"special_seed":0,"relics":["Ring of the Snake","Bag of Preparation","Anchor","Bag of Marbles"],"potions_floor_usage":[16,16],"damage_taken":[{"damage":3.0,"enemies":"Jaw Worm","floor":1.0,"turns":5.0},{"damage":3.0,"enemies":"Cultist","floor":2.0,"turns":4.0},{"damage":0.0,"enemies":"Small Slimes","floor":4.0,"turns":4.0},{"damage":0.0,"enemies":"Exordium Thugs","floor":5.0,"turns":4.0},{"damage":22.0,"enemies":"Gremlin Nob","floor":7.0,"turns":4.0},{"damage":0.0,"enemies":"Large Slime","floor":12.0,"turns":3.0},{"damage":0.0,"enemies":"3 Louse","floor":14.0,"turns":1.0},{"damage":34,"enemies":"Hexaghost","floor":16,"turns":9}],"seed_played":"91072219563565754","potions_obtained":[{"floor":1.0,"key":"Explosive Potion"},{"floor":2.0,"key":"Energy Potion"},{"floor":4.0,"key":"Strength Potion"},{"floor":12.0,"key":"EssenceOfSteel"}],"is_trial":false,"path_per_floor":["M","M","?","M","M","R","E","R","T","R","$","M","?","M","R","B"],"character_chosen":"THE_SILENT","items_purchased":["Glass Knife","Footwork","Deflect"],"campfire_rested":0,"item_purchase_floors":[11,11,11],"current_hp_per_floor":[56,53,53,53,53,53,31,31,31,31,31,31,31,31,31,0],"gold":35,"neow_bonus":"RANDOM_COMMON_RELIC","is_prod":false,"is_daily":false,"chose_seed":false,"campfire_upgraded":4,"win_rate":0,"timestamp":1566106229,"path_taken":["M","M","?","M","M","R","E","R","T","R","$","?","?","M","R","BOSS"],"build_version":"2019-08-15","purchased_purges":0,"victory":false,"max_hp_per_floor":[66,66,66,66,66,66,66,66,66,66,66,66,66,66,66,66],"card_choices":[{"not_picked":["Flechettes","Cloak And Dagger"],"picked":"Dagger Throw","floor":1.0},{"not_picked":["Infinite Blades","Dagger Throw"],"picked":"Underhanded Strike","floor":2.0},{"not_picked":["Riddle With Holes","Outmaneuver"],"picked":"Underhanded Strike","floor":4.0},{"not_picked":["Deflect","Slice"],"picked":"Concentrate","floor":5.0},{"not_picked":["Catalyst","Caltrops"],"picked":"Riddle With Holes","floor":7.0},{"not_picked":["Bane","Quick Slash"],"picked":"Backflip","floor":12.0},{"not_picked":["Finisher","Blade Dance"],"picked":"Backflip","floor":14.0}],"player_experience":3550145,"relics_obtained":[{"floor":7.0,"key":"Anchor"},{"floor":9.0,"key":"Bag of Marbles"}],"event_choices":[{"cards_removed":["Strike_G"],"damage_healed":0.0,"max_hp_gain":0.0,"max_hp_loss":0.0,"gold_gain":0.0,"event_name":"Bonfire Elementals","player_choice":"Offered Basic","floor":3.0,"gold_loss":0.0,"damage_taken":0.0},{"damage_healed":0.0,"max_hp_gain":0.0,"max_hp_loss":0.0,"gold_gain":0.0,"event_name":"Upgrade Shrine","player_choice":"Upgraded","floor":13.0,"gold_loss":0.0,"damage_taken":0.0,"cards_upgraded":["Glass Knife"]}],"is_beta":true,"boss_relics":[],"items_purged_floors":[],"is_endless":false,"potions_floor_spawned":[1,2,4,12],"killed_by":"Hexaghost","ascension_level":20}