{"gold_per_floor":[18,18,42,63,13,13,31,31,102,27,41,41,41,57,57,186,186,201,116,16,115,133,133,166,166,241,280,300,250,273,294,294,418,418,431,445,445,61,84,124,457,457,481,514,514,55,55,70,70,70],"floor_reached":51,"playtime":2906,"items_purged":["Strike_G","Defend_G","Strike_G","Strike_G"],"score":910,"play_id":"ee7a0eeb-e5e0-4568-aa62-53adeebd1b37","local_time":"20190917011032","is_ascension_mode":false,"campfire_choices":[{"data":"Neutralize","floor":6.0,"key":"SMITH"},{"data":"Footwork","floor":8.0,"key":"SMITH"},{"data":"Cloak And Dagger","floor":12.0,"key":"SMITH"},{"data":"Cloak And Dagger","floor":15.0,"key":"SMITH"},{"data":"Venomology","floor":23.0,"key":"SMITH"},{"data":"Envenom","floor":25.0,"key":"SMITH"},{"data":"Caltrops","floor":32.0,"key":"SMITH"},{"data":"A Thousand Cuts","floor":42.0,"key":"SMITH"},{"data":"Blade Dance","floor":45.0,"key":"SMITH"},{"data":"Accuracy","floor":47.0,"key":"SMITH"},{"data":"Adrenaline","floor":49.0,"key":"SMITH"}],"neow_cost":"NO_GOLD","seed_source_timestamp":397161536815400,"circlet_count":0,"master_deck":["Strike_G","Strike_G","Defend_G+1","Defend_G","Defend_G","Survivor","Neutralize+1","Cloak And Dagger+1","Backflip+1","Deflect","Footwork+1","Cloak And Dagger+1","After Image","Venomology+1","Dodge and Roll","Envenom+1","Caltrops+1","Blade Dance+1","Terror+1","Cloak And Dagger+1","A Thousand Cuts+1","Adrenaline+1","Blade Dance+1","Accuracy+1"],"special_seed":0,"relics":["Ring of the Snake","StoneCalendar","Kunai","SacredBark","Anchor","Strawberry","HornCleat","War Paint","Black Star","Ninja Scroll","Peace Pipe","Bag of Preparation","Pen Nib","Bottled Lightning","Potion Belt","Pear"],"potions_floor_usage":[50,50,50,50],"damage_taken":[{"damage":2.0,"enemies":"Jaw Worm","floor":1.0,"turns":6.0},{"damage":0.0,"enemies":"Small Slimes","floor":3.0,"turns":4.0},{"damage":0.0,"enemies":"2 Louse","floor":4.0,"turns":4.0},{"damage":4.0,"enemies":"Exordium Thugs","floor":7.0,"turns":5.0},{"damage":0.0,"enemies":"Large Slime","floor":11.0,"turns":7.0},{"damage":0.0,"enemies":"Blue Slaver","floor":14.0,"turns":4.0},{"damage":4.0,"enemies":"Slime Boss","floor":16.0,"turns":10.0},{"damage":0.0,"enemies":"Chosen","floor":18.0,"turns":7.0},{"damage":0.0,"enemies":"3 Byrds","floor":22.0,"turns":6.0},{"damage":0.0,"enemies":"Gremlin Leader","floor":24.0,"turns":9.0},{"damage":0.0,"enemies":"Book of Stabbing","floor":27.0,"turns":6.0},{"damage":0.0,"enemies":"3 Cultists","floor":28.0,"turns":6.0},{"damage":0.0,"enemies":"Centurion and Healer","floor":30.0,"turns":7.0},{"damage":0.0,"enemies":"Snake Plant","floor":31.0,"turns":6.0},{"damage":0.0,"enemies":"Collector","floor":33.0,"turns":11.0},{"damage":0.0,"enemies":"Orb Walker","floor":35.0,"turns":4.0},{"damage":0.0,"enemies":"3 Shapes","floor":36.0,"turns":6.0},{"damage":0.0,"enemies":"3 Darklings","floor":39.0,"turns":6.0},{"damage":0.0,"enemies":"Reptomancer","floor":40.0,"turns":7.0},{"damage":0.0,"enemies":"Giant Head","floor":44.0,"turns":8.0},{"damage":0.0,"enemies":"Sphere and 2 Shapes","floor":48.0,"turns":4.0},{"damage":16,"enemies":"Awakened One","floor":50,"turns":10}],"seed_played":"-7474561233287004759","potions_obtained":[{"floor":4.0,"key":"Strength Potion"},{"floor":11.0,"key":"Ancient Potion"},{"floor":16.0,"key":"Poison Potion"},{"floor":28.0,"key":"FairyPotion"},{"floor":30.0,"key":"SpeedPotion"},{"floor":31.0,"key":"Poison Potion"},{"floor":33.0,"key":"GhostInAJar"},{"floor":35.0,"key":"EssenceOfSteel"},{"floor":36.0,"key":"PowerPotion"}],"is_trial":false,"path_per_floor":["M","?","M","M","?","R","M","R","T","$","M","R","?","M","R","B",null,"M","?","$","?","M","R","E","R","T","E","M","?","M","M","R","B",null,"M","M","?","$","M","E","?","R","T","E","R","$","R","M","R","B",null],"character_chosen":"THE_SILENT","items_purchased":["Ninja Scroll","Accuracy","Pear"],"campfire_rested":0,"item_purchase_floors":[38,46,46],"current_hp_per_floor":[68,51,51,51,51,51,47,47,47,47,47,47,47,47,47,43,70,70,70,70,70,70,70,77,77,77,77,77,77,77,77,77,77,77,77,77,77,77,77,77,77,77,77,77,77,87,87,87,87,71],"gold":70,"neow_bonus":"ONE_RARE_RELIC","is_prod":false,"is_daily":false,"chose_seed":false,"campfire_upgraded":11,"win_rate":0,"timestamp":1568650232,"path_taken":["M","?","M","M","?","R","M","R","T","$","M","R","?","M","R","BOSS","M","?","$","?","M","R","E","R","T","E","M","?","?","M","R","BOSS","M","M","?","$","M","E","?","R","T","E","R","$","R","M","R","BOSS"],"build_version":"2019-09-12","purchased_purges":4,"victory":true,"max_hp_per_floor":[70,70,70,70,70,70,70,70,70,70,70,70,70,70,70,70,70,70,70,70,70,70,70,77,77,77,77,77,77,77,77,77,77,77,77,77,77,77,77,77,77,77,77,77,77,87,87,87,87,87],"card_choices":[{"not_picked":["Expertise","Prepared"],"picked":"Cloak And Dagger","floor":1.0},{"not_picked":["PiercingWail","Prepared"],"picked":"Backflip","floor":3.0},{"not_picked":["Slice","Dagger Throw"],"picked":"Deflect","floor":4.0},{"not_picked":["PiercingWail","Outmaneuver"],"picked":"Footwork","floor":7.0},{"not_picked":["Prepared","Slice"],"picked":"Cloak And Dagger","floor":11.0},{"not_picked":["Dodge and Roll","PiercingWail"],"picked":"After Image","floor":14.0},{"not_picked":["Night Terror","Storm of Steel"],"picked":"Venomology","floor":16.0},{"not_picked":["Catalyst","Dagger Throw"],"picked":"Dodge and Roll","floor":18.0},{"not_picked":["Dagger Spray","Outmaneuver","Quick Slash"],"picked":"SKIP","floor":22.0},{"not_picked":["Prepared","Flechettes"],"picked":"Envenom","floor":24.0},{"not_picked":["Quick Slash","Sucker Punch"],"picked":"Caltrops","floor":27.0},{"not_picked":["Sucker Punch","Calculated Gamble+1"],"picked":"Blade Dance+1","floor":28.0},{"not_picked":["Deadly Poison","Sucker Punch"],"picked":"Terror+1","floor":30.0},{"not_picked":["Quick Slash","Backflip"],"picked":"Cloak And Dagger+1","floor":31.0},{"not_picked":["Grand Finale","Night Terror"],"picked":"A Thousand Cuts","floor":33.0},{"not_picked":["Dodge and Roll","Dagger Spray","Flying Knee+1"],"picked":"SKIP","floor":35.0},{"not_picked":["Infinite Blades","Underhanded Strike","Escape Plan"],"picked":"SKIP","floor":36.0},{"not_picked":["Deflect+1","Underhanded Strike","Flying Knee"],"picked":"SKIP","floor":39.0},{"not_picked":["Crippling Poison","Deadly Poison+1"],"picked":"Adrenaline","floor":40.0},{"not_picked":["Deadly Poison+1","Caltrops"],"picked":"Blade Dance","floor":44.0},{"not_picked":["Outmaneuver","Tactician+1","Dodge and Roll"],"picked":"SKIP","floor":48.0}],"player_experience":468233,"relics_obtained":[{"floor":9.0,"key":"Kunai"},{"floor":24.0,"key":"Strawberry"},{"floor":26.0,"key":"HornCleat"},{"floor":27.0,"key":"War Paint"},{"floor":40.0,"key":"Peace Pipe"},{"floor":40.0,"key":"Bag of Preparation"},{"floor":43.0,"key":"Pen Nib"},{"floor":44.0,"key":"Bottled Lightning"},{"floor":44.0,"key":"Potion Belt"}],"event_choices":[{"damage_healed":0.0,"max_hp_gain":0.0,"max_hp_loss":0.0,"gold_gain":0.0,"event_name":"Golden Idol","player_choice":"Take Damage","floor":2.0,"gold_loss":0.0,"damage_taken":17.0,"relics_obtained":["Golden Idol"]},{"cards_removed":["Defend_G"],"damage_healed":0.0,"max_hp_gain":0.0,"max_hp_loss":0.0,"gold_gain":0.0,"event_name":"The Cleric","player_choice":"Card Removal","floor":5.0,"gold_loss":50.0,"damage_taken":0.0},{"damage_healed":0.0,"max_hp_gain":0.0,"max_hp_loss":0.0,"gold_gain":0.0,"event_name":"Liars Game","player_choice":"Ignored","floor":13.0,"gold_loss":0.0,"damage_taken":0.0},{"damage_healed":0.0,"max_hp_gain":0.0,"max_hp_loss":0.0,"gold_gain":0.0,"event_name":"Addict","player_choice":"Obtained Relic","floor":19.0,"gold_loss":85.0,"damage_taken":0.0,"relics_obtained":["Anchor"]},{"damage_healed":0.0,"max_hp_gain":0.0,"max_hp_loss":0.0,"gold_gain":99.0,"event_name":"Nest","player_choice":"Stole From Cult","floor":21.0,"gold_loss":0.0,"damage_taken":0.0},{"damage_healed":0.0,"max_hp_gain":0.0,"max_hp_loss":0.0,"gold_gain":0.0,"event_name":"The Joust","player_choice":"Bet on Owner","floor":29.0,"gold_loss":50.0,"damage_taken":0.0},{"damage_healed":0.0,"max_hp_gain":0.0,"max_hp_loss":0.0,"gold_gain":0.0,"event_name":"SensoryStone","player_choice":"Memory 1","floor":37.0,"gold_loss":0.0,"damage_taken":0.0},{"damage_healed":0.0,"max_hp_gain":0.0,"max_hp_loss":0.0,"gold_gain":333.0,"event_name":"The Moai Head","player_choice":"Gave Idol","floor":41.0,"relics_lost":["Golden Idol"],"gold_loss":0.0,"damage_taken":0.0}],"is_beta":true,"boss_relics":[{"not_picked":["Fusion Hammer","WristBlade"],"picked":"SacredBark"},{"not_picked":["Tiny House","Astrolabe"],"picked":"Black Star"}],"items_purged_floors":[10,20,38,46],"is_endless":false,"potions_floor_spawned":[4,11,16,28,30,31,33,35,36,40],"ascension_level":0}