{"gold_per_floor":[116,129,147,147,159,171,210,222,260,290,302,364,48,79,79,154,154,170,16,36,36,36,36,47,47,93,93,104,150,170,184,184,262,262,273,286,286,286,302,302,302,302,302,335,335,335,38,38],"floor_reached":48,"playtime":2023,"items_purged":["Strike_R","Strike_R","Writhe"],"score":982,"play_id":"1b568059-9f87-4ccb-9ee9-617346d4abe6","local_time":"20190320010827","is_ascension_mode":true,"campfire_choices":[{"data":"Uppercut","floor":6,"key":"SMITH"},{"data":"Inflame","floor":8,"key":"SMITH"},{"data":"Flame Barrier","floor":11,"key":"SMITH"},{"data":"Armaments","floor":15,"key":"SMITH"},{"floor":23,"key":"REST"},{"floor":27,"key":"REST"},{"floor":32,"key":"REST"},{"floor":40,"key":"REST"},{"floor":42,"key":"REST"}],"neow_cost":"NONE","seed_source_timestamp":215314035739276,"circlet_count":0,"master_deck":["AscendersBane","Strike_R","Strike_R","Strike_R","Defend_R","Defend_R","Defend_R","Defend_R","Bash","Shockwave+1","Uppercut+1","Inflame+1","Flame Barrier+1","Metallicize","Armaments+1","Headbutt","Immolate","Pommel Strike","Body Slam+1","Necronomicurse","Sword Boomerang+1","Burning Pact+1","True Grit","Disarm","Corruption","Demon Form","Shrug It Off+1","Corruption","Thunderclap+1","Heavy Blade+1","Dark Embrace"],"relics":["Burning Blood","NeowsBlessing","MawBank","Bag of Preparation","Vajra","Question Card","Velvet Choker","Necronomicon","Dream Catcher","Juzu Bracelet","Sozu","Molten Egg 2","Pantograph"],"potions_floor_usage":[7,10,14,14,24,33,35],"damage_taken":[{"damage":0,"enemies":"Cultist","floor":1,"turns":1},{"damage":0,"enemies":"Small Slimes","floor":2,"turns":1},{"damage":0,"enemies":"2 Louse","floor":3,"turns":1},{"damage":24,"enemies":"Gremlin Nob","floor":7,"turns":4},{"damage":1,"enemies":"Exordium Thugs","floor":10,"turns":3},{"damage":6,"enemies":"Lagavulin","floor":14,"turns":5},{"damage":49,"enemies":"Hexaghost","floor":16,"turns":10},{"damage":3,"enemies":"Chosen","floor":18,"turns":4},{"damage":19,"enemies":"Spheric Guardian","floor":20,"turns":4},{"damage":4,"enemies":"Centurion and Healer","floor":24,"turns":2},{"damage":20,"enemies":"Snake Plant","floor":28,"turns":4},{"damage":14,"enemies":"Chosen and Byrds","floor":30,"turns":5},{"damage":11,"enemies":"Snecko","floor":31,"turns":3},{"damage":42,"enemies":"Collector","floor":33,"turns":8},{"damage":23,"enemies":"3 Shapes","floor":35,"turns":5},{"damage":9,"enemies":"Orb Walker","floor":36,"turns":3},{"damage":54,"enemies":"4 Shapes","floor":39,"turns":3},{"damage":18,"enemies":"Reptomancer","floor":44,"turns":6},{"damage":56,"enemies":"Giant Head","floor":48,"turns":6}],"seed_played":"-7487117801606541282","potions_obtained":[{"floor":1,"key":"Ancient Potion"},{"floor":3,"key":"Weak Potion"},{"floor":7,"key":"Block Potion"},{"floor":20,"key":"Ancient Potion"},{"floor":33,"key":"BloodPotion"}],"is_trial":false,"path_per_floor":["M","M","M","?","$","R","E","R","T","M","R","?","$","E","R","B",null,"M","$","M","?","?","R","M","?","T","R","M","T","M","M","R","B",null,"M","M","?","?","M","R","?","R","T","E","?","?","$","E"],"character_chosen":"IRONCLAD","items_purchased":["Metallicize","Block Potion","SkillPotion","Armaments","Explosive Potion","Dark Embrace"],"campfire_rested":5,"item_purchase_floors":[13,13,13,13,19,47],"current_hp_per_floor":[74,75,75,75,75,75,57,57,57,62,62,62,62,62,62,19,61,64,64,51,30,30,52,54,54,54,75,61,61,53,48,70,34,65,55,52,67,67,19,41,41,63,63,51,51,51,51,0],"gold":38,"neow_bonus":"THREE_ENEMY_KILL","is_prod":false,"is_daily":false,"chose_seed":false,"campfire_upgraded":4,"win_rate":0,"timestamp":1553040507,"path_taken":["M","M","?","?","$","R","E","R","T","?","R","?","?","E","R","BOSS","M","$","M","?","?","R","M","?","T","R","?","?","M","M","R","BOSS","M","M","?","?","M","R","?","R","T","E","?","?","$","E"],"build_version":"2019-03-15","purchased_purges":3,"victory":false,"max_hp_per_floor":[75,75,75,75,75,75,75,75,75,75,75,75,75,75,75,75,75,75,75,75,75,75,75,75,75,75,75,75,75,75,75,75,75,75,75,75,75,75,75,75,75,75,75,75,75,75,75,75],"card_choices":[{"not_picked":["Pummel","Infernal Blade"],"picked":"Shockwave","floor":1},{"not_picked":["Combust","Rage"],"picked":"Uppercut","floor":2},{"not_picked":["Carnage","Clothesline"],"picked":"Inflame","floor":3},{"not_picked":["Blood for Blood","Dropkick"],"picked":"Sword Boomerang","floor":7},{"not_picked":["Anger","Heavy Blade"],"picked":"Flame Barrier","floor":10},{"not_picked":["Wild Strike","Heavy Blade"],"picked":"Headbutt","floor":14},{"not_picked":["Reaper","Bludgeon","Exhume"],"picked":"Immolate","floor":16},{"not_picked":["Anger","Havoc","Metallicize"],"picked":"Pommel Strike","floor":18},{"not_picked":["True Grit","Clothesline","Power Through"],"picked":"Body Slam+1","floor":20},{"not_picked":["Perfected Strike+1","Clothesline","Dark Embrace","Armaments"],"picked":"SKIP","floor":24},{"not_picked":["Heavy Blade","Hemokinesis","Infernal Blade"],"picked":"Sword Boomerang+1","floor":27},{"not_picked":["Cleave","Bloodletting","Perfected Strike"],"picked":"Burning Pact+1","floor":28},{"not_picked":["Whirlwind","Entrench","Wild Strike"],"picked":"True Grit","floor":30},{"not_picked":["Rupture","Sentinel","Dropkick"],"picked":"Disarm","floor":31},{"not_picked":["Juggernaut","Pummel","Heavy Blade"],"picked":"Corruption","floor":32},{"not_picked":["Immolate","Bludgeon","Double Tap"],"picked":"Demon Form","floor":33},{"not_picked":["Combust","Body Slam","Anger+1"],"picked":"Shrug It Off+1","floor":35},{"not_picked":["Disarm","Havoc","Heavy Blade+1"],"picked":"Corruption","floor":36},{"not_picked":["Evolve","Rampage","Iron Wave"],"picked":"Thunderclap+1","floor":39},{"not_picked":["Clothesline+1","Searing Blow+1","Bloodletting+1"],"picked":"Heavy Blade+1","floor":44}],"player_experience":342295,"relics_obtained":[{"floor":7,"key":"Bag of Preparation"},{"floor":9,"key":"Vajra"},{"floor":14,"key":"Question Card"},{"floor":21,"key":"Necronomicon"},{"floor":26,"key":"Dream Catcher"},{"floor":29,"key":"Juzu Bracelet"},{"floor":43,"key":"Molten Egg 2"},{"floor":44,"key":"Pantograph"}],"event_choices":[{"damage_healed":0,"gold_gain":0,"player_choice":"Gave Potion","damage_taken":0,"relics_obtained":["MawBank"],"max_hp_gain":0,"max_hp_loss":0,"event_name":"WeMeetAgain","floor":4,"gold_loss":0},{"damage_healed":0,"gold_gain":50,"player_choice":"Pray","damage_taken":0,"max_hp_gain":0,"max_hp_loss":0,"event_name":"Golden Shrine","floor":12,"gold_loss":0},{"damage_healed":0,"gold_gain":0,"player_choice":"Obtained Book","damage_taken":21,"max_hp_gain":0,"max_hp_loss":0,"event_name":"Cursed Tome","floor":21,"gold_loss":0},{"damage_healed":0,"gold_gain":0,"player_choice":"Ignored","damage_taken":0,"max_hp_gain":0,"max_hp_loss":0,"event_name":"Ghosts","floor":22,"gold_loss":0},{"damage_healed":0,"gold_gain":0,"player_choice":"Forge","damage_taken":0,"max_hp_gain":0,"max_hp_loss":0,"event_name":"Accursed Blacksmith","floor":25,"gold_loss":0,"cards_upgraded":["Shockwave"]},{"damage_healed":15,"gold_gain":0,"player_choice":"Writhe","damage_taken":0,"max_hp_gain":0,"max_hp_loss":0,"event_name":"Winding Halls","floor":37,"gold_loss":0,"cards_obtained":["Writhe"]},{"cards_removed":["Sword Boomerang"],"damage_healed":0,"gold_gain":0,"player_choice":"Removed Attack","damage_taken":0,"max_hp_gain":0,"max_hp_loss":0,"event_name":"Falling","floor":38,"gold_loss":0},{"damage_healed":0,"gold_gain":0,"player_choice":"Memory 1","damage_taken":0,"max_hp_gain":0,"max_hp_loss":0,"event_name":"SensoryStone","floor":41,"gold_loss":0},{"damage_healed":0,"gold_gain":0,"player_choice":"Ignored","damage_taken":0,"max_hp_gain":0,"max_hp_loss":0,"event_name":"SecretPortal","floor":45,"gold_loss":0},{"damage_healed":0,"gold_gain":0,"player_choice":"Ignored","damage_taken":0,"max_hp_gain":0,"max_hp_loss":0,"event_name":"Tomb of Lord Red Mask","floor":46,"gold_loss":0}],"is_beta":true,"boss_relics":[{"not_picked":["Orrery","Mark of Pain"],"picked":"Velvet Choker"},{"not_picked":["Runic Cube","Black Blood"],"picked":"Sozu"}],"items_purged_floors":[13,19,47],"is_endless":false,"potions_floor_spawned":[1,3,7,20,33,35,36],"killed_by":"Giant Head","ascension_level":19}