{"gold_per_floor":[113,127,27,0,0,59,59,85,167,200,213,225,225,3,3,102,102,122,147,9,9,9,9,29,29,29,29,64,64,64,77,77,175,175,191,210,46,379,393,393,418,418,418,418,438,438,456,469,469,469],"floor_reached":50,"playtime":2710,"items_purged":[],"score":1216,"play_id":"f51f15d7-17a1-4138-b3c3-52571b27a14d","local_time":"20190815021728","is_ascension_mode":true,"campfire_choices":[{"data":"Caltrops","floor":7.0,"key":"SMITH"},{"data":"Skewer","floor":15.0,"key":"SMITH"},{"data":"Envenom","floor":23.0,"key":"SMITH"},{"data":"Neutralize","floor":25.0,"key":"SMITH"},{"floor":27.0,"key":"REST"},{"floor":30.0,"key":"REST"},{"data":"Dash","floor":32.0,"key":"SMITH"},{"floor":40.0,"key":"REST"},{"floor":42.0,"key":"REST"},{"floor":44.0,"key":"REST"},{"floor":49.0,"key":"REST"}],"neow_cost":"NONE","seed_source_timestamp":4495812518983000,"circlet_count":0,"master_deck":["AscendersBane","Strike_G","Strike_G","Strike_G","Strike_G","Defend_G","Defend_G","Defend_G","Defend_G","Survivor","Neutralize+1","Deflect","Caltrops+1","Footwork","Backflip","Dash+1","Dash","Outmaneuver+1","Corpse Explosion+1","Skewer+1","Deadly Poison+1","Envenom+1","Blur+1","Malaise+1","Blade Dance+1","Necronomicurse","Endless Agony","Acrobatics+1","Bane","Malaise+1","Blade Dance+1","PiercingWail+1","Dagger Throw+1","PiercingWail+1","Acrobatics+1","Dagger Spray+1"],"special_seed":0,"relics":["Ring of the Snake","NeowsBlessing","Tiny Chest","Dream Catcher","Toxic Egg 2","Pantograph","Snake Skull","Busted Crown","Necronomicon","Smiling Mask","Bag of Marbles","Bottled Lightning","Fusion Hammer","PreservedInsect","Omamori"],"potions_floor_usage":[50,50],"damage_taken":[{"damage":0.0,"enemies":"Jaw Worm","floor":1.0,"turns":1.0},{"damage":0.0,"enemies":"Small Slimes","floor":2.0,"turns":1.0},{"damage":0.0,"enemies":"Gremlin Nob","floor":6.0,"turns":1.0},{"damage":16.0,"enemies":"3 Sentries","floor":8.0,"turns":10.0},{"damage":30.0,"enemies":"Gremlin Nob","floor":10.0,"turns":6.0},{"damage":1.0,"enemies":"2 Louse","floor":11.0,"turns":2.0},{"damage":0.0,"enemies":"Blue Slaver","floor":12.0,"turns":4.0},{"damage":0.0,"enemies":"The Guardian","floor":16.0,"turns":8.0},{"damage":18.0,"enemies":"Shell Parasite","floor":18.0,"turns":6.0},{"damage":0.0,"enemies":"Chosen","floor":19.0,"turns":4.0},{"damage":0.0,"enemies":"Snecko","floor":24.0,"turns":3.0},{"damage":25.0,"enemies":"Slavers","floor":28.0,"turns":4.0},{"damage":1.0,"enemies":"Centurion and Healer","floor":31.0,"turns":3.0},{"damage":28.0,"enemies":"Automaton","floor":33.0,"turns":11.0},{"damage":0.0,"enemies":"Orb Walker","floor":35.0,"turns":3.0},{"damage":9.0,"enemies":"3 Shapes","floor":36.0,"turns":4.0},{"damage":29.0,"enemies":"Spire Growth","floor":39.0,"turns":5.0},{"damage":20.0,"enemies":"Reptomancer","floor":41.0,"turns":6.0},{"damage":20.0,"enemies":"Maw","floor":45.0,"turns":7.0},{"damage":0.0,"enemies":"3 Darklings","floor":47.0,"turns":3.0},{"damage":5.0,"enemies":"Jaw Worm Horde","floor":48.0,"turns":3.0},{"damage":60,"enemies":"Donu and Deca","floor":50,"turns":9}],"seed_played":"3968309189249718022","potions_obtained":[{"floor":2.0,"key":"SpeedPotion"},{"floor":10.0,"key":"Strength Potion"},{"floor":19.0,"key":"Swift Potion"},{"floor":33.0,"key":"EssenceOfSteel"},{"floor":41.0,"key":"PowerPotion"},{"floor":45.0,"key":"SteroidPotion"},{"floor":48.0,"key":"Dexterity Potion"}],"is_trial":false,"path_per_floor":["M","M","$","?","?","E","R","E","T","E","M","M","?","$","R","B",null,"M","M","$","?","?","R","M","R","T","R","E","T","R","M","R","B",null,"M","M","$","?","M","R","E","R","T","R","M","?","M","M","R","B"],"character_chosen":"THE_SILENT","items_purchased":["Footwork","Backflip","Snake Skull","Deadly Poison+1","Malaise+1","Blade Dance+1","PreservedInsect"],"campfire_rested":6,"item_purchase_floors":[3,3,14,14,20,20,37],"current_hp_per_floor":[59,59,59,59,52,52,52,36,36,6,5,5,5,5,5,30,53,35,35,35,47,26,26,26,26,26,44,19,19,37,36,36,32,53,53,44,44,44,15,33,13,31,31,49,29,29,29,24,42,0],"gold":469,"neow_bonus":"THREE_ENEMY_KILL","is_prod":false,"is_daily":false,"chose_seed":false,"campfire_upgraded":5,"win_rate":0,"timestamp":1565860648,"path_taken":["M","M","$","?","?","E","R","E","T","E","M","M","?","$","R","BOSS","M","M","$","?","?","R","M","R","T","R","E","?","R","M","R","BOSS","M","M","$","?","M","R","E","R","T","R","M","?","M","M","R","BOSS"],"build_version":"2019-07-18","purchased_purges":0,"victory":false,"max_hp_per_floor":[66,66,66,66,66,66,66,66,66,66,66,66,60,60,60,60,60,60,60,60,60,60,60,60,60,60,60,60,60,60,60,60,60,60,60,60,60,60,60,60,60,60,60,60,60,60,60,60,60,60],"card_choices":[{"not_picked":["Acrobatics","Bane"],"picked":"Deflect","floor":1.0},{"not_picked":["Accuracy","Masterful Stab"],"picked":"Caltrops","floor":2.0},{"not_picked":["Acrobatics","Poisoned Stab"],"picked":"Dash","floor":6.0},{"not_picked":["Concentrate","Cloak And Dagger"],"picked":"Dash","floor":8.0},{"not_picked":["Poisoned Stab","Underhanded Strike"],"picked":"Outmaneuver+1","floor":10.0},{"not_picked":["PiercingWail+1","Cloak And Dagger+1"],"picked":"Corpse Explosion+1","floor":11.0},{"not_picked":["Heel Hook","Concentrate+1"],"picked":"Skewer","floor":12.0},{"not_picked":["Burst+1","Doppelganger+1"],"picked":"Envenom","floor":16.0},{"not_picked":[],"picked":"Blur+1","floor":18.0},{"not_picked":["Dagger Throw"],"picked":"SKIP","floor":19.0},{"not_picked":[],"picked":"Endless Agony","floor":24.0},{"not_picked":[],"picked":"Acrobatics+1","floor":28.0},{"not_picked":[],"picked":"Bane","floor":30.0},{"not_picked":["Underhanded Strike"],"picked":"SKIP","floor":31.0},{"not_picked":[],"picked":"Malaise+1","floor":33.0},{"not_picked":[],"picked":"Blade Dance+1","floor":35.0},{"not_picked":[],"picked":"PiercingWail+1","floor":36.0},{"not_picked":[],"picked":"Dagger Throw+1","floor":39.0},{"not_picked":[],"picked":"PiercingWail+1","floor":41.0},{"not_picked":[],"picked":"Acrobatics+1","floor":44.0},{"not_picked":["Acrobatics+1"],"picked":"SKIP","floor":45.0},{"not_picked":["Sucker Punch"],"picked":"SKIP","floor":47.0},{"not_picked":["Outmaneuver+1"],"picked":"SKIP","floor":48.0},{"not_picked":[],"picked":"Dagger Spray+1","floor":49.0}],"player_experience":3534831,"relics_obtained":[{"floor":6.0,"key":"Tiny Chest"},{"floor":8.0,"key":"Dream Catcher"},{"floor":9.0,"key":"Toxic Egg 2"},{"floor":10.0,"key":"Pantograph"},{"floor":22.0,"key":"Necronomicon"},{"floor":26.0,"key":"Smiling Mask"},{"floor":28.0,"key":"Bag of Marbles"},{"floor":29.0,"key":"Bottled Lightning"},{"floor":41.0,"key":"Omamori"}],"event_choices":[{"damage_healed":0.0,"max_hp_gain":0.0,"max_hp_loss":0.0,"gold_gain":0.0,"event_name":"World of Goop","player_choice":"Left Gold","floor":4.0,"gold_loss":27.0,"damage_taken":0.0},{"cards_removed":["Defend_G"],"damage_healed":0.0,"max_hp_gain":0.0,"max_hp_loss":0.0,"gold_gain":0.0,"event_name":"Golden Wing","player_choice":"Card Removal","floor":5.0,"gold_loss":0.0,"damage_taken":7.0},{"damage_healed":0.0,"max_hp_gain":0.0,"max_hp_loss":6.0,"gold_gain":0.0,"event_name":"Golden Idol","player_choice":"Lose Max HP","floor":13.0,"gold_loss":0.0,"damage_taken":0.0,"relics_obtained":["Golden Idol"]},{"damage_healed":12.0,"max_hp_gain":0.0,"max_hp_loss":0.0,"gold_gain":0.0,"event_name":"The Library","player_choice":"Heal","floor":21.0,"gold_loss":0.0,"damage_taken":0.0},{"damage_healed":0.0,"max_hp_gain":0.0,"max_hp_loss":0.0,"gold_gain":0.0,"event_name":"Cursed Tome","player_choice":"Obtained Book","floor":22.0,"gold_loss":0.0,"damage_taken":21.0},{"damage_healed":0.0,"max_hp_gain":0.0,"max_hp_loss":0.0,"gold_gain":333.0,"event_name":"The Moai Head","player_choice":"Gave Idol","floor":38.0,"relics_lost":["Golden Idol"],"gold_loss":0.0,"damage_taken":0.0},{"cards_removed":["Strike_G"],"damage_healed":0.0,"max_hp_gain":0.0,"max_hp_loss":0.0,"gold_gain":0.0,"event_name":"Wheel of Change","player_choice":"Card Removal","floor":46.0,"gold_loss":0.0,"damage_taken":0.0}],"is_beta":true,"boss_relics":[{"not_picked":["Runic Dome","Astrolabe"],"picked":"Busted Crown"},{"not_picked":["Velvet Choker","Lizard Tail"],"picked":"Fusion Hammer"}],"items_purged_floors":[],"is_endless":false,"potions_floor_spawned":[2,10,19,33,41,45,48],"killed_by":"Donu and Deca","ascension_level":20}