{"gold_per_floor":[114,67,67,78,78,78,96,96,172,25,25,25,66,82,82,181,181,199,199,199,223,239,239,277,277,277,277,303,235,235,57,57,153,153,169,18,81,414,431,431,465,465,515,545,545,945,972,986,986,986],"floor_reached":51,"playtime":3075,"items_purged":["Strike_G","Strike_G","Storm of Steel"],"score":1248,"play_id":"962db6c7-03de-405e-82b5-6786d1561795","local_time":"20190413180844","is_ascension_mode":true,"campfire_choices":[{"data":"Poisoned Stab","floor":6.0,"key":"SMITH"},{"data":"Neutralize","floor":8.0,"key":"SMITH"},{"floor":15.0,"key":"REST"},{"floor":23.0,"key":"REST"},{"floor":25.0,"key":"REST"},{"data":"Bouncing Flask","floor":30.0,"key":"SMITH"},{"floor":32.0,"key":"REST"},{"data":"Catalyst","floor":40,"key":"SMITH"},{"data":"Bouncing Flask","floor":42,"key":"SMITH"},{"floor":49,"key":"REST"}],"neow_cost":"NONE","seed_source_timestamp":0,"circlet_count":0,"master_deck":["AscendersBane","Survivor","Neutralize+1","Well Laid Plans","Poisoned Stab+1","Well Laid Plans","Cloak And Dagger","Bouncing Flask+1","Unload+1","Wraith Form v2+1","Dodge and Roll","Noxious Fumes+1","Leg Sweep","Footwork+1","Backstab+1","Wraith Form v2+1","PiercingWail","Endless Agony+1","Concentrate","Masterful Stab+1","Catalyst+1","Crippling Poison","Quick Slash+1","Backflip","Bouncing Flask+1","Poisoned Stab+1","Blind","Dagger Spray+1"],"special_seed":0,"relics":["Ring of the Snake","Art of War","Snake Skull","Frozen Egg 2","Omamori","Busted Crown","Bag of Marbles","Boot","Molten Egg 2","Ancient Tea Set","Pandora\u0027s Box","StoneCalendar","Prayer Wheel","PreservedInsect","Whetstone","Old Coin","Potion Belt"],"potions_floor_usage":[41,50,50],"damage_taken":[{"damage":2.0,"enemies":"Cultist","floor":1.0,"turns":6.0},{"damage":0.0,"enemies":"Small Slimes","floor":4.0,"turns":4.0},{"damage":0.0,"enemies":"Jaw Worm","floor":7.0,"turns":3.0},{"damage":11.0,"enemies":"3 Sentries","floor":13.0,"turns":9.0},{"damage":25.0,"enemies":"Large Slime","floor":14.0,"turns":7.0},{"damage":33.0,"enemies":"Slime Boss","floor":16.0,"turns":9.0},{"damage":2.0,"enemies":"Spheric Guardian","floor":18.0,"turns":4.0},{"damage":20.0,"enemies":"Colosseum Slavers","floor":19.0,"turns":5.0},{"damage":0.0,"enemies":"Chosen","floor":21.0,"turns":5.0},{"damage":10.0,"enemies":"Snecko","floor":22.0,"turns":5.0},{"damage":21.0,"enemies":"Book of Stabbing","floor":24.0,"turns":7.0},{"damage":26.0,"enemies":"Champ","floor":33.0,"turns":13.0},{"damage":3,"enemies":"Orb Walker","floor":35,"turns":3},{"damage":10,"enemies":"2 Orb Walkers","floor":37,"turns":6},{"damage":2,"enemies":"3 Shapes","floor":39,"turns":3},{"damage":2,"enemies":"Reptomancer","floor":41,"turns":6},{"damage":3,"enemies":"Nemesis","floor":44,"turns":5},{"damage":0,"enemies":"Mind Bloom Boss Battle","floor":46,"turns":5},{"damage":11,"enemies":"3 Darklings","floor":48,"turns":4},{"damage":31,"enemies":"Awakened One","floor":50,"turns":11}],"seed_played":"-8241059841574502076","potions_obtained":[{"floor":4.0,"key":"EssenceOfSteel"},{"floor":13.0,"key":"Fire Potion"},{"floor":16.0,"key":"Weak Potion"},{"floor":22.0,"key":"Fire Potion"},{"floor":24.0,"key":"Block Potion"},{"floor":33.0,"key":"GhostInAJar"},{"floor":48,"key":"Energy Potion"}],"is_trial":false,"path_per_floor":["M","$","?","M","?","R","M","R","T","$","?","?","E","M","R","B",null,"M","?","?","M","M","R","E","R","T","?","T","$","R","$","R","B",null,"M","$","?","?","M","R","E","R","T","E","?","?","T","M","R","B",null],"character_chosen":"THE_SILENT","items_purchased":["Poisoned Stab","Bouncing Flask","Footwork+1","Backstab+1","Backflip"],"campfire_rested":5,"item_purchase_floors":[2,10,29,31,36],"current_hp_per_floor":[57,57,57,57,45,45,45,45,45,45,29,51,40,15,34,1,50,48,28,28,28,18,37,16,35,35,35,35,35,35,35,54,28,57,54,54,44,44,42,42,40,40,40,37,37,37,37,26,45,14],"gold":986,"neow_bonus":"RANDOM_COMMON_RELIC","is_prod":false,"is_daily":false,"chose_seed":false,"campfire_upgraded":5,"win_rate":0,"timestamp":1555171724,"path_taken":["M","$","?","M","?","R","M","R","T","?","?","?","E","M","R","BOSS","M","?","?","M","M","R","E","R","T","?","?","?","R","$","R","BOSS","M","$","?","?","M","R","E","R","T","E","?","?","?","M","R","BOSS"],"build_version":"2019-04-04","purchased_purges":3,"victory":true,"max_hp_per_floor":[66,66,66,66,66,66,66,66,66,66,66,66,66,66,66,66,66,66,66,66,66,66,66,66,66,66,66,66,66,66,66,66,66,66,66,66,66,66,66,66,66,66,66,66,66,66,66,66,66,66],"card_choices":[{"not_picked":["Poisoned Stab","Slice"],"picked":"Well Laid Plans","floor":1.0},{"not_picked":["Setup","Heel Hook"],"picked":"Well Laid Plans","floor":4.0},{"not_picked":["Setup","Deflect"],"picked":"Cloak And Dagger","floor":7.0},{"not_picked":["Heel Hook","Endless Agony","Terror"],"picked":"SKIP","floor":13.0},{"not_picked":["Sucker Punch","Dagger Spray"],"picked":"Unload","floor":14.0},{"not_picked":["A Thousand Cuts+1","Doppelganger"],"picked":"Wraith Form v2+1","floor":16.0},{"not_picked":["Poisoned Stab"],"picked":"SKIP","floor":18.0},{"not_picked":["Flying Knee"],"picked":"SKIP","floor":21.0},{"not_picked":[],"picked":"Dodge and Roll","floor":22.0},{"not_picked":[],"picked":"Noxious Fumes+1","floor":24.0},{"not_picked":[],"picked":"Wraith Form v2+1","floor":33.0},{"not_picked":["Quick Slash+1"],"picked":"SKIP","floor":35},{"not_picked":["Quick Slash+1"],"picked":"SKIP","floor":35},{"not_picked":[],"picked":"Bouncing Flask","floor":37},{"not_picked":["Bane+1"],"picked":"SKIP","floor":39},{"not_picked":[],"picked":"Poisoned Stab+1","floor":41},{"not_picked":["Riddle With Holes+1"],"picked":"SKIP","floor":44},{"not_picked":[],"picked":"Blind","floor":45},{"not_picked":[],"picked":"Dagger Spray+1","floor":48},{"not_picked":["Prepared"],"picked":"SKIP","floor":48}],"player_experience":465660,"relics_obtained":[{"floor":9.0,"key":"Frozen Egg 2"},{"floor":13.0,"key":"Omamori"},{"floor":24.0,"key":"Boot"},{"floor":26.0,"key":"Molten Egg 2"},{"floor":28.0,"key":"Ancient Tea Set"},{"floor":37,"key":"StoneCalendar"},{"floor":41,"key":"Prayer Wheel"},{"floor":43,"key":"PreservedInsect"},{"floor":44,"key":"Whetstone"},{"floor":46,"key":"Old Coin"},{"floor":47,"key":"Potion Belt"}],"event_choices":[{"damage_healed":0.0,"max_hp_gain":0.0,"max_hp_loss":0.0,"gold_gain":0.0,"event_name":"Liars Game","player_choice":"Ignored","floor":3.0,"gold_loss":0.0,"damage_taken":0.0},{"damage_healed":0.0,"max_hp_gain":0.0,"max_hp_loss":0.0,"gold_gain":0.0,"event_name":"Scrap Ooze","player_choice":"Success","floor":5.0,"gold_loss":0.0,"damage_taken":12.0,"relics_obtained":["Snake Skull"]},{"damage_healed":0.0,"max_hp_gain":0.0,"max_hp_loss":0.0,"gold_gain":0.0,"event_name":"Golden Idol","player_choice":"Take Damage","floor":11.0,"gold_loss":0.0,"damage_taken":16.0,"relics_obtained":["Golden Idol"]},{"damage_healed":22.0,"max_hp_gain":0.0,"max_hp_loss":0.0,"gold_gain":0.0,"event_name":"Big Fish","player_choice":"Banana","floor":12.0,"gold_loss":0.0,"damage_taken":0.0},{"damage_healed":0.0,"max_hp_gain":0.0,"max_hp_loss":0.0,"gold_gain":0.0,"event_name":"Colosseum","player_choice":"Fight","floor":19.0,"gold_loss":0.0,"damage_taken":0.0},{"damage_healed":0.0,"max_hp_gain":0.0,"max_hp_loss":0.0,"gold_gain":0.0,"event_name":"Colosseum","player_choice":"Fled From Nobs","floor":19.0,"gold_loss":0.0,"damage_taken":0.0},{"damage_healed":0.0,"max_hp_gain":0.0,"max_hp_loss":0.0,"gold_gain":0.0,"event_name":"The Mausoleum","player_choice":"Opened","floor":20.0,"gold_loss":0.0,"damage_taken":0.0,"relics_obtained":["Bag of Marbles"],"cards_obtained":["Writhe"]},{"damage_healed":0.0,"max_hp_gain":0.0,"max_hp_loss":0.0,"gold_gain":0.0,"event_name":"The Library","player_choice":"Read","floor":27.0,"gold_loss":0.0,"damage_taken":0.0,"cards_obtained":["Leg Sweep"]},{"damage_healed":0,"gold_gain":0,"player_choice":"Fight","damage_taken":0,"max_hp_gain":0,"max_hp_loss":0,"event_name":"Mysterious Sphere","floor":37,"gold_loss":0},{"damage_healed":0,"gold_gain":333,"player_choice":"Gave Idol","damage_taken":0,"max_hp_gain":0,"max_hp_loss":0,"event_name":"The Moai Head","floor":38,"relics_lost":["Golden Idol"],"gold_loss":0},{"damage_healed":0,"gold_gain":0,"player_choice":"Memory 1","damage_taken":0,"max_hp_gain":0,"max_hp_loss":0,"event_name":"SensoryStone","floor":45,"gold_loss":0},{"damage_healed":0,"gold_gain":0,"player_choice":"Fight","damage_taken":0,"max_hp_gain":0,"max_hp_loss":0,"event_name":"MindBloom","floor":46,"gold_loss":0}],"is_beta":true,"boss_relics":[{"not_picked":["Ring of the Serpent","Coffee Dripper"],"picked":"Busted Crown"},{"not_picked":["Black Star","Empty Cage"],"picked":"Pandora\u0027s Box"}],"items_purged_floors":[10,31,36],"is_endless":false,"potions_floor_spawned":[4,13,16,19,22,24,33,35,48],"ascension_level":14}