{"gold_per_floor":[112,112,129,129,146,146,174,198,198,216,243,32,32,47,47,146,146,170,170,183,183],"floor_reached":21,"playtime":1417,"items_purged":["Strike_R"],"score":453,"play_id":"7c31ea5d-ace1-4bfa-b0a9-8ba95f739e21","local_time":"20190422024011","is_ascension_mode":true,"campfire_choices":[{"data":"Bash","floor":6.0,"key":"SMITH"},{"data":"Inflame","floor":15.0,"key":"SMITH"}],"neow_cost":"NONE","seed_source_timestamp":121534159669560,"circlet_count":0,"master_deck":["AscendersBane","Defend_R","Defend_R","Defend_R","Defend_R","Bash+1","Battle Trance","Shrug It Off","Twin Strike","Shrug It Off","Wild Strike","Perfected Strike","Inflame+1","Injury","Burning Pact","Bite","Bite","Bite","Bite","Bite","Thunderclap"],"special_seed":0,"relics":["Burning Blood","NeowsBlessing","Darkstone Periapt","Odd Mushroom","Gremlin Horn","Thread and Needle","Golden Idol","Fusion Hammer"],"potions_floor_usage":[],"damage_taken":[{"damage":0.0,"enemies":"Small Slimes","floor":1.0,"turns":1.0},{"damage":0.0,"enemies":"Cultist","floor":3.0,"turns":1.0},{"damage":0.0,"enemies":"Jaw Worm","floor":5.0,"turns":1.0},{"damage":0.0,"enemies":"Gremlin Nob","floor":7.0,"turns":2.0},{"damage":23.0,"enemies":"The Mushroom Lair","floor":8.0,"turns":6.0},{"damage":0.0,"enemies":"Lots of Slimes","floor":10.0,"turns":3.0},{"damage":25.0,"enemies":"3 Sentries","floor":11.0,"turns":13.0},{"damage":6.0,"enemies":"Blue Slaver","floor":14.0,"turns":3.0},{"damage":18.0,"enemies":"The Guardian","floor":16.0,"turns":14.0},{"damage":17,"enemies":"Shell Parasite","floor":18,"turns":8},{"damage":10,"enemies":"Chosen","floor":20,"turns":4},{"damage":72,"enemies":"Sentry and Sphere","floor":21,"turns":7}],"seed_played":"622022796225437972","potions_obtained":[{"floor":3.0,"key":"Fire Potion"},{"floor":5.0,"key":"AttackPotion"},{"floor":7.0,"key":"LiquidBronze"},{"floor":8.0,"key":"Energy Potion"},{"floor":18,"key":"SpeedPotion"}],"is_trial":false,"path_per_floor":["M","?","M","?","M","R","E","?","T","M","E","$","?","M","R","B",null,"M","?","M","M"],"character_chosen":"IRONCLAD","items_purchased":["Inflame","Strength Potion"],"campfire_rested":0,"item_purchase_floors":[12,12],"current_hp_per_floor":[74,74,75,64,70,70,75,58,58,64,45,45,51,51,51,39,71,60,56,54,0],"gold":183,"neow_bonus":"THREE_ENEMY_KILL","is_prod":false,"is_daily":false,"chose_seed":false,"campfire_upgraded":2,"win_rate":0,"timestamp":1555893611,"path_taken":["M","?","?","?","?","R","E","?","T","M","E","$","?","M","R","BOSS","M","?","M","M"],"build_version":"2019-04-20","purchased_purges":1,"victory":false,"max_hp_per_floor":[75,75,75,75,75,75,75,75,75,75,75,75,81,81,81,81,81,81,56,56,56],"card_choices":[{"not_picked":["Flex","Twin Strike"],"picked":"Battle Trance","floor":1.0},{"not_picked":["Heavy Blade","Body Slam"],"picked":"Shrug It Off","floor":3.0},{"not_picked":["Body Slam","Clash","Berserk"],"picked":"SKIP","floor":5.0},{"not_picked":["Blood for Blood","Searing Blow"],"picked":"Twin Strike","floor":7.0},{"not_picked":["Body Slam","Rupture"],"picked":"Shrug It Off","floor":8.0},{"not_picked":["Sword Boomerang","Havoc"],"picked":"Wild Strike","floor":10.0},{"not_picked":["Impervious","Havoc"],"picked":"Perfected Strike","floor":11.0},{"not_picked":["Heavy Blade","Shrug It Off"],"picked":"Burning Pact","floor":14.0},{"not_picked":["Cleave","Twin Strike","Body Slam"],"picked":"SKIP","floor":18},{"not_picked":["Shrug It Off","Infernal Blade"],"picked":"Thunderclap","floor":20}],"player_experience":486559,"relics_obtained":[{"floor":7.0,"key":"Darkstone Periapt"},{"floor":8.0,"key":"Odd Mushroom"},{"floor":9.0,"key":"Gremlin Horn"},{"floor":11.0,"key":"Thread and Needle"}],"event_choices":[{"cards_removed":["Strike_R"],"damage_healed":0.0,"max_hp_gain":0.0,"max_hp_loss":0.0,"gold_gain":0.0,"event_name":"Bonfire Elementals","player_choice":"Offered Basic","floor":2.0,"gold_loss":0.0,"damage_taken":0.0},{"damage_healed":0.0,"max_hp_gain":0.0,"max_hp_loss":0.0,"gold_gain":0.0,"event_name":"Wheel of Change","player_choice":"Damaged","floor":4.0,"gold_loss":0.0,"damage_taken":11.0},{"damage_healed":0.0,"max_hp_gain":0.0,"max_hp_loss":0.0,"gold_gain":0.0,"event_name":"Mushrooms","player_choice":"Fought Mushrooms","floor":8.0,"gold_loss":0.0,"damage_taken":0.0},{"damage_healed":0.0,"max_hp_gain":0.0,"max_hp_loss":0.0,"gold_gain":0.0,"event_name":"Golden Idol","player_choice":"Take Wound","floor":13.0,"gold_loss":0.0,"damage_taken":0.0,"relics_obtained":["Golden Idol"],"cards_obtained":["Injury"]},{"damage_healed":0,"gold_gain":0,"player_choice":"Became a vampire","damage_taken":0,"max_hp_gain":0,"max_hp_loss":25,"event_name":"Vampires","floor":19,"gold_loss":0,"cards_obtained":["Bite","Bite","Bite","Bite","Bite"]}],"is_beta":true,"boss_relics":[{"not_picked":["Pandora\u0027s Box","Runic Pyramid"],"picked":"Fusion Hammer"}],"items_purged_floors":[12],"is_endless":false,"potions_floor_spawned":[3,5,7,8,18],"killed_by":"Sentry and Sphere","ascension_level":20}