{"gold_per_floor":[115,125,145,27,27,27,55,55,55,85,85,115,126,143,143,143],"floor_reached":16,"playtime":709,"items_purged":["Strike_R"],"score":240,"play_id":"864433e9-c305-43f7-a208-d39fabbceadf","local_time":"20181114220217","is_ascension_mode":true,"campfire_choices":[{"data":"Armaments","floor":6,"key":"SMITH"},{"data":"Rupture","floor":8,"key":"SMITH"},{"floor":11,"key":"REST"},{"floor":15,"key":"REST"}],"neow_cost":"NONE","seed_source_timestamp":4737213306847036,"circlet_count":0,"master_deck":["AscendersBane","Strike_R","Strike_R","Strike_R","Strike_R","Defend_R+1","Defend_R+1","Defend_R","Defend_R","Bash+1","Armaments+1","Iron Wave","Combust","Rupture+1","Iron Wave","Clothesline","Spot Weakness"],"relics":["Burning Blood","Bird Faced Urn","Kunai","Red Skull","War Paint"],"potions_floor_usage":[7,12],"damage_taken":[{"damage":1,"enemies":"Cultist","floor":1,"turns":3},{"damage":7,"enemies":"Small Slimes","floor":2,"turns":3},{"damage":0,"enemies":"2 Louse","floor":3,"turns":4},{"damage":43,"enemies":"Lagavulin","floor":7,"turns":6},{"damage":32,"enemies":"Gremlin Nob","floor":10,"turns":4},{"damage":30,"enemies":"Lagavulin","floor":12,"turns":6},{"damage":17,"enemies":"Exordium Thugs","floor":13,"turns":5},{"damage":7,"enemies":"3 Louse","floor":14,"turns":5},{"damage":56,"enemies":"Slime Boss","floor":16,"turns":8}],"seed_played":"7915268033979203476","potions_obtained":[{"floor":2,"key":"Poison Potion"},{"floor":3,"key":"Regen Potion"},{"floor":14,"key":"LiquidBronze"}],"is_trial":false,"path_per_floor":["M","M","M","$","?","R","E","R","T","E","R","E","M","M","R","B"],"character_chosen":"IRONCLAD","items_purchased":["Combust"],"campfire_rested":2,"item_purchase_floors":[4],"current_hp_per_floor":[73,72,75,75,80,80,43,43,43,21,45,34,27,28,52,0],"gold":143,"neow_bonus":"UPGRADE_CARD","is_prod":false,"is_daily":false,"chose_seed":false,"campfire_upgraded":2,"win_rate":0,"timestamp":1542261737,"path_taken":["M","M","M","$","?","R","E","R","T","E","R","E","M","M","R","BOSS"],"build_version":"2018-11-13","purchased_purges":1,"victory":false,"max_hp_per_floor":[75,75,75,75,80,80,80,80,80,80,80,80,80,80,80,80],"card_choices":[{"not_picked":["True Grit","Shockwave"],"picked":"Armaments","floor":1},{"not_picked":["Heavy Blade","Pommel Strike"],"picked":"Iron Wave","floor":2},{"not_picked":["Wild Strike","Sword Boomerang","Havoc"],"picked":"SKIP","floor":3},{"not_picked":["Clash","Evolve"],"picked":"Rupture","floor":7},{"not_picked":["Dual Wield","Burning Pact"],"picked":"Iron Wave","floor":10},{"not_picked":["Second Wind","Dark Embrace","Armaments"],"picked":"SKIP","floor":12},{"not_picked":["Hemokinesis","Corruption"],"picked":"Clothesline","floor":13},{"not_picked":["Sentinel","Rage"],"picked":"Spot Weakness","floor":14}],"player_experience":1089805,"relics_obtained":[{"floor":7,"key":"Bird Faced Urn"},{"floor":9,"key":"Kunai"},{"floor":10,"key":"Red Skull"},{"floor":12,"key":"War Paint"}],"event_choices":[{"damage_healed":0,"gold_gain":0,"player_choice":"Donut","damage_taken":0,"max_hp_gain":5,"max_hp_loss":0,"event_name":"Big Fish","floor":5,"gold_loss":0}],"is_beta":true,"boss_relics":[],"items_purged_floors":[4],"is_endless":false,"potions_floor_spawned":[2,3,14],"killed_by":"Slime Boss","ascension_level":20}