{"gold_per_floor":[215,230,11,11,31,31,45,45,99,99,115,150,150,173,173,297,297,321,321,357,282,307,307,322,322,322,366,366,404,13,32,32,160,460,488,514,162,185,206,247,247,282,282,40,54,90,90,110,110,110],"floor_reached":51,"playtime":6572,"items_purged":["Strike_P","Pain","Defend_P+1"],"score":1164,"play_id":"93608cbc-84d4-4559-94b9-38f0c591c97a","local_time":"20190914100721","is_ascension_mode":true,"campfire_choices":[{"data":"CrushJoints","floor":6.0,"key":"SMITH"},{"data":"Vigilance","floor":8.0,"key":"SMITH"},{"floor":10.0,"key":"REST"},{"data":"Adaptation","floor":13.0,"key":"SMITH"},{"data":"BowlingBash","floor":15.0,"key":"SMITH"},{"floor":23.0,"key":"REST"},{"floor":25.0,"key":"REST"},{"floor":32.0,"key":"REST"},{"floor":49,"key":"REST"}],"neow_cost":"NONE","seed_source_timestamp":62004352410800,"circlet_count":0,"master_deck":["Strike_P+1","Strike_P+1","Defend_P+1","Defend_P+1","Defend_P+1","Eruption+1","Vigilance+1","BowlingBash+1","CrushJoints+1","LessonLearned+1","Devotion+1","Meditate+1","Adaptation+1","ThirdEye+1","Pray+1","Crescendo+1","Adaptation+1","Meditate+1","MentalFortress+1","Crescendo+1","FlowState+1","CurseOfTheBell","Wireheading+1","EmptyMind+1","WaveOfTheHand+1","Vault+1","EmptyMind+1","Vault","Devotion+1"],"special_seed":0,"relics":["PureWater","Golden Idol","Tiny Chest","MealTicket","PreservedInsect","Cursed Key","Red Mask","Calipers","Lantern","Pen Nib","Pear","Calling Bell","MawBank","Blue Candle","Old Coin","Singing Bowl","Yang","Anchor","Melange"],"potions_floor_usage":[50,50,50],"damage_taken":[{"damage":1.0,"enemies":"Small Slimes","floor":1.0,"turns":3.0},{"damage":8.0,"enemies":"Jaw Worm","floor":2.0,"turns":3.0},{"damage":0.0,"enemies":"2 Louse","floor":5.0,"turns":1.0},{"damage":0.0,"enemies":"2 Fungi Beasts","floor":7.0,"turns":2.0},{"damage":12.0,"enemies":"Looter","floor":11.0,"turns":4.0},{"damage":14.0,"enemies":"Gremlin Nob","floor":12.0,"turns":4.0},{"damage":26.0,"enemies":"Slime Boss","floor":16.0,"turns":9.0},{"damage":16.0,"enemies":"Shell Parasite","floor":18.0,"turns":5.0},{"damage":20.0,"enemies":"Masked Bandits","floor":20.0,"turns":4.0},{"damage":0.0,"enemies":"3 Byrds","floor":22.0,"turns":5.0},{"damage":22.0,"enemies":"Centurion and Healer","floor":24.0,"turns":4.0},{"damage":20.0,"enemies":"Book of Stabbing","floor":27.0,"turns":4.0},{"damage":2.0,"enemies":"Slavers","floor":29.0,"turns":2.0},{"damage":0.0,"enemies":"3 Cultists","floor":31.0,"turns":4.0},{"damage":0.0,"enemies":"Champ","floor":33.0,"turns":7.0},{"damage":30.0,"enemies":"3 Shapes","floor":35.0,"turns":4.0},{"damage":4.0,"enemies":"Orb Walker","floor":36.0,"turns":2.0},{"damage":0.0,"enemies":"Maw","floor":38.0,"turns":6.0},{"damage":1.0,"enemies":"4 Shapes","floor":39.0,"turns":5.0},{"damage":4.0,"enemies":"Reptomancer","floor":40.0,"turns":4.0},{"damage":1.0,"enemies":"Nemesis","floor":42.0,"turns":3.0},{"damage":4.0,"enemies":"3 Darklings","floor":45.0,"turns":6.0},{"damage":0.0,"enemies":"Giant Head","floor":46.0,"turns":4.0},{"damage":2,"enemies":"Writhing Mass","floor":48,"turns":4},{"damage":26,"enemies":"Donu and Deca","floor":50,"turns":8}],"seed_played":"3683985689815528128","potions_obtained":[{"floor":5.0,"key":"Weak Potion"},{"floor":12.0,"key":"Swift Potion"},{"floor":16.0,"key":"Poison Potion"},{"floor":18.0,"key":"SpeedPotion"},{"floor":20.0,"key":"Explosive Potion"},{"floor":27.0,"key":"Dexterity Potion"},{"floor":31.0,"key":"Strength Potion"},{"floor":36.0,"key":"Energy Potion"},{"floor":40.0,"key":"SteroidPotion"},{"floor":42.0,"key":"FearPotion"}],"is_trial":false,"path_per_floor":["M","M","$","?","M","R","M","R","T","R","M","E","R","T","R","B",null,"M","?","?","?","M","R","M","R","T","E","T","E","$","M","R","B",null,"M","M","$","M","M","E","?","E","T","$","M","E","T","M","R","B",null],"character_chosen":"WATCHER","items_purchased":["LessonLearned","Pear","AttackPotion","Singing Bowl","EmptyMind","Vault","Swift Potion"],"campfire_rested":5,"item_purchase_floors":[3,30,30,37,44,44,44],"current_hp_per_floor":[58,50,50,34,34,34,34,34,34,53,41,27,27,27,27,1,49,33,33,13,13,13,32,10,29,29,9,9,7,32,32,54,54,70,40,36,51,53,54,50,50,49,49,64,62,62,62,62,83,57],"gold":110,"neow_bonus":"HUNDRED_GOLD","is_prod":false,"is_daily":false,"chose_seed":false,"campfire_upgraded":4,"win_rate":0,"timestamp":1568448441,"path_taken":["M","M","$","?","M","R","M","R","T","R","M","E","R","?","R","BOSS","M","?","?","?","M","R","?","R","T","E","?","E","$","?","R","BOSS","M","M","$","M","M","E","?","E","T","$","M","E","?","?","R","BOSS"],"build_version":"2019-09-12","purchased_purges":3,"victory":true,"max_hp_per_floor":[65,65,65,65,65,65,65,65,65,65,65,65,65,65,65,65,65,65,65,65,65,65,65,65,65,65,65,65,65,75,75,75,75,75,75,75,75,77,79,79,79,79,79,79,81,81,81,83,83,83],"card_choices":[{"not_picked":["Consecrate","Swivel"],"picked":"BowlingBash","floor":1.0},{"not_picked":["Scrawl","Weave"],"picked":"CrushJoints","floor":2.0},{"not_picked":["Swivel","Perseverance"],"picked":"Devotion","floor":5.0},{"not_picked":["WindmillStrike","FollowUp"],"picked":"Meditate","floor":7.0},{"not_picked":["Protect","CrushJoints"],"picked":"Adaptation","floor":11.0},{"not_picked":["Fasting","Weave"],"picked":"ThirdEye","floor":12.0},{"not_picked":["Omniscience","Nirvana"],"picked":"Pray","floor":16.0},{"not_picked":["Protect","ForeignInfluence"],"picked":"Crescendo","floor":18.0},{"not_picked":["CleanseEvil","WaveOfTheHand"],"picked":"Adaptation","floor":22.0},{"not_picked":["Consecrate","CrushJoints"],"picked":"Meditate","floor":24.0},{"not_picked":["ThirdEye","Metaphysics"],"picked":"MentalFortress","floor":27.0},{"not_picked":["FlyingSleeves+1","Worship+1"],"picked":"Crescendo","floor":29.0},{"not_picked":["ForeignInfluence","Establishment","JustLucky+1"],"picked":"SKIP","floor":31.0},{"not_picked":["Pray","Wish"],"picked":"FlowState","floor":33.0},{"not_picked":["JustLucky","Halt+1"],"picked":"Wireheading+1","floor":35.0},{"not_picked":["Sanctity+1","CleanseEvil"],"picked":"EmptyMind","floor":36.0},{"not_picked":["Clarity","Evaluate","Halt"],"picked":"Singing Bowl","floor":38.0},{"not_picked":["Protect+1","Consecrate","Devotion"],"picked":"Singing Bowl","floor":39.0},{"not_picked":["Perseverance+1","Devotion"],"picked":"WaveOfTheHand+1","floor":40.0},{"not_picked":["MentalFortress","EmptyFist"],"picked":"Vault","floor":42.0},{"not_picked":["EmptyFist","Sanctity","FlyingSleeves+1"],"picked":"Singing Bowl","floor":45.0},{"not_picked":["Alpha","FlyingSleeves"],"picked":"Devotion+1","floor":46},{"not_picked":["CarveReality+1","Establishment","Crescendo"],"picked":"Singing Bowl","floor":48}],"player_experience":664028,"relics_obtained":[{"floor":9.0,"key":"Tiny Chest"},{"floor":12.0,"key":"MealTicket"},{"floor":14.0,"key":"PreservedInsect"},{"floor":20.0,"key":"Red Mask"},{"floor":26.0,"key":"Calipers"},{"floor":27.0,"key":"Lantern"},{"floor":29.0,"key":"Pen Nib"},{"floor":34.0,"key":"MawBank"},{"floor":34.0,"key":"Blue Candle"},{"floor":34.0,"key":"Old Coin"},{"floor":40.0,"key":"Yang"},{"floor":42.0,"key":"Anchor"},{"floor":46,"key":"Melange"}],"event_choices":[{"damage_healed":0.0,"max_hp_gain":0.0,"max_hp_loss":0.0,"gold_gain":0.0,"event_name":"Golden Idol","player_choice":"Take Damage","floor":4.0,"gold_loss":0.0,"damage_taken":16.0,"relics_obtained":["Golden Idol"]},{"damage_healed":0.0,"max_hp_gain":0.0,"max_hp_loss":0.0,"gold_gain":0.0,"event_name":"Back to Basics","player_choice":"Simplicity","floor":19.0,"gold_loss":0.0,"damage_taken":0.0,"cards_upgraded":["Strike_P","Strike_P","Defend_P","Defend_P"]},{"damage_healed":0.0,"max_hp_gain":0.0,"max_hp_loss":0.0,"gold_gain":0.0,"event_name":"Masked Bandits","player_choice":"Fought Bandits","floor":20.0,"gold_loss":0.0,"damage_taken":0.0},{"cards_removed":["Strike_P"],"damage_healed":0.0,"max_hp_gain":0.0,"max_hp_loss":0.0,"gold_gain":0.0,"event_name":"Beggar","player_choice":"Gave Gold","floor":21.0,"gold_loss":75.0,"damage_taken":0.0},{"damage_healed":0.0,"max_hp_gain":0.0,"max_hp_loss":0.0,"gold_gain":0.0,"event_name":"Upgrade Shrine","player_choice":"Ignored","floor":41.0,"gold_loss":0.0,"damage_taken":0.0}],"is_beta":true,"boss_relics":[{"not_picked":["Ectoplasm","Busted Crown"],"picked":"Cursed Key"},{"not_picked":["Coffee Dripper","SlaversCollar"],"picked":"Calling Bell"}],"items_purged_floors":[3,30,37],"is_endless":false,"potions_floor_spawned":[5,12,16,18,20,27,31,36,40,42,45,48],"ascension_level":7}