{"gold_per_floor":[111,121,121,121,121,121,149,179,191,203],"floor_reached":10,"playtime":380,"items_purged":[],"score":129,"play_id":"2835c109-8cab-440d-b7b9-27d6e170f305","local_time":"20190318200635","is_ascension_mode":true,"campfire_choices":[{"floor":6,"key":"REST"}],"neow_cost":"NONE","seed_source_timestamp":112448556375882,"circlet_count":0,"master_deck":["AscendersBane","Strike_R","Strike_R","Strike_R","Strike_R","Strike_R","Defend_R","Defend_R","Defend_R","Defend_R+1","Bash+1","Perfected Strike","Shrug It Off","Clothesline"],"relics":["Burning Blood","Shuriken","MawBank","Orichalcum"],"potions_floor_usage":[],"damage_taken":[{"damage":7,"enemies":"2 Louse","floor":1,"turns":4},{"damage":7,"enemies":"Jaw Worm","floor":2,"turns":3},{"damage":48,"enemies":"3 Sentries","floor":7,"turns":14},{"damage":2,"enemies":"Small Slimes","floor":8,"turns":4},{"damage":34,"enemies":"Lagavulin","floor":10,"turns":6}],"seed_played":"1535446174274153152","potions_obtained":[{"floor":7,"key":"Explosive Potion"}],"is_trial":false,"path_per_floor":["M","M","?","?","?","R","E","M","T","E"],"character_chosen":"IRONCLAD","items_purchased":[],"campfire_rested":1,"item_purchase_floors":[],"current_hp_per_floor":[74,73,78,67,41,67,25,29,29,0],"gold":203,"neow_bonus":"TEN_PERCENT_HP_BONUS","is_prod":false,"is_daily":false,"chose_seed":false,"campfire_upgraded":0,"win_rate":0,"timestamp":1552935995,"path_taken":["M","M","?","?","?","R","E","M","T","E"],"build_version":"2019-03-15","purchased_purges":0,"victory":false,"max_hp_per_floor":[82,82,87,87,87,87,87,87,87,87],"card_choices":[{"not_picked":["Warcry","Searing Blow","Rage"],"picked":"SKIP","floor":1},{"not_picked":["Headbutt","Havoc"],"picked":"Perfected Strike","floor":2},{"not_picked":["Twin Strike","Rage"],"picked":"Shrug It Off","floor":7},{"not_picked":["Body Slam","Thunderclap"],"picked":"Clothesline","floor":8}],"player_experience":313521,"relics_obtained":[{"floor":7,"key":"MawBank"},{"floor":9,"key":"Orichalcum"}],"event_choices":[{"damage_healed":0,"gold_gain":0,"player_choice":"Donut","damage_taken":0,"max_hp_gain":5,"max_hp_loss":0,"event_name":"Big Fish","floor":3,"gold_loss":0},{"damage_healed":0,"gold_gain":0,"player_choice":"Success","damage_taken":11,"relics_obtained":["Shuriken"],"max_hp_gain":0,"max_hp_loss":0,"event_name":"Scrap Ooze","floor":4,"gold_loss":0},{"damage_healed":0,"gold_gain":0,"player_choice":"Entered Light","damage_taken":26,"max_hp_gain":0,"max_hp_loss":0,"event_name":"Shining Light","floor":5,"gold_loss":0,"cards_upgraded":["Bash","Defend_R"]}],"is_beta":true,"boss_relics":[],"items_purged_floors":[],"is_endless":false,"potions_floor_spawned":[7],"killed_by":"Lagavulin","ascension_level":19}