{"gold_per_floor":[118,118,118,37,56,86,86,113,136,166,178,188,201,33,33,107,107,121,65,77,77,21,21],"floor_reached":23,"playtime":1196,"items_purged":["Strike_B"],"score":456,"play_id":"5547c003-b2d9-4628-be7f-c88c63f8c681","local_time":"20181107204647","is_ascension_mode":true,"campfire_choices":[{"data":"Streamline","floor":7,"key":"SMITH"},{"floor":15,"key":"REST"}],"neow_cost":"NONE","seed_source_timestamp":4127397072521334,"circlet_count":0,"master_deck":["AscendersBane","Defend_B","Defend_B","Defend_B","Defend_B","Zap","Dualcast","Go for the Eyes","Streamline+1","Coolheaded","Gash","Seek","Sunder","Defragment","Hologram","Core Surge","Self Repair","Cold Snap","Static Discharge","Echo Form","Gash","Capacitor+1","Conserve Battery","Gash"],"relics":["Cracked Core","NeowsBlessing","Ancient Tea Set","Potion Belt","DataDisk","Singing Bowl","Empty Cage"],"potions_floor_usage":[8,13,16,20,23],"damage_taken":[{"damage":0,"enemies":"Jaw Worm","floor":1,"turns":1},{"damage":0,"enemies":"2 Louse","floor":5,"turns":1},{"damage":0,"enemies":"Gremlin Nob","floor":6,"turns":1},{"damage":16,"enemies":"Lagavulin","floor":8,"turns":5},{"damage":30,"enemies":"3 Sentries","floor":10,"turns":5},{"damage":0,"enemies":"Cultist","floor":11,"turns":3},{"damage":13,"enemies":"Gremlin Gang","floor":12,"turns":3},{"damage":3,"enemies":"Looter","floor":13,"turns":3},{"damage":12,"enemies":"Slime Boss","floor":16,"turns":8},{"damage":18,"enemies":"Shell Parasite","floor":18,"turns":7},{"damage":29,"enemies":"3 Byrds","floor":20,"turns":3},{"damage":55,"enemies":"Book of Stabbing","floor":23,"turns":4}],"seed_played":"2469491922462756727","potions_obtained":[{"floor":5,"key":"Poison Potion"},{"floor":10,"key":"EntropicBrew"},{"floor":12,"key":"SneckoOil"},{"floor":20,"key":"Regen Potion"}],"is_trial":false,"path_per_floor":["M","?","?","$","M","E","R","E","T","E","M","M","M","$","R","B",null,"M","$","M","?","$","E"],"character_chosen":"DEFECT","items_purchased":["Streamline","Coolheaded","Cold Snap","Static Discharge","Gash","Gash"],"campfire_rested":1,"item_purchase_floors":[4,4,14,14,19,22],"current_hp_per_floor":[64,69,69,69,69,69,69,53,53,23,23,10,7,7,29,24,63,61,61,39,39,39,0],"gold":21,"neow_bonus":"THREE_ENEMY_KILL","is_prod":false,"is_daily":false,"chose_seed":false,"campfire_upgraded":1,"win_rate":0,"timestamp":1541652407,"path_taken":["M","?","?","$","M","E","R","E","T","E","M","?","M","$","R","BOSS","M","$","?","?","?","E"],"build_version":"2018-11-06","purchased_purges":1,"victory":false,"max_hp_per_floor":[71,76,76,76,76,76,76,76,76,76,76,76,76,76,76,76,76,78,78,78,78,78,78],"card_choices":[{"not_picked":["Coolheaded","Fusion"],"picked":"Go for the Eyes","floor":1},{"not_picked":["BootSequence","Steam Power"],"picked":"Gash","floor":5},{"not_picked":["Gash","Recycle"],"picked":"Seek","floor":6},{"not_picked":["Stack","Rebound"],"picked":"Sunder","floor":8},{"not_picked":["Barrage","Static Discharge"],"picked":"Defragment","floor":10},{"not_picked":["Conserve Battery","Compile Driver"],"picked":"Hologram","floor":11},{"not_picked":["Compile Driver","Stack"],"picked":"Core Surge","floor":12},{"not_picked":["Heatsinks","Hello World"],"picked":"Self Repair","floor":13},{"not_picked":["Creative AI","Multi-Cast"],"picked":"Echo Form","floor":16},{"not_picked":["Compile Driver","Blizzard","Barrage"],"picked":"Singing Bowl","floor":18},{"not_picked":["Barrage","Heatsinks"],"picked":"Capacitor+1","floor":20}],"player_experience":1026281,"relics_obtained":[{"floor":6,"key":"Ancient Tea Set"},{"floor":8,"key":"Potion Belt"},{"floor":9,"key":"DataDisk"},{"floor":10,"key":"Singing Bowl"}],"event_choices":[{"damage_healed":0,"gold_gain":0,"player_choice":"Donut","damage_taken":0,"max_hp_gain":5,"max_hp_loss":0,"event_name":"Big Fish","floor":2,"gold_loss":0},{"cards_removed":["Strike_B"],"damage_healed":0,"gold_gain":0,"player_choice":"Purged","damage_taken":0,"max_hp_gain":0,"max_hp_loss":0,"event_name":"Purifier","floor":3,"gold_loss":0},{"damage_healed":0,"gold_gain":0,"player_choice":"Read","damage_taken":0,"max_hp_gain":0,"max_hp_loss":0,"event_name":"The Library","floor":21,"gold_loss":0,"cards_obtained":["Conserve Battery"]}],"is_beta":true,"boss_relics":[{"not_picked":["Black Star","Pandora\u0027s Box"],"picked":"Empty Cage"}],"items_purged_floors":[14],"is_endless":false,"potions_floor_spawned":[5,10,12,20],"killed_by":"Book of Stabbing","ascension_level":19}