{"gold_per_floor":[115,115,115,40,40,75,90,120,120,120,133,61,61,78,78,179,179,189,189,114,14,24,56,56,72,95,95,95,125,125,140,140,239,239,254,50,61,61],"floor_reached":38,"playtime":2610,"items_purged":["Regret","Distraction"],"score":670,"play_id":"24fb06e6-6283-4d0c-b4c3-6b93cdce4359","local_time":"20181229000334","is_ascension_mode":true,"campfire_choices":[{"data":"Distraction","floor":10,"key":"SMITH"},{"data":"Noxious Fumes","floor":13,"key":"SMITH"},{"floor":15,"key":"REST"},{"floor":27,"key":"REST"},{"data":"After Image","floor":30,"key":"SMITH"},{"floor":32,"key":"REST"}],"neow_cost":"NONE","seed_source_timestamp":521133821908156,"circlet_count":0,"master_deck":["Survivor","Neutralize","Distraction+1","Dagger Spray","Blur","Bouncing Flask","Noxious Fumes+1","Footwork","After Image+1","Bane","Tools of the Trade","Quick Slash","Cloak And Dagger","Dodge and Roll","Cloak And Dagger","Finisher","Cloak And Dagger","Backflip","Noxious Fumes","Bouncing Flask","Escape Plan","Dash+1","Bite","Bite","Bite","Bite","Bite","Leg Sweep","Corpse Explosion","Pain","Clumsy","Pain","Infinite Blades+1","Bane+1"],"special_seed":0,"relics":["Ring of the Snake","NeowsBlessing","Du-Vu Doll","Pear","Regal Pillow","Pantograph","Ornamental Fan","Pandora\u0027s Box","Strawberry","Lantern","Pocketwatch","Calling Bell","Anchor","Paper Crane","WingedGreaves","ClockworkSouvenir"],"potions_floor_usage":[8,8,16,23,25,29],"damage_taken":[{"damage":0.0,"enemies":"2 Louse","floor":1.0,"turns":1.0},{"damage":0.0,"enemies":"3 Sentries","floor":6.0,"turns":2.0},{"damage":0.0,"enemies":"Jaw Worm","floor":7.0,"turns":1.0},{"damage":54,"enemies":"Lagavulin","floor":8,"turns":8},{"damage":0,"enemies":"Cultist","floor":11,"turns":5},{"damage":9,"enemies":"3 Louse","floor":14,"turns":3},{"damage":23,"enemies":"The Guardian","floor":16,"turns":9},{"damage":17,"enemies":"Shell Parasite","floor":18,"turns":5},{"damage":10,"enemies":"2 Thieves","floor":20,"turns":5},{"damage":6,"enemies":"Chosen and Byrds","floor":22,"turns":6},{"damage":37,"enemies":"Book of Stabbing","floor":23,"turns":8},{"damage":0,"enemies":"Centurion and Healer","floor":25,"turns":7},{"damage":42,"enemies":"Gremlin Leader","floor":29,"turns":6},{"damage":4,"enemies":"Snecko","floor":31,"turns":5},{"damage":35,"enemies":"Automaton","floor":33,"turns":12},{"damage":15,"enemies":"Orb Walker","floor":35,"turns":4},{"damage":23,"enemies":"3 Darklings","floor":37,"turns":5},{"damage":40,"enemies":"Transient","floor":38,"turns":5}],"seed_played":"5590068660812458654","potions_obtained":[{"floor":1.0,"key":"Regen Potion"},{"floor":7.0,"key":"PowerPotion"},{"floor":14,"key":"FearPotion"},{"floor":22,"key":"Poison Potion"},{"floor":23,"key":"Regen Potion"},{"floor":25,"key":"Energy Potion"},{"floor":33,"key":"Ancient Potion"}],"is_trial":false,"path_per_floor":["M","?","T","$","?","E","M","E","T","R","M","$","R","M","R","B",null,"M","?","M","$","M","E","?","M","T","R","?","E","R","M","R","B",null,"M","$","M","M"],"character_chosen":"THE_SILENT","items_purchased":["Noxious Fumes","ClockworkSouvenir"],"campfire_rested":3,"item_purchase_floors":[12,36],"current_hp_per_floor":[63,63,73,73,66,66,66,27,27,27,27,27,27,18,57,57,74,57,57,47,47,41,11,11,25,25,66,60,24,24,32,60,33,53,40,40,17,0],"gold":61,"neow_bonus":"THREE_ENEMY_KILL","is_prod":false,"is_daily":false,"chose_seed":false,"campfire_upgraded":3,"win_rate":0,"timestamp":1546059814,"path_taken":["M","?","?","?","?","E","?","E","T","R","M","?","R","M","R","BOSS","M","?","M","$","M","E","?","?","T","R","?","E","R","M","R","BOSS","M","$","M","M"],"build_version":"2018-12-20","purchased_purges":2,"victory":false,"max_hp_per_floor":[70,70,80,80,80,80,80,80,80,80,80,80,80,80,80,80,80,80,80,80,80,80,87,87,87,87,87,60,60,60,60,60,60,60,60,60,60,60],"card_choices":[{"not_picked":["Eviscerate","Poisoned Stab","Sucker Punch"],"picked":"SKIP","floor":1.0},{"not_picked":["Prepared","Deflect"],"picked":"Distraction","floor":6.0},{"not_picked":["Outmaneuver","Finisher"],"picked":"Dagger Spray","floor":7.0},{"not_picked":["Outmaneuver","Dodge and Roll"],"picked":"Blur","floor":8},{"not_picked":["PiercingWail","Skewer"],"picked":"Bouncing Flask","floor":11},{"not_picked":["Finisher","Escape Plan"],"picked":"Footwork","floor":14},{"not_picked":["Bullet Time","Envenom"],"picked":"After Image","floor":16},{"not_picked":["Blade Dance","Quick Slash"],"picked":"Backflip","floor":18},{"not_picked":["Flying Knee","Dagger Throw"],"picked":"Bouncing Flask","floor":20},{"not_picked":["Sucker Punch","Poisoned Stab","Finisher"],"picked":"SKIP","floor":22},{"not_picked":["Underhanded Strike","Noxious Fumes"],"picked":"Escape Plan","floor":23},{"not_picked":["Blade Dance","Cloak And Dagger"],"picked":"Dash+1","floor":25},{"not_picked":["Blur","Flying Knee"],"picked":"Leg Sweep","floor":29},{"not_picked":["Bane","Dodge and Roll","Flying Knee"],"picked":"SKIP","floor":31},{"not_picked":["Unload","After Image"],"picked":"Corpse Explosion","floor":33},{"not_picked":["Quick Slash+1","Terror+1"],"picked":"Infinite Blades+1","floor":35},{"not_picked":["Dash+1","Blade Dance+1"],"picked":"Bane+1","floor":37}],"player_experience":216099,"relics_obtained":[{"floor":3.0,"key":"Pear"},{"floor":6.0,"key":"Regal Pillow"},{"floor":8,"key":"Pantograph"},{"floor":9,"key":"Ornamental Fan"},{"floor":23,"key":"Strawberry"},{"floor":26,"key":"Lantern"},{"floor":29,"key":"Pocketwatch"},{"floor":34,"key":"Anchor"},{"floor":34,"key":"Paper Crane"},{"floor":34,"key":"WingedGreaves"}],"event_choices":[{"damage_healed":0.0,"max_hp_gain":0.0,"max_hp_loss":0.0,"gold_gain":0.0,"event_name":"Big Fish","player_choice":"Box","floor":2.0,"gold_loss":0.0,"damage_taken":0.0,"relics_obtained":["Du-Vu Doll"],"cards_obtained":["Regret"]},{"cards_removed":["Strike_G"],"damage_healed":0.0,"max_hp_gain":0.0,"max_hp_loss":0.0,"gold_gain":0.0,"event_name":"Golden Wing","player_choice":"Card Removal","floor":5.0,"gold_loss":0.0,"damage_taken":7.0},{"damage_healed":0,"gold_gain":0,"player_choice":"Read","damage_taken":0,"max_hp_gain":0,"max_hp_loss":0,"event_name":"The Library","floor":19,"gold_loss":0,"cards_obtained":["Noxious Fumes"]},{"damage_healed":0,"gold_gain":0,"player_choice":"0 cards matched","damage_taken":0,"max_hp_gain":0,"max_hp_loss":0,"event_name":"Match and Keep!","floor":24,"gold_loss":0,"cards_obtained":[]},{"damage_healed":0,"gold_gain":0,"player_choice":"Became a vampire","damage_taken":0,"max_hp_gain":0,"max_hp_loss":27,"event_name":"Vampires","floor":28,"gold_loss":0,"cards_obtained":["Bite","Bite","Bite","Bite","Bite"]}],"is_beta":false,"boss_relics":[{"not_picked":["Empty Cage","Busted Crown"],"picked":"Pandora\u0027s Box"},{"not_picked":["Tiny House","Runic Pyramid"],"picked":"Calling Bell"}],"items_purged_floors":[4,21],"is_endless":false,"potions_floor_spawned":[1,7,14,22,23,25,33],"killed_by":"Transient","ascension_level":9}