{"gold_per_floor":[364,380,392,402,31,364,364,364,436,461,461,479,497,532,532,607,607,627,627,644,644,118,151,151,46,70,70,70,90,90,122,122,198,198,209,228,228,283,301,301,326,326,351,351,366,378,7,18,18,18,18],"floor_reached":52,"playtime":5149,"items_purged":["Strike_R"],"score":2005,"play_id":"d51e8df4-7ff9-48b6-bc1c-60f175f76ec2","local_time":"20190323042618","is_ascension_mode":true,"campfire_choices":[{"data":"Disarm","floor":8.0,"key":"SMITH"},{"data":"Uppercut","floor":11.0,"key":"SMITH"},{"data":"Metallicize","floor":15.0,"key":"SMITH"},{"data":"Barricade","floor":24.0,"key":"SMITH"},{"data":"Inflame","floor":27.0,"key":"SMITH"},{"data":"Trip","floor":30.0,"key":"SMITH"},{"floor":32.0,"key":"REST"},{"data":"Immolate","floor":40.0,"key":"SMITH"},{"data":"Uppercut","floor":44.0,"key":"SMITH"},{"floor":49.0,"key":"REST"}],"neow_cost":"TEN_PERCENT_HP_LOSS","seed_source_timestamp":1207343142604500,"circlet_count":0,"master_deck":["AscendersBane","Strike_R","Strike_R","Strike_R","Strike_R","Defend_R","Defend_R","Defend_R","Defend_R+1","Bash","Thunderclap","Uppercut+1","Flame Barrier","Disarm+1","Shrug It Off","Apotheosis+1","Uppercut+1","Flame Barrier","Dropkick","Rampage","Metallicize+1","Barricade+1","Intimidate+1","RitualDagger","Whirlwind","Shrug It Off","Immolate","Inflame+1","Trip+1","Decay","Rage","Shockwave+1","Immolate+1","Mind Blast","Metallicize","Shrug It Off+1","Doubt","Parasite","Uppercut+1","Uppercut","Body Slam","Entrench"],"special_seed":0,"relics":["Burning Blood","Anchor","Old Coin","Blue Candle","Oddly Smooth Stone","Lantern","Cursed Key","Sling","War Paint","Ancient Tea Set","Boot","Snecko Eye","Calipers","Kunai","Torii","Self Forming Clay"],"potions_floor_usage":[51],"damage_taken":[{"damage":9.0,"enemies":"Jaw Worm","floor":1.0,"turns":4.0},{"damage":13.0,"enemies":"Cultist","floor":2.0,"turns":5.0},{"damage":3.0,"enemies":"Small Slimes","floor":3.0,"turns":4.0},{"damage":7.0,"enemies":"Exordium Wildlife","floor":4.0,"turns":4.0},{"damage":19.0,"enemies":"Gremlin Nob","floor":6.0,"turns":5.0},{"damage":19.0,"enemies":"Lagavulin","floor":10.0,"turns":8.0},{"damage":3.0,"enemies":"Blue Slaver","floor":12.0,"turns":4.0},{"damage":6.0,"enemies":"Lots of Slimes","floor":13.0,"turns":5.0},{"damage":7.0,"enemies":"3 Sentries","floor":14.0,"turns":7.0},{"damage":29.0,"enemies":"The Guardian","floor":16.0,"turns":11.0},{"damage":0.0,"enemies":"Chosen","floor":18.0,"turns":5.0},{"damage":8.0,"enemies":"3 Byrds","floor":20.0,"turns":3.0},{"damage":4.0,"enemies":"Gremlin Leader","floor":23.0,"turns":4.0},{"damage":1.0,"enemies":"Centurion and Healer","floor":29.0,"turns":6.0},{"damage":25.0,"enemies":"Book of Stabbing","floor":31.0,"turns":5.0},{"damage":58.0,"enemies":"Collector","floor":33.0,"turns":14.0},{"damage":2.0,"enemies":"3 Shapes","floor":35.0,"turns":5.0},{"damage":3.0,"enemies":"3 Darklings","floor":36.0,"turns":3.0},{"damage":0.0,"enemies":"2 Orb Walkers","floor":38.0,"turns":2.0},{"damage":10.0,"enemies":"Writhing Mass","floor":39.0,"turns":4.0},{"damage":8.0,"enemies":"Giant Head","floor":41.0,"turns":6.0},{"damage":3.0,"enemies":"Maw","floor":45.0,"turns":7.0},{"damage":29.0,"enemies":"4 Shapes","floor":46.0,"turns":3.0},{"damage":4.0,"enemies":"Transient","floor":48.0,"turns":6.0},{"damage":4,"enemies":"Awakened One","floor":50,"turns":14},{"damage":15,"enemies":"Time Eater","floor":51,"turns":17}],"seed_played":"-2842205961022820595","potions_obtained":[{"floor":2.0,"key":"LiquidBronze"},{"floor":3.0,"key":"Fire Potion"},{"floor":10.0,"key":"SteroidPotion"},{"floor":20.0,"key":"PowerPotion"},{"floor":29.0,"key":"Strength Potion"},{"floor":31.0,"key":"SteroidPotion"},{"floor":36.0,"key":"Explosive Potion"},{"floor":41.0,"key":"BloodPotion"},{"floor":46.0,"key":"Block Potion"}],"is_trial":false,"path_per_floor":["M","M","M","M","$","E","?","R","T","E","R","M","M","E","R","B",null,"M","?","M","?","$","E","R","$","T","R","$","M","R","E","R","B",null,"M","M","?","?","M","R","E","T","T","R","M","M","$","M","R","B","B",null],"character_chosen":"IRONCLAD","items_purchased":["Shrug It Off","Anchor","Apotheosis","Sling","Shrug It Off","Immolate","Trip","Self Forming Clay","Uppercut","Body Slam"],"campfire_rested":2,"item_purchase_floors":[5,5,5,22,22,22,25,47,47,47],"current_hp_per_floor":[65,58,61,60,60,47,47,47,47,34,34,37,37,36,36,13,54,60,54,52,52,52,54,54,54,54,54,54,59,59,40,60,8,53,57,60,60,66,62,62,60,60,60,60,63,40,40,48,68,68,59],"gold":18,"neow_bonus":"TWO_FIFTY_GOLD","is_prod":false,"is_daily":false,"chose_seed":false,"campfire_upgraded":8,"win_rate":0,"timestamp":1553340378,"path_taken":["M","M","M","M","$","E","?","R","T","E","R","M","?","E","R","BOSS","M","?","M","?","$","E","R","?","T","R","?","?","R","E","R","BOSS","M","M","?","?","M","R","E","?","T","R","?","M","$","?","R","BOSS","BOSS"],"build_version":"2019-03-15","purchased_purges":1,"victory":true,"max_hp_per_floor":[68,68,68,68,68,68,68,68,68,68,68,68,68,68,68,68,68,68,68,68,68,68,68,68,68,68,68,68,68,68,68,68,68,68,68,68,68,68,68,68,68,68,68,68,68,68,68,68,68,68,68],"card_choices":[{"not_picked":["Havoc","Flex"],"picked":"Thunderclap","floor":1.0},{"not_picked":["Shockwave","Sentinel"],"picked":"Uppercut","floor":2.0},{"not_picked":["Body Slam","Infernal Blade"],"picked":"Flame Barrier","floor":3.0},{"not_picked":["Metallicize","Bloodletting"],"picked":"Disarm","floor":4.0},{"not_picked":["Warcry","Berserk"],"picked":"Uppercut","floor":6.0},{"not_picked":["Flex","Iron Wave"],"picked":"Flame Barrier","floor":10.0},{"not_picked":["Rage","Iron Wave"],"picked":"Dropkick","floor":12.0},{"not_picked":["Headbutt","Cleave"],"picked":"Rampage","floor":13.0},{"not_picked":["Clothesline","Sword Boomerang"],"picked":"Metallicize","floor":14.0},{"not_picked":["Berserk","Feed"],"picked":"Barricade","floor":16.0},{"not_picked":["Headbutt","Havoc"],"picked":"Intimidate","floor":18.0},{"not_picked":["Flex","Havoc+1"],"picked":"Whirlwind","floor":20.0},{"not_picked":["Cleave","Perfected Strike"],"picked":"Inflame","floor":23.0},{"not_picked":["Disarm","Pommel Strike"],"picked":"Rage","floor":29.0},{"not_picked":["Inflame","Fiend Fire"],"picked":"Shockwave+1","floor":31.0},{"not_picked":["Dark Embrace","Offering"],"picked":"Immolate","floor":33.0},{"not_picked":["Inflame","Heavy Blade+1","Body Slam"],"picked":"SKIP","floor":35.0},{"not_picked":["Armaments","Perfected Strike","Inflame"],"picked":"SKIP","floor":36.0},{"not_picked":["Apotheosis","Dramatic Entrance"],"picked":"Mind Blast","floor":37.0},{"not_picked":["Clash+1","Twin Strike"],"picked":"Metallicize","floor":38.0},{"not_picked":["Clash","Anger","Clothesline"],"picked":"SKIP","floor":39.0},{"not_picked":["Rage","Heavy Blade+1"],"picked":"Shrug It Off+1","floor":41.0},{"not_picked":["Warcry","Anger"],"picked":"Uppercut+1","floor":45.0},{"not_picked":["Dropkick","Wild Strike+1","Second Wind"],"picked":"SKIP","floor":46.0},{"not_picked":["Sever Soul+1","Wild Strike+1"],"picked":"Entrench","floor":48.0}],"player_experience":3375269,"relics_obtained":[{"floor":6.0,"key":"Old Coin"},{"floor":9.0,"key":"Blue Candle"},{"floor":10.0,"key":"Oddly Smooth Stone"},{"floor":14.0,"key":"Lantern"},{"floor":23.0,"key":"War Paint"},{"floor":26.0,"key":"Ancient Tea Set"},{"floor":31.0,"key":"Boot"},{"floor":38.0,"key":"Calipers"},{"floor":41.0,"key":"Kunai"},{"floor":42.0,"key":"Torii"}],"event_choices":[{"damage_healed":0.0,"max_hp_gain":0.0,"max_hp_loss":0.0,"gold_gain":0.0,"event_name":"Upgrade Shrine","player_choice":"Upgraded","floor":7.0,"gold_loss":0.0,"damage_taken":0.0,"cards_upgraded":["Apotheosis"]},{"damage_healed":0.0,"max_hp_gain":0.0,"max_hp_loss":0.0,"gold_gain":0.0,"event_name":"Nest","player_choice":"Joined the Cult","floor":19.0,"gold_loss":0.0,"damage_taken":6.0,"cards_obtained":["RitualDagger"]},{"damage_healed":0.0,"max_hp_gain":0.0,"max_hp_loss":0.0,"gold_gain":0.0,"event_name":"Ghosts","player_choice":"Ignored","floor":21.0,"gold_loss":0.0,"damage_taken":0.0},{"damage_healed":0.0,"max_hp_gain":0.0,"max_hp_loss":0.0,"gold_gain":0.0,"event_name":"SensoryStone","player_choice":"Memory 1","floor":37.0,"gold_loss":0.0,"damage_taken":0.0},{"damage_healed":0.0,"max_hp_gain":0.0,"max_hp_loss":0.0,"gold_gain":0.0,"event_name":"Mysterious Sphere","player_choice":"Fight","floor":38.0,"gold_loss":0.0,"damage_taken":0.0}],"is_beta":true,"boss_relics":[{"not_picked":["Empty Cage","Black Blood"],"picked":"Cursed Key"},{"not_picked":["Calling Bell","Coffee Dripper"],"picked":"Snecko Eye"}],"items_purged_floors":[22],"is_endless":false,"potions_floor_spawned":[2,3,10,12,20,29,31,36,41,46],"ascension_level":20}