{"gold_per_floor":[116,128,142,155,155,155,172,172,172,202,202,228,239,253,253,327,327,339,353,371,10,28,54,54,86,86,3,3,3,3,20,20,20],"floor_reached":33,"playtime":1738,"items_purged":[],"score":668,"play_id":"031ad2a9-ebd1-4695-a06c-d74050d36003","local_time":"20190817235230","is_ascension_mode":true,"campfire_choices":[{"data":"Skewer","floor":8.0,"key":"SMITH"},{"data":"Venomology","floor":11.0,"key":"SMITH"},{"data":"Infinite Blades","floor":15.0,"key":"SMITH"},{"data":"Terror","floor":24.0,"key":"SMITH"},{"data":"Shame","floor":30.0,"key":"PURGE"},{"floor":32.0,"key":"REST"}],"neow_cost":"NONE","seed_source_timestamp":4747404300172000,"circlet_count":0,"master_deck":["AscendersBane","Strike_G","Strike_G","Strike_G","Strike_G","Strike_G","Defend_G","Defend_G","Defend_G","Defend_G","Defend_G","Survivor","Neutralize","PiercingWail","Venomology+1","Cloak And Dagger","Infinite Blades+1","Skewer+1","Slice","Neutralize","Quick Slash","Footwork","Burst","Cloak And Dagger","Corpse Explosion","Cloak And Dagger","Slice","Terror+1","Deflect","Decay"],"special_seed":0,"relics":["Ring of the Snake","NeowsBlessing","Mercury Hourglass","FossilizedHelix","Singing Bowl","WristBlade","Membership Card","Ninja Scroll","Letter Opener","Peace Pipe","Paper Crane","Blood Vial","Thread and Needle"],"potions_floor_usage":[33],"damage_taken":[{"damage":0.0,"enemies":"2 Louse","floor":1.0,"turns":1.0},{"damage":0.0,"enemies":"Cultist","floor":2.0,"turns":1.0},{"damage":0.0,"enemies":"Jaw Worm","floor":3.0,"turns":1.0},{"damage":9.0,"enemies":"Large Slime","floor":4.0,"turns":5.0},{"damage":0.0,"enemies":"3 Sentries","floor":6.0,"turns":1.0},{"damage":5.0,"enemies":"3 Louse","floor":7.0,"turns":5.0},{"damage":8.0,"enemies":"Gremlin Nob","floor":10.0,"turns":3.0},{"damage":19.0,"enemies":"Lagavulin","floor":12.0,"turns":6.0},{"damage":0.0,"enemies":"Exordium Thugs","floor":13.0,"turns":4.0},{"damage":0.0,"enemies":"Exordium Wildlife","floor":14.0,"turns":3.0},{"damage":15.0,"enemies":"Hexaghost","floor":16.0,"turns":13.0},{"damage":11.0,"enemies":"2 Thieves","floor":18.0,"turns":2.0},{"damage":11.0,"enemies":"Spheric Guardian","floor":19.0,"turns":4.0},{"damage":0.0,"enemies":"Chosen and Byrds","floor":20.0,"turns":3.0},{"damage":0.0,"enemies":"Centurion and Healer","floor":22.0,"turns":3.0},{"damage":0.0,"enemies":"Slavers","floor":23.0,"turns":3.0},{"damage":11.0,"enemies":"Gremlin Leader","floor":25.0,"turns":4.0},{"damage":0.0,"enemies":"Sentry and Sphere","floor":31.0,"turns":3.0},{"damage":90,"enemies":"Collector","floor":33,"turns":10}],"seed_played":"-8298740118675431159","potions_obtained":[{"floor":1.0,"key":"SteroidPotion"},{"floor":7.0,"key":"SpeedPotion"},{"floor":14.0,"key":"GhostInAJar"},{"floor":20.0,"key":"SkillPotion"},{"floor":25.0,"key":"Swift Potion"}],"is_trial":false,"path_per_floor":["M","M","M","M","?","E","M","R","T","E","R","E","M","M","R","B",null,"M","M","M","$","M","E","R","E","T","$","?","?","R","M","R","B"],"character_chosen":"THE_SILENT","items_purchased":["Membership Card","Ninja Scroll","Deflect","Blood Vial"],"campfire_rested":1,"item_purchase_floors":[21,21,21,27],"current_hp_per_floor":[59,59,59,50,50,50,45,45,45,37,37,27,27,29,29,14,55,44,33,33,33,35,37,37,28,28,28,28,28,28,32,54,0],"gold":20,"neow_bonus":"THREE_ENEMY_KILL","is_prod":false,"is_daily":false,"chose_seed":false,"campfire_upgraded":4,"win_rate":0,"timestamp":1566111150,"path_taken":["M","M","M","M","?","E","M","R","T","E","R","E","M","M","R","BOSS","M","M","M","$","M","E","R","E","T","$","?","?","R","M","R","BOSS"],"build_version":"2019-08-15","purchased_purges":0,"victory":false,"max_hp_per_floor":[66,66,66,66,66,66,66,66,66,66,66,66,66,68,68,68,68,68,68,68,68,70,72,72,74,74,74,74,74,74,76,76,76],"card_choices":[{"not_picked":["Bane","Poisoned Stab"],"picked":"PiercingWail","floor":1.0},{"not_picked":["Flying Knee","PiercingWail"],"picked":"Venomology","floor":2.0},{"not_picked":["Blade Dance","Accuracy"],"picked":"Cloak And Dagger","floor":3.0},{"not_picked":["Outmaneuver","Prepared"],"picked":"Infinite Blades","floor":4.0},{"not_picked":["Prepared","Endless Agony"],"picked":"Quick Slash","floor":7.0},{"not_picked":["Blade Dance","Deflect"],"picked":"Footwork","floor":10.0},{"not_picked":["Outmaneuver","Quick Slash"],"picked":"Burst","floor":12.0},{"not_picked":["PiercingWail","Acrobatics"],"picked":"Cloak And Dagger","floor":13.0},{"not_picked":["Acrobatics","Deadly Poison","Quick Slash"],"picked":"Singing Bowl","floor":14.0},{"not_picked":["Night Terror","Burst"],"picked":"Corpse Explosion","floor":16.0},{"not_picked":["Distraction","Acrobatics"],"picked":"Cloak And Dagger","floor":18.0},{"not_picked":["Deflect","Prepared"],"picked":"Slice","floor":19.0},{"not_picked":["Quick Slash","Outmaneuver"],"picked":"Terror","floor":20.0},{"not_picked":["Bane","Setup","Riddle With Holes"],"picked":"Singing Bowl","floor":22.0},{"not_picked":["Quick Slash","Catalyst","Bane+1"],"picked":"Singing Bowl","floor":23.0},{"not_picked":["Dodge and Roll","Prepared","Sucker Punch"],"picked":"Singing Bowl","floor":25.0},{"not_picked":["Blade Dance","Acrobatics","Riddle With Holes"],"picked":"Singing Bowl","floor":31.0}],"player_experience":3553072,"relics_obtained":[{"floor":9.0,"key":"Mercury Hourglass"},{"floor":10.0,"key":"FossilizedHelix"},{"floor":12.0,"key":"Singing Bowl"},{"floor":23.0,"key":"Letter Opener"},{"floor":25.0,"key":"Peace Pipe"},{"floor":26.0,"key":"Paper Crane"}],"event_choices":[{"damage_healed":0.0,"max_hp_gain":0.0,"max_hp_loss":0.0,"gold_gain":0.0,"event_name":"Match and Keep!","player_choice":"3 cards matched","floor":5.0,"gold_loss":0.0,"damage_taken":0.0,"cards_obtained":["Skewer","Slice","Neutralize"]},{"damage_healed":0.0,"max_hp_gain":0.0,"max_hp_loss":0.0,"gold_gain":0.0,"event_name":"Forgotten Altar","player_choice":"Smashed Altar","floor":28.0,"gold_loss":0.0,"damage_taken":0.0,"cards_obtained":["Decay"]},{"damage_healed":0.0,"max_hp_gain":0.0,"max_hp_loss":0.0,"gold_gain":0.0,"event_name":"Addict","player_choice":"Stole Relic","floor":29.0,"gold_loss":0.0,"damage_taken":0.0,"relics_obtained":["Thread and Needle"],"cards_obtained":["Shame"]}],"is_beta":true,"boss_relics":[{"not_picked":["Black Star","Astrolabe"],"picked":"WristBlade"}],"items_purged_floors":[],"is_endless":false,"potions_floor_spawned":[1,6,7,10,14,20,25],"killed_by":"Collector","ascension_level":20}