{"gold_per_floor":[111,59,59,59,77,111,124,124,150,164,164,179,209,221,221,319,319,339,113,126,126,139,166,265,265,265,265],"floor_reached":27,"playtime":2084,"items_purged":["Strike_R"],"score":281,"play_id":"e2dc4043-d776-4844-a802-6632ac5d38ef","local_time":"20190903120355","is_ascension_mode":true,"campfire_choices":[{"floor":8,"key":"RECALL"},{"data":"Hemokinesis","floor":11,"key":"SMITH"},{"data":"Clothesline","floor":15,"key":"SMITH"},{"floor":25,"key":"REST"}],"neow_cost":"NONE","seed_source_timestamp":950957858210800,"circlet_count":0,"master_deck":["Strike_R","Strike_R","Strike_R","Strike_R","Defend_R","Defend_R","Defend_R+1","Defend_R+1","Bash","Flex","Cleave","Shrug It Off","Hemokinesis+1","Thunderclap","Rage","Clothesline+1","Pommel Strike","Juggernaut","Infernal Blade+1","Armaments","Rage+1","Pain"],"relics":["Burning Blood","NeowsBlessing","Regal Pillow","Strawberry","Bag of Marbles","Juzu Bracelet","Cursed Key","Oddly Smooth Stone","War Paint","Ornamental Fan"],"potions_floor_usage":[13,16,16,22],"damage_taken":[{"damage":0,"enemies":"2 Louse","floor":1,"turns":1},{"damage":0,"enemies":"Small Slimes","floor":5,"turns":1},{"damage":0,"enemies":"Lagavulin","floor":6,"turns":1},{"damage":9,"enemies":"Cultist","floor":7,"turns":3},{"damage":12,"enemies":"Exordium Thugs","floor":10,"turns":5},{"damage":14,"enemies":"2 Fungi Beasts","floor":12,"turns":4},{"damage":12,"enemies":"Gremlin Nob","floor":13,"turns":3},{"damage":2,"enemies":"Blue Slaver","floor":14,"turns":1},{"damage":66,"enemies":"Hexaghost","floor":16,"turns":12},{"damage":15,"enemies":"Spheric Guardian","floor":18,"turns":4},{"damage":16,"enemies":"3 Byrds","floor":20,"turns":4},{"damage":14,"enemies":"Shelled Parasite and Fungi","floor":22,"turns":2},{"damage":38,"enemies":"Book of Stabbing","floor":23,"turns":5},{"damage":59,"enemies":"Gremlin Leader","floor":27,"turns":7}],"seed_played":"-6620306746256981817","potions_obtained":[{"floor":7,"key":"Weak Potion"},{"floor":10,"key":"Dexterity Potion"},{"floor":13,"key":"PowerPotion"},{"floor":20,"key":"Poison Potion"}],"is_trial":false,"path_per_floor":["M","$","?","?","M","E","M","R","T","M","R","M","E","M","R","B",null,"M","$","M","?","M","E","?","R","T","E"],"character_chosen":"IRONCLAD","items_purchased":["Cleave","Oddly Smooth Stone"],"campfire_rested":1,"item_purchase_floors":[2,19],"current_hp_per_floor":[80,80,80,80,80,87,84,84,84,78,78,70,64,68,68,8,87,78,78,68,51,43,11,11,53,53,0],"gold":265,"neow_bonus":"THREE_ENEMY_KILL","is_prod":false,"is_daily":false,"chose_seed":false,"campfire_upgraded":2,"win_rate":0,"timestamp":1567483435,"path_taken":["M","$","?","?","?","E","M","R","T","M","R","M","E","M","R","BOSS","M","$","M","?","M","E","?","R","T","E"],"build_version":"2019-07-17","purchased_purges":1,"victory":false,"max_hp_per_floor":[80,80,80,80,80,87,87,87,87,87,87,87,87,87,87,87,87,87,87,87,92,92,92,92,92,92,92],"card_choices":[{"not_picked":["Intimidate","Carnage"],"picked":"Flex","floor":1},{"not_picked":["Dual Wield","Thunderclap"],"picked":"Shrug It Off","floor":5},{"not_picked":["Demon Form","Searing Blow"],"picked":"Hemokinesis","floor":6},{"not_picked":["Heavy Blade","Cleave"],"picked":"Thunderclap","floor":7},{"not_picked":["Perfected Strike","Pommel Strike"],"picked":"Rage","floor":10},{"not_picked":["Blood for Blood","True Grit"],"picked":"Clothesline","floor":12},{"not_picked":["Cleave","Warcry"],"picked":"Pommel Strike","floor":13},{"not_picked":["Body Slam","Intimidate","Reckless Charge"],"picked":"SKIP","floor":14},{"not_picked":["Feed","Impervious"],"picked":"Juggernaut","floor":16},{"not_picked":["Clothesline","Clash"],"picked":"Infernal Blade+1","floor":18},{"not_picked":["True Grit","Twin Strike","Evolve"],"picked":"SKIP","floor":20},{"not_picked":["True Grit+1","Clothesline"],"picked":"Armaments","floor":22},{"not_picked":["Body Slam","Pommel Strike"],"picked":"Rage+1","floor":23}],"player_experience":39704,"relics_obtained":[{"floor":6,"key":"Strawberry"},{"floor":9,"key":"Bag of Marbles"},{"floor":13,"key":"Juzu Bracelet"},{"floor":23,"key":"War Paint"},{"floor":26,"key":"Ornamental Fan"}],"event_choices":[{"damage_healed":0,"gold_gain":0,"player_choice":"Box","damage_taken":0,"relics_obtained":["Regal Pillow"],"max_hp_gain":0,"max_hp_loss":0,"event_name":"Big Fish","floor":3,"gold_loss":0,"cards_obtained":["Regret"]},{"cards_removed":["Regret"],"damage_healed":0,"gold_gain":0,"player_choice":"Removed Curses","damage_taken":0,"max_hp_gain":0,"max_hp_loss":0,"event_name":"Fountain of Cleansing","floor":4,"gold_loss":0},{"damage_healed":0,"gold_gain":0,"player_choice":"Shed Blood","damage_taken":22,"max_hp_gain":5,"max_hp_loss":0,"event_name":"Forgotten Altar","floor":21,"gold_loss":0},{"damage_healed":0,"gold_gain":99,"player_choice":"Stole From Cult","damage_taken":0,"max_hp_gain":0,"max_hp_loss":0,"event_name":"Nest","floor":24,"gold_loss":0}],"is_beta":false,"boss_relics":[{"not_picked":["Runic Dome","Astrolabe"],"picked":"Cursed Key"}],"items_purged_floors":[19],"is_endless":false,"potions_floor_spawned":[7,10,13,20],"killed_by":"Gremlin Leader","ascension_level":1}