{"gold_per_floor":[110,110,9,9,28,28,28,28,80,113,132,32,32,32,32,134,134,150,169,269,281,294,294,329,341,376,388,400,412,424,456,468,578,590,612,624,616,646,671,683,115,115,164,14,34,69,123,150,150,150],"floor_reached":51,"playtime":2320,"items_purged":["Regret","Writhe","Strike_B","Strike_B"],"score":819,"play_id":"0dded8b4-78f8-4e4b-954b-c5b97365a2b4","local_time":"20190513095332","is_ascension_mode":false,"campfire_choices":[{"data":"Redo","floor":6.0,"key":"SMITH"},{"data":"Dualcast","floor":8.0,"key":"SMITH"},{"data":"Doom and Gloom","floor":15.0,"key":"SMITH"},{"data":"Seek","floor":23.0,"key":"SMITH"},{"data":"Chill","floor":25.0,"key":"SMITH"},{"data":"Lockon","floor":27.0,"key":"SMITH"},{"data":"Electrodynamics","floor":29.0,"key":"SMITH"},{"floor":32.0,"key":"REST"},{"data":"Biased Cognition","floor":40,"key":"SMITH"},{"data":"Secret Technique","floor":42,"key":"SMITH"},{"data":"Redo","floor":49,"key":"SMITH"}],"neow_cost":"NONE","seed_source_timestamp":1326259688831800,"circlet_count":0,"master_deck":["Strike_B+1","Strike_B","Defend_B+1","Defend_B","Defend_B","Defend_B","Zap+1","Dualcast+1","Doom and Gloom+1","Ball Lightning","Redo+1","Electrodynamics+1","Ball Lightning","Seek+1","Lockon+1","Chill+1","Ball Lightning+1","White Noise","Biased Cognition+1","Stack+1","Conserve Battery","Secret Technique+1","Redo+1"],"special_seed":0,"relics":["Calling Bell","Anchor","Darkstone Periapt","Turnip","Ancient Tea Set","Strawberry","Lantern","Busted Crown","Ice Cream","Pantograph","MawBank","Bronze Scales","Nunchaku","Runic Pyramid","Symbiotic Virus","Pen Nib","Art of War","Emotion Chip","Question Card"],"potions_floor_usage":[39,46,47,50,50],"damage_taken":[{"damage":4.0,"enemies":"Small Slimes","floor":1.0,"turns":4.0},{"damage":0.0,"enemies":"2 Louse","floor":5.0,"turns":2.0},{"damage":23.0,"enemies":"Lagavulin","floor":10.0,"turns":6.0},{"damage":0.0,"enemies":"Jaw Worm","floor":11.0,"turns":2.0},{"damage":0.0,"enemies":"Slime Boss","floor":16.0,"turns":6.0},{"damage":7.0,"enemies":"Shell Parasite","floor":18.0,"turns":5.0},{"damage":0.0,"enemies":"3 Byrds","floor":19.0,"turns":3.0},{"damage":10.0,"enemies":"Colosseum Slavers","floor":20.0,"turns":3.0},{"damage":19.0,"enemies":"Colosseum Nobs","floor":20.0,"turns":3.0},{"damage":0.0,"enemies":"Cultist and Chosen","floor":21.0,"turns":3.0},{"damage":21.0,"enemies":"Snake Plant","floor":22.0,"turns":3.0},{"damage":0.0,"enemies":"Slavers","floor":24.0,"turns":4.0},{"damage":0.0,"enemies":"Centurion and Healer","floor":31.0,"turns":2.0},{"damage":30,"enemies":"Champ","floor":33,"turns":8},{"damage":0,"enemies":"3 Shapes","floor":35,"turns":2},{"damage":0,"enemies":"3 Darklings","floor":38,"turns":3},{"damage":16,"enemies":"Spire Growth","floor":39,"turns":3},{"damage":0,"enemies":"Jaw Worm Horde","floor":45,"turns":2},{"damage":5,"enemies":"Giant Head","floor":46,"turns":6},{"damage":6,"enemies":"2 Orb Walkers","floor":47,"turns":3},{"damage":8,"enemies":"Nemesis","floor":48,"turns":3},{"damage":51,"enemies":"Awakened One","floor":50,"turns":8}],"seed_played":"-2474855674674008754","potions_obtained":[{"floor":1.0,"key":"Weak Potion"},{"floor":16.0,"key":"Strength Potion"},{"floor":20.0,"key":"EssenceOfSteel"},{"floor":21.0,"key":"Fire Potion"},{"floor":22.0,"key":"Energy Potion"},{"floor":33,"key":"GamblersBrew"},{"floor":37,"key":"Fire Potion"},{"floor":46,"key":"FearPotion"},{"floor":47,"key":"FocusPotion"},{"floor":48,"key":"Block Potion"}],"is_trial":false,"path_per_floor":["M","?","$","?","M","R","?","R","T","E","M","$","T","?","R","B",null,"M","M","?","M","M","R","E","R","T","R","?","R","T","M","R","B",null,"M","?","?","M","M","R","$","R","T","$","M","E","?","E","R","B",null],"character_chosen":"DEFECT","items_purchased":["Ball Lightning","Conserve Battery","Symbiotic Virus","Secret Technique"],"campfire_rested":1,"item_purchase_floors":[3,41,41,41],"current_hp_per_floor":[71,56,56,56,56,56,49,49,49,33,33,33,33,33,33,33,82,75,75,46,46,25,25,25,25,25,25,25,25,25,25,49,44,82,82,72,72,72,56,56,56,56,56,56,56,51,45,37,37,11],"gold":150,"neow_bonus":"BOSS_RELIC","is_prod":false,"is_daily":false,"chose_seed":false,"campfire_upgraded":10,"win_rate":0,"timestamp":1557766412,"path_taken":["M","?","$","?","M","R","?","R","T","E","M","$","?","?","R","BOSS","M","M","?","M","M","R","E","R","T","R","?","R","?","M","R","BOSS","M","?","?","?","M","R","$","R","T","$","?","E","?","E","R","BOSS"],"build_version":"2019-05-07","purchased_purges":4,"victory":true,"max_hp_per_floor":[75,75,75,75,75,75,75,75,75,82,82,82,82,82,82,82,82,82,82,82,82,82,82,82,82,82,82,82,82,82,82,82,82,82,82,82,82,82,82,82,82,82,82,82,82,82,82,82,82,82],"card_choices":[{"not_picked":["Stack","Undo"],"picked":"Doom and Gloom","floor":1.0},{"not_picked":["Go for the Eyes","Compile Driver"],"picked":"Redo","floor":5.0},{"not_picked":["Barrage","Chaos"],"picked":"Electrodynamics","floor":10.0},{"not_picked":["Coolheaded","Steam"],"picked":"Ball Lightning","floor":11.0},{"not_picked":["Fission","All For One"],"picked":"Seek","floor":16.0},{"not_picked":[],"picked":"Lockon","floor":18.0},{"not_picked":["Recycle"],"picked":"SKIP","floor":19.0},{"not_picked":[],"picked":"Chill","floor":21.0},{"not_picked":["Barrage"],"picked":"SKIP","floor":22.0},{"not_picked":[],"picked":"Ball Lightning+1","floor":24.0},{"not_picked":[],"picked":"White Noise","floor":31.0},{"not_picked":[],"picked":"Biased Cognition","floor":33},{"not_picked":["Fusion"],"picked":"SKIP","floor":35},{"not_picked":["Hologram"],"picked":"SKIP","floor":38},{"not_picked":[],"picked":"Stack+1","floor":39},{"not_picked":["Sweeping Beam"],"picked":"SKIP","floor":45},{"not_picked":["Sweeping Beam"],"picked":"SKIP","floor":45},{"not_picked":["Heatsinks+1"],"picked":"SKIP","floor":46},{"not_picked":[],"picked":"Redo","floor":48}],"player_experience":3444450,"relics_obtained":[{"floor":0.0,"key":"Anchor"},{"floor":0.0,"key":"Darkstone Periapt"},{"floor":0.0,"key":"Turnip"},{"floor":9.0,"key":"Ancient Tea Set"},{"floor":10.0,"key":"Strawberry"},{"floor":13.0,"key":"Lantern"},{"floor":20.0,"key":"Ice Cream"},{"floor":20.0,"key":"Pantograph"},{"floor":24.0,"key":"MawBank"},{"floor":26.0,"key":"Bronze Scales"},{"floor":30.0,"key":"Nunchaku"},{"floor":43,"key":"Pen Nib"},{"floor":46,"key":"Art of War"},{"floor":47,"key":"Emotion Chip"},{"floor":48,"key":"Question Card"}],"event_choices":[{"damage_healed":0.0,"max_hp_gain":0.0,"max_hp_loss":0.0,"gold_gain":0.0,"event_name":"Shining Light","player_choice":"Entered Light","floor":2.0,"gold_loss":0.0,"damage_taken":15.0,"cards_upgraded":["Strike_B","Defend_B"]},{"damage_healed":0.0,"max_hp_gain":0.0,"max_hp_loss":0.0,"gold_gain":0.0,"event_name":"Liars Game","player_choice":"Ignored","floor":4.0,"gold_loss":0.0,"damage_taken":0.0},{"cards_removed":["Regret"],"damage_healed":0.0,"max_hp_gain":0.0,"max_hp_loss":0.0,"gold_gain":0.0,"event_name":"Golden Wing","player_choice":"Card Removal","floor":7.0,"gold_loss":0.0,"damage_taken":7.0},{"damage_healed":0.0,"max_hp_gain":0.0,"max_hp_loss":0.0,"gold_gain":0.0,"event_name":"Living Wall","player_choice":"Grow","floor":14.0,"gold_loss":0.0,"damage_taken":0.0,"cards_upgraded":["Zap"]},{"damage_healed":0.0,"max_hp_gain":0.0,"max_hp_loss":0.0,"gold_gain":0.0,"event_name":"Colosseum","player_choice":"Fight","floor":20.0,"gold_loss":0.0,"damage_taken":0.0},{"damage_healed":0.0,"max_hp_gain":0.0,"max_hp_loss":0.0,"gold_gain":0.0,"event_name":"Colosseum","player_choice":"Fought Nobs","floor":20.0,"gold_loss":0.0,"damage_taken":0.0},{"damage_healed":0.0,"max_hp_gain":0.0,"max_hp_loss":0.0,"gold_gain":0.0,"event_name":"Ghosts","player_choice":"Ignored","floor":28.0,"gold_loss":0.0,"damage_taken":0.0},{"damage_healed":0,"gold_gain":0,"player_choice":"Memory 3","damage_taken":10,"max_hp_gain":0,"max_hp_loss":0,"event_name":"SensoryStone","floor":36,"gold_loss":0},{"damage_healed":0,"gold_gain":0,"player_choice":"Bought 1 Potion","damage_taken":0,"max_hp_gain":0,"max_hp_loss":0,"event_name":"The Woman in Blue","floor":37,"gold_loss":0},{"damage_healed":0,"gold_gain":0,"player_choice":"Fight","damage_taken":0,"max_hp_gain":0,"max_hp_loss":0,"event_name":"Mysterious Sphere","floor":47,"gold_loss":0}],"is_beta":true,"boss_relics":[{"not_picked":["Runic Dome","Orrery"],"picked":"Busted Crown"},{"not_picked":["Velvet Choker","Tiny House"],"picked":"Runic Pyramid"}],"items_purged_floors":[3,12,41,44],"is_endless":false,"potions_floor_spawned":[1,16,20,21,22,33,46,47,48],"ascension_level":0}