{"gold_per_floor":[110,129,79,99,73,100,100,25,75,89,124,124,142,168,168,268,268,282,300,319,332,332],"floor_reached":22,"playtime":1879,"items_purged":["Strike_G"],"score":281,"play_id":"3e5c6d19-808e-48c1-9e02-4608e1305fdb","local_time":"20190319213346","is_ascension_mode":true,"campfire_choices":[{"floor":7,"key":"REST"},{"floor":12,"key":"REST"},{"floor":15,"key":"REST"}],"neow_cost":"CURSE","seed_source_timestamp":202578204178357,"circlet_count":0,"master_deck":["Defend_G","Defend_G","Defend_G","Defend_G","Defend_G","Strike_G","Strike_G","Strike_G","Strike_G","Survivor","Neutralize","Envenom","Bouncing Flask","Well Laid Plans","Terror","Footwork","Backflip","Blur","Concentrate","Cloak And Dagger","Dodge and Roll","Noxious Fumes","PiercingWail+1","Malaise+1","Blade Dance+1","Footwork","Poisoned Stab+1","Flechettes"],"relics":["Ring of the Snake","Dream Catcher","Bag of Preparation","Lantern","Toxic Egg 2","Sozu"],"potions_floor_usage":[6,11,11],"damage_taken":[{"damage":9,"enemies":"Cultist","floor":1,"turns":6},{"damage":1,"enemies":"2 Louse","floor":2,"turns":2},{"damage":6,"enemies":"Jaw Worm","floor":4,"turns":5},{"damage":34,"enemies":"3 Sentries","floor":6,"turns":10},{"damage":3,"enemies":"Exordium Wildlife","floor":10,"turns":6},{"damage":9,"enemies":"Gremlin Nob","floor":11,"turns":5},{"damage":0,"enemies":"Large Slime","floor":13,"turns":6},{"damage":25,"enemies":"3 Sentries","floor":14,"turns":12},{"damage":5,"enemies":"The Guardian","floor":16,"turns":10},{"damage":13,"enemies":"Spheric Guardian","floor":18,"turns":6},{"damage":2,"enemies":"Chosen","floor":19,"turns":4},{"damage":15,"enemies":"Centurion and Healer","floor":20,"turns":8},{"damage":16,"enemies":"Chosen and Byrds","floor":21,"turns":7},{"damage":18,"enemies":"Cultist and Chosen","floor":22,"turns":6}],"seed_played":"-9101599558650329504","potions_obtained":[{"floor":1,"key":"Poison Potion"},{"floor":6,"key":"Block Potion"},{"floor":10,"key":"Poison Potion"},{"floor":11,"key":"SteroidPotion"}],"is_trial":false,"path_per_floor":["M","M","?","M","?","E","R","$","T","M","E","R","M","E","R","B",null,"M","M","M","M","M"],"character_chosen":"THE_SILENT","items_purchased":[],"campfire_rested":3,"item_purchase_floors":[],"current_hp_per_floor":[54,53,53,47,47,13,34,34,34,31,22,43,43,18,39,34,61,48,46,31,15,0],"gold":332,"neow_bonus":"THREE_RARE_CARDS","is_prod":false,"is_daily":false,"chose_seed":false,"campfire_upgraded":0,"win_rate":0,"timestamp":1553027626,"path_taken":["M","M","?","M","?","E","R","?","T","M","E","R","?","E","R","BOSS","M","M","M","M","M"],"build_version":"2019-03-15","purchased_purges":1,"victory":false,"max_hp_per_floor":[70,70,70,70,70,70,70,70,70,70,70,70,70,70,70,70,70,70,70,70,70,70],"card_choices":[{"not_picked":["Doppelganger","Tools of the Trade"],"picked":"Envenom","floor":0},{"not_picked":["Quick Slash","Blade Dance"],"picked":"Bouncing Flask","floor":1},{"not_picked":["Dagger Spray","Outmaneuver"],"picked":"Well Laid Plans","floor":2},{"not_picked":["Bane","Masterful Stab"],"picked":"Terror","floor":4},{"not_picked":["Catalyst","Heel Hook"],"picked":"Footwork","floor":6},{"not_picked":["Quick Slash","Expertise"],"picked":"Backflip","floor":7},{"not_picked":["Deflect","Tactician"],"picked":"Blur","floor":10},{"not_picked":["Reflex","Terror"],"picked":"Concentrate","floor":11},{"not_picked":["Quick Slash","Flying Knee"],"picked":"Cloak And Dagger","floor":12},{"not_picked":["Deflect","Predator"],"picked":"Dodge and Roll","floor":13},{"not_picked":["Backstab","Heel Hook"],"picked":"Noxious Fumes","floor":14},{"not_picked":["Doppelganger+1","Slice"],"picked":"PiercingWail+1","floor":15},{"not_picked":["Venomology+1","Phantasmal Killer+1"],"picked":"Malaise+1","floor":16},{"not_picked":["Deflect+1","PiercingWail+1"],"picked":"Blade Dance+1","floor":18},{"not_picked":["Riddle With Holes+1","Accuracy"],"picked":"Footwork","floor":19},{"not_picked":["Outmaneuver+1","Backstab+1"],"picked":"Poisoned Stab+1","floor":20},{"not_picked":["Terror+1","Accuracy"],"picked":"Flechettes","floor":21}],"player_experience":336494,"relics_obtained":[{"floor":6,"key":"Dream Catcher"},{"floor":9,"key":"Bag of Preparation"},{"floor":11,"key":"Lantern"},{"floor":14,"key":"Toxic Egg 2"}],"event_choices":[{"cards_removed":["Shame"],"damage_healed":0,"gold_gain":0,"player_choice":"Card Removal","damage_taken":0,"max_hp_gain":0,"max_hp_loss":0,"event_name":"The Cleric","floor":3,"gold_loss":50},{"damage_healed":0,"gold_gain":0,"player_choice":"Left Gold","damage_taken":0,"max_hp_gain":0,"max_hp_loss":0,"event_name":"World of Goop","floor":5,"gold_loss":26}],"is_beta":true,"boss_relics":[{"not_picked":["Black Star","Cursed Key"],"picked":"Sozu"}],"items_purged_floors":[8],"is_endless":false,"potions_floor_spawned":[1,6,10,11,19,20],"killed_by":"Cultist and Chosen","ascension_level":7}