{"gold_per_floor":[111,111,129,54,66,80,41,41,68,88,88,118,118,133,133,235,235,247,230,249,249,249],"floor_reached":22,"playtime":2002,"items_purged":["Pain"],"score":188,"play_id":"3ee11355-d5d5-46ef-9473-0b6a250b3af9","local_time":"20190807190635","is_ascension_mode":false,"campfire_choices":[{"floor":11,"key":"RECALL"},{"floor":13,"key":"REST"},{"floor":15,"key":"REST"}],"neow_cost":"CURSE","seed_source_timestamp":1414591349773600,"circlet_count":0,"master_deck":["Strike_B","Strike_B","Strike_B","Strike_B","Defend_B","Defend_B","Defend_B","Defend_B","Zap","Dualcast","Pain","Conserve Battery","Rebound","Gash","Cold Snap","Capacitor","Amplify","Tempest","Coolheaded","Machine Learning","Barrage+1","Coolheaded","Conserve Battery"],"relics":["Cracked Core","Turnip","WarpedTongs","Bag of Preparation","Velvet Choker","MutagenicStrength"],"potions_floor_usage":[12],"damage_taken":[{"damage":6,"enemies":"Cultist","floor":1,"turns":3},{"damage":7,"enemies":"Small Slimes","floor":3,"turns":3},{"damage":4,"enemies":"Jaw Worm","floor":5,"turns":5},{"damage":3,"enemies":"2 Fungi Beasts","floor":6,"turns":3},{"damage":13,"enemies":"Gremlin Gang","floor":10,"turns":7},{"damage":36,"enemies":"3 Sentries","floor":12,"turns":10},{"damage":13,"enemies":"Blue Slaver","floor":14,"turns":4},{"damage":11,"enemies":"Slime Boss","floor":16,"turns":10},{"damage":22,"enemies":"3 Byrds","floor":18,"turns":7},{"damage":19,"enemies":"2 Thieves","floor":19,"turns":4},{"damage":11,"enemies":"Snecko","floor":20,"turns":5},{"damage":27,"enemies":"Shelled Parasite and Fungi","floor":22,"turns":2}],"seed_played":"5436905797531818805","potions_obtained":[{"floor":5,"key":"PowerPotion"},{"floor":6,"key":"SkillPotion"},{"floor":18,"key":"Fire Potion"}],"is_trial":false,"path_per_floor":["M","?","M","$","M","M","$","?","T","M","R","E","R","M","R","B",null,"M","M","M","?","M"],"character_chosen":"DEFECT","items_purchased":["Capacitor"],"campfire_rested":2,"item_purchase_floors":[7],"current_hp_per_floor":[69,69,62,62,58,55,55,55,55,42,42,6,28,15,37,26,75,53,34,23,23,0],"gold":249,"neow_bonus":"ONE_RARE_RELIC","is_prod":false,"is_daily":false,"chose_seed":false,"campfire_upgraded":0,"win_rate":0,"timestamp":1565193995,"path_taken":["M","?","M","$","?","M","$","?","T","M","R","E","R","M","R","BOSS","M","M","M","?","M"],"build_version":"2019-07-17","purchased_purges":1,"victory":false,"max_hp_per_floor":[75,75,75,75,75,75,75,75,75,75,75,75,75,75,75,75,75,75,75,75,75,75],"card_choices":[{"not_picked":["Recycle","Double Energy"],"picked":"Conserve Battery","floor":1},{"not_picked":["Barrage","Doom and Gloom"],"picked":"Rebound","floor":3},{"not_picked":["BootSequence","Conserve Battery"],"picked":"Gash","floor":5},{"not_picked":["Reprogram","Sweeping Beam"],"picked":"Cold Snap","floor":6},{"not_picked":["Barrage","Streamline"],"picked":"Amplify","floor":10},{"not_picked":["Go for the Eyes","Steam Power"],"picked":"Tempest","floor":12},{"not_picked":["Redo","Reinforced Body"],"picked":"Coolheaded","floor":14},{"not_picked":["Reboot","Hyperbeam"],"picked":"Machine Learning","floor":16},{"not_picked":["Hologram+1","Consume"],"picked":"Barrage+1","floor":18},{"not_picked":["Chill","Ball Lightning"],"picked":"Coolheaded","floor":19},{"not_picked":["Hologram","Leap"],"picked":"Conserve Battery","floor":20}],"player_experience":61351,"relics_obtained":[{"floor":12,"key":"Bag of Preparation"}],"event_choices":[{"damage_healed":0,"gold_gain":0,"player_choice":"Rummage","damage_taken":0,"relics_obtained":["WarpedTongs"],"max_hp_gain":0,"max_hp_loss":0,"event_name":"Accursed Blacksmith","floor":2,"gold_loss":0,"cards_obtained":["Pain"]},{"damage_healed":0,"gold_gain":0,"player_choice":"Ignored","damage_taken":0,"max_hp_gain":0,"max_hp_loss":0,"event_name":"Golden Idol","floor":8,"gold_loss":0},{"damage_healed":0,"gold_gain":0,"player_choice":"Inject Mutagens","damage_taken":0,"relics_obtained":["MutagenicStrength"],"max_hp_gain":0,"max_hp_loss":0,"event_name":"Drug Dealer","floor":21,"gold_loss":0}],"is_beta":false,"boss_relics":[{"not_picked":["Sozu","Astrolabe"],"picked":"Velvet Choker"}],"items_purged_floors":[4],"is_endless":false,"potions_floor_spawned":[5,6,18],"killed_by":"Shelled Parasite and Fungi","ascension_level":0}