{"gold_per_floor":[115,125,50,50,50,76,89,104,104,69,69,69,83,93,93,194,194,206,206,305,324,324,358,358,373,398,398,398,430,18,18,18,121,121,131,145,145,161,161,192,192,218,218,218,0,0,0,30,30,30],"floor_reached":51,"playtime":5231,"items_purged":["Strike_G","Regret"],"score":1021,"play_id":"9372bc79-b477-48d8-b9b6-bdd598b8a78e","local_time":"20181113165146","is_ascension_mode":true,"campfire_choices":[{"data":"Catalyst","floor":15.0,"key":"SMITH"},{"data":"After Image","floor":24.0,"key":"SMITH"},{"data":"Adrenaline","floor":27,"key":"SMITH"},{"data":"Ghostly","floor":32,"key":"SMITH"},{"data":"Ghostly","floor":41,"key":"SMITH"},{"floor":44,"key":"REST"},{"data":"Thinking Ahead","floor":47,"key":"SMITH"},{"data":"Skewer","floor":49,"key":"SMITH"}],"neow_cost":"TEN_PERCENT_HP_LOSS","seed_source_timestamp":0,"circlet_count":0,"master_deck":["Defend_G","Defend_G","Defend_G+1","Defend_G","Defend_G","Strike_G","Strike_G","Survivor","Neutralize","Corpse Explosion","Dagger Throw","Tools of the Trade","Underhanded Strike","Catalyst+1","Crippling Poison","Acrobatics","Adrenaline+1","After Image+1","Backflip","Ghostly","Ghostly+1","Ghostly","Ghostly+1","Ghostly+1","Escape Plan","Endless Agony","Well Laid Plans","Skewer+1","Wraith Form v2","Escape Plan","Flash of Steel","Thinking Ahead+1","Discovery","Predator+1","Deadly Poison","Eviscerate+1","Madness","Madness","Flying Knee+1"],"special_seed":0,"relics":["Ring of the Snake","Ice Cream","Calipers","Incense Burner","Sozu","Regal Pillow","War Paint","Gambling Chip","Oddly Smooth Stone","Tingsha","Paper Crane","Empty Cage","Molten Egg 2","Orichalcum","Boot","Red Mask","Strawberry"],"potions_floor_usage":[],"damage_taken":[{"damage":0.0,"enemies":"Small Slimes","floor":1.0,"turns":3.0},{"damage":3.0,"enemies":"Jaw Worm","floor":2.0,"turns":6.0},{"damage":35.0,"enemies":"Lagavulin","floor":6.0,"turns":7.0},{"damage":3.0,"enemies":"2 Louse","floor":7.0,"turns":4.0},{"damage":5.0,"enemies":"Blue Slaver","floor":8.0,"turns":4.0},{"damage":5.0,"enemies":"Large Slime","floor":13.0,"turns":5.0},{"damage":0.0,"enemies":"2 Fungi Beasts","floor":14.0,"turns":2.0},{"damage":15.0,"enemies":"Slime Boss","floor":16.0,"turns":13.0},{"damage":0.0,"enemies":"3 Byrds","floor":18.0,"turns":2.0},{"damage":1.0,"enemies":"Chosen","floor":21.0,"turns":6.0},{"damage":1.0,"enemies":"Slavers","floor":23.0,"turns":3.0},{"damage":1.0,"enemies":"Shelled Parasite and Fungi","floor":25.0,"turns":6.0},{"damage":0,"enemies":"Gremlin Leader","floor":29,"turns":8},{"damage":0,"enemies":"Collector","floor":33,"turns":10},{"damage":0,"enemies":"Orb Walker","floor":35,"turns":5},{"damage":0,"enemies":"3 Darklings","floor":36,"turns":3},{"damage":0,"enemies":"Spire Growth","floor":38,"turns":5},{"damage":4,"enemies":"Nemesis","floor":40,"turns":9},{"damage":6,"enemies":"Reptomancer","floor":42,"turns":5},{"damage":0,"enemies":"Nemesis","floor":48,"turns":5},{"damage":15,"enemies":"Awakened One","floor":50,"turns":16}],"seed_played":"1587838945005143947","potions_obtained":[{"floor":6.0,"key":"Swift Potion"},{"floor":14.0,"key":"Block Potion"},{"floor":16.0,"key":"Block Potion"}],"is_trial":false,"path_per_floor":["M","M","$","?","?","E","M","M","T","?","$","$","M","M","R","B",null,"M","?","?","M","?","E","R","M","T","R","?","E","$","?","R","B",null,"M","M","?","M","?","E","R","E","T","R","?","?","R","E","R","B",null],"character_chosen":"THE_SILENT","items_purchased":["Tingsha"],"campfire_rested":1,"item_purchase_floors":[30],"current_hp_per_floor":[63,60,60,60,53,18,15,10,10,25,25,25,20,20,20,5,63,63,31,31,30,30,29,29,28,28,28,28,28,28,28,28,28,31,31,31,21,21,21,17,17,11,11,31,31,27,27,34,34,19],"gold":30,"neow_bonus":"THREE_RARE_CARDS","is_prod":false,"is_daily":false,"chose_seed":false,"campfire_upgraded":7,"win_rate":0,"timestamp":1542145906,"path_taken":["M","M","$","?","?","E","M","M","T","?","?","$","M","M","R","BOSS","M","?","?","M","?","E","R","?","T","R","?","E","$","?","R","BOSS","M","M","?","M","?","E","R","E","T","R","?","?","R","E","R","BOSS"],"build_version":"2018-11-08","purchased_purges":2,"victory":true,"max_hp_per_floor":[63,63,63,63,63,63,63,63,63,63,63,63,63,63,63,63,63,63,31,31,31,31,31,31,31,31,31,31,31,31,31,31,31,31,31,31,31,31,31,31,31,31,31,31,31,31,31,38,38,38],"card_choices":[{"not_picked":["Malaise","Envenom"],"picked":"Corpse Explosion","floor":0.0},{"not_picked":["Finisher","Quick Slash"],"picked":"Dagger Throw","floor":1.0},{"not_picked":["All Out Attack","Dodge and Roll"],"picked":"Tools of the Trade","floor":2.0},{"not_picked":["Cloak And Dagger","Choke"],"picked":"Underhanded Strike","floor":6.0},{"not_picked":["Endless Agony","Accuracy"],"picked":"Catalyst","floor":7.0},{"not_picked":["Predator","Blade Dance"],"picked":"Crippling Poison","floor":8.0},{"not_picked":["Slice","Bane"],"picked":"Acrobatics","floor":13.0},{"not_picked":["Flying Knee","Reflex"],"picked":"Adrenaline","floor":14.0},{"not_picked":["Storm of Steel","Venomology"],"picked":"After Image","floor":16.0},{"not_picked":["Underhanded Strike","Cloak And Dagger"],"picked":"Backflip","floor":18.0},{"not_picked":["Endless Agony","Dagger Throw"],"picked":"Escape Plan","floor":21.0},{"not_picked":["Sucker Punch","Slice+1","Deflect+1"],"picked":"SKIP","floor":23.0},{"not_picked":["Finisher","Acrobatics"],"picked":"Well Laid Plans","floor":25.0},{"not_picked":["Caltrops","Acrobatics+1"],"picked":"Skewer","floor":29},{"not_picked":["Malaise","Tools of the Trade"],"picked":"Wraith Form v2","floor":33},{"not_picked":["Crippling Poison+1","Quick Slash"],"picked":"Escape Plan","floor":35},{"not_picked":["Slice+1","Concentrate"],"picked":"Eviscerate+1","floor":36},{"not_picked":["HandOfGreed","Swift Strike"],"picked":"Flash of Steel","floor":37},{"not_picked":["Secret Technique","Blind"],"picked":"Thinking Ahead","floor":37},{"not_picked":["PanicButton","Good Instincts"],"picked":"Discovery","floor":37},{"not_picked":["Quick Slash+1","Deflect+1"],"picked":"Predator+1","floor":38},{"not_picked":["Dagger Throw","Caltrops+1"],"picked":"Deadly Poison","floor":40},{"not_picked":["Backflip+1","Dagger Throw+1"],"picked":"Eviscerate+1","floor":42},{"not_picked":["Caltrops+1","Footwork+1"],"picked":"Flying Knee+1","floor":48}],"player_experience":110678,"relics_obtained":[{"floor":6.0,"key":"Calipers"},{"floor":9.0,"key":"Incense Burner"},{"floor":23.0,"key":"Regal Pillow"},{"floor":26,"key":"War Paint"},{"floor":29,"key":"Oddly Smooth Stone"},{"floor":40,"key":"Molten Egg 2"},{"floor":42,"key":"Orichalcum"},{"floor":43,"key":"Boot"},{"floor":48,"key":"Strawberry"}],"event_choices":[{"damage_healed":0.0,"max_hp_gain":0.0,"max_hp_loss":0.0,"gold_gain":0.0,"event_name":"Big Fish","player_choice":"Box","floor":4.0,"gold_loss":0.0,"damage_taken":0.0,"relics_obtained":["Ice Cream"],"cards_obtained":["Regret"]},{"cards_removed":["Strike_G"],"damage_healed":0.0,"max_hp_gain":0.0,"max_hp_loss":0.0,"gold_gain":0.0,"event_name":"Golden Wing","player_choice":"Card Removal","floor":5.0,"gold_loss":0.0,"damage_taken":7.0},{"damage_healed":15.0,"max_hp_gain":0.0,"max_hp_loss":0.0,"gold_gain":0.0,"event_name":"The Cleric","player_choice":"Healed","floor":10.0,"gold_loss":35.0,"damage_taken":0.0},{"damage_healed":0.0,"max_hp_gain":0.0,"max_hp_loss":32.0,"gold_gain":0.0,"event_name":"Ghosts","player_choice":"Became a Ghost","floor":19.0,"gold_loss":0.0,"damage_taken":0.0,"cards_obtained":["Ghostly","Ghostly","Ghostly","Ghostly","Ghostly"]},{"damage_healed":0.0,"max_hp_gain":0.0,"max_hp_loss":0.0,"gold_gain":99.0,"event_name":"Nest","player_choice":"Stole From Cult","floor":20.0,"gold_loss":0.0,"damage_taken":0.0},{"damage_healed":0.0,"max_hp_gain":0.0,"max_hp_loss":0.0,"gold_gain":0.0,"cards_transformed":["Strike_G"],"event_name":"Transmorgrifier","player_choice":"Transformed","floor":22.0,"gold_loss":0.0,"damage_taken":0.0,"cards_obtained":["Endless Agony"]},{"damage_healed":0,"gold_gain":0,"player_choice":"Opened","damage_taken":0,"relics_obtained":["Gambling Chip"],"max_hp_gain":0,"max_hp_loss":0,"event_name":"The Mausoleum","floor":28,"gold_loss":0,"cards_obtained":["Writhe"]},{"damage_healed":0,"gold_gain":0,"player_choice":"Stole Relic","damage_taken":0,"relics_obtained":["Paper Crane"],"max_hp_gain":0,"max_hp_loss":0,"event_name":"Addict","floor":31,"gold_loss":0,"cards_obtained":["Shame"]},{"damage_healed":0,"gold_gain":0,"player_choice":"Memory 3","damage_taken":10,"max_hp_gain":0,"max_hp_loss":0,"event_name":"SensoryStone","floor":37,"gold_loss":0},{"cards_removed":["Eviscerate"],"damage_healed":0,"gold_gain":0,"player_choice":"Removed Attack","damage_taken":0,"max_hp_gain":0,"max_hp_loss":0,"event_name":"Falling","floor":39,"gold_loss":0},{"damage_healed":0,"gold_gain":0,"player_choice":"Paid","damage_taken":0,"relics_obtained":["Red Mask"],"max_hp_gain":0,"max_hp_loss":0,"event_name":"Tomb of Lord Red Mask","floor":45,"gold_loss":218},{"damage_healed":0,"gold_gain":0,"player_choice":"Embrace Madness","damage_taken":4,"max_hp_gain":0,"max_hp_loss":0,"event_name":"Winding Halls","floor":46,"gold_loss":0,"cards_obtained":["Madness","Madness"]}],"is_beta":false,"boss_relics":[{"not_picked":["Black Star","Philosopher\u0027s Stone"],"picked":"Sozu"},{"not_picked":["Snecko Eye","Runic Dome"],"picked":"Empty Cage"}],"items_purged_floors":[3,30],"is_endless":false,"potions_floor_spawned":[6,14,16,18,23,29,33,38,48],"ascension_level":3}