{"gold_per_floor":[112,57,76,76,90,123,123,158,158,171,205,225,225,172,172,172],"floor_reached":16,"playtime":672,"items_purged":[],"score":290,"play_id":"cd2313b6-2038-49f0-9b71-8be551558b8b","local_time":"20181113233846","is_ascension_mode":true,"campfire_choices":[{"data":"Whirlwind","floor":7,"key":"SMITH"},{"floor":15,"key":"REST"}],"neow_cost":"NONE","seed_source_timestamp":4656639913863333,"circlet_count":0,"master_deck":["AscendersBane","Strike_R","Strike_R","Strike_R+1","Strike_R+1","Defend_R","Defend_R","Defend_R","Defend_R","Bash","Offering","Whirlwind+1","Combust","Iron Wave","Limit Break","Uppercut","Disarm","Warcry","True Grit"],"relics":["Burning Blood","Ice Cream","Question Card","Magic Flower","Unceasing Top","Champion Belt"],"potions_floor_usage":[6,16,16,16],"damage_taken":[{"damage":7,"enemies":"2 Louse","floor":1,"turns":3},{"damage":1,"enemies":"Cultist","floor":3,"turns":3},{"damage":8,"enemies":"Jaw Worm","floor":5,"turns":3},{"damage":16,"enemies":"Gremlin Nob","floor":6,"turns":3},{"damage":8,"enemies":"Lagavulin","floor":8,"turns":4},{"damage":16,"enemies":"Looter","floor":10,"turns":3},{"damage":16,"enemies":"3 Sentries","floor":11,"turns":3},{"damage":22,"enemies":"Exordium Thugs","floor":12,"turns":3},{"damage":30,"enemies":"Hexaghost","floor":16,"turns":10}],"seed_played":"-944325095193445992","potions_obtained":[{"floor":1,"key":"SkillPotion"},{"floor":5,"key":"SteroidPotion"},{"floor":6,"key":"Block Potion"},{"floor":12,"key":"EntropicBrew"}],"is_trial":false,"path_per_floor":["M","$","M","?","M","E","R","E","T","M","E","M","?","$","R","B"],"character_chosen":"IRONCLAD","items_purchased":["Explosive Potion","True Grit"],"campfire_rested":1,"item_purchase_floors":[2,14],"current_hp_per_floor":[67,67,72,72,70,60,60,58,58,51,44,31,8,8,30,0],"gold":172,"neow_bonus":"TRANSFORM_CARD","is_prod":false,"is_daily":false,"chose_seed":false,"campfire_upgraded":1,"win_rate":0,"timestamp":1542181126,"path_taken":["M","$","M","?","M","E","R","E","T","?","E","M","?","$","R","BOSS"],"build_version":"2018-11-13","purchased_purges":0,"victory":false,"max_hp_per_floor":[75,75,75,75,75,75,75,75,75,75,75,75,75,75,75,75],"card_choices":[{"not_picked":["Cleave","Pommel Strike"],"picked":"Whirlwind","floor":1},{"not_picked":["Bloodletting","Havoc"],"picked":"Combust","floor":3},{"not_picked":["Entrench","Dropkick"],"picked":"Iron Wave","floor":5},{"not_picked":["Disarm","Headbutt"],"picked":"Limit Break","floor":6},{"not_picked":["Iron Wave","Seeing Red","Bloodletting"],"picked":"Uppercut","floor":8},{"not_picked":["Pummel","Havoc","Blood for Blood"],"picked":"Disarm","floor":10},{"not_picked":["Havoc","Bludgeon","Fire Breathing"],"picked":"Warcry","floor":11},{"not_picked":["Anger","Wild Strike","Sword Boomerang","Thunderclap"],"picked":"SKIP","floor":12}],"player_experience":1083773,"relics_obtained":[{"floor":4,"key":"Ice Cream"},{"floor":6,"key":"Question Card"},{"floor":8,"key":"Magic Flower"},{"floor":9,"key":"Unceasing Top"},{"floor":11,"key":"Champion Belt"}],"event_choices":[{"damage_healed":0,"gold_gain":0,"player_choice":"Relic","damage_taken":0,"max_hp_gain":0,"max_hp_loss":0,"event_name":"Wheel of Change","floor":4,"gold_loss":0},{"damage_healed":0,"gold_gain":0,"player_choice":"Entered Light","damage_taken":23,"max_hp_gain":0,"max_hp_loss":0,"event_name":"Shining Light","floor":13,"gold_loss":0,"cards_upgraded":["Strike_R","Strike_R"]}],"is_beta":true,"boss_relics":[],"items_purged_floors":[],"is_endless":false,"potions_floor_spawned":[1,5,6,8,12],"killed_by":"Hexaghost","ascension_level":20}