{"gold_per_floor":[114,132,146,296,296,323,323,340,340,371,384,384,15,15,15,87,87,87,13,13,13,13,13,13,13,13,13,13,13,13,13,13,13,13,13,13,13,13,13,13,13,13,13,13,13,13,13,13,13,13],"floor_reached":51,"playtime":4332,"items_purged":[],"score":1391,"play_id":"04b5e4e3-b0c9-469c-a571-9f8c628a8f87","local_time":"20190312214701","is_ascension_mode":true,"campfire_choices":[{"floor":7,"key":"REST"},{"floor":12,"key":"REST"},{"data":"Corruption","floor":15,"key":"SMITH"},{"data":"Dark Embrace","floor":23,"key":"SMITH"},{"floor":28,"key":"REST"},{"floor":32,"key":"REST"},{"floor":40,"key":"REST"},{"data":"1","floor":45,"key":"LIFT"},{"data":"2","floor":49,"key":"LIFT"}],"neow_cost":"NONE","seed_source_timestamp":236300801584870,"circlet_count":0,"master_deck":["AscendersBane","Strike_R","Strike_R","Strike_R","Strike_R+1","Defend_R","Defend_R+1","Defend_R","Defend_R","Bash","Battle Trance","Ghostly Armor","Doubt","Bludgeon","Seeing Red","True Grit","Corruption+1","Limit Break","Uppercut","Shrug It Off","Dark Embrace+1","Spot Weakness","Corruption","Entrench","Disarm+1","Offering+1","Ghostly Armor+1","Flame Barrier+1","Second Wind+1","Armaments+1","Body Slam"],"relics":["Burning Blood","NeowsBlessing","Gremlin Horn","Ginger","Dead Branch","Shuriken","Ectoplasm","Matryoshka","Art of War","Centennial Puzzle","Girya","Vajra","Toxic Egg 2","Mark of Pain","Bird Faced Urn","Ice Cream","Omamori","Strawberry","Question Card"],"potions_floor_usage":[6,6,16,18,20,31,33,41,41],"damage_taken":[{"damage":0,"enemies":"Cultist","floor":1,"turns":1},{"damage":0,"enemies":"Small Slimes","floor":2,"turns":1},{"damage":0,"enemies":"Jaw Worm","floor":3,"turns":1},{"damage":39,"enemies":"3 Sentries","floor":6,"turns":13},{"damage":11,"enemies":"Blue Slaver","floor":8,"turns":3},{"damage":22,"enemies":"Lagavulin","floor":10,"turns":7},{"damage":3,"enemies":"3 Louse","floor":11,"turns":3},{"damage":15,"enemies":"Slime Boss","floor":16,"turns":8},{"damage":1,"enemies":"Chosen","floor":18,"turns":3},{"damage":6,"enemies":"2 Thieves","floor":20,"turns":1},{"damage":21,"enemies":"Shelled Parasite and Fungi","floor":21,"turns":4},{"damage":3,"enemies":"Cultist and Chosen","floor":22,"turns":5},{"damage":30,"enemies":"Slavers","floor":24,"turns":5},{"damage":24,"enemies":"Book of Stabbing","floor":27,"turns":4},{"damage":8,"enemies":"Centurion and Healer","floor":29,"turns":3},{"damage":22,"enemies":"Slavers","floor":30,"turns":2},{"damage":0,"enemies":"3 Cultists","floor":31,"turns":1},{"damage":8,"enemies":"Champ","floor":33,"turns":5},{"damage":0,"enemies":"Orb Walker","floor":35,"turns":3},{"damage":68,"enemies":"3 Shapes","floor":37,"turns":4},{"damage":6,"enemies":"Mind Bloom Boss Battle","floor":39,"turns":4},{"damage":8,"enemies":"Reptomancer","floor":41,"turns":3},{"damage":0,"enemies":"Nemesis","floor":44,"turns":5},{"damage":0,"enemies":"Maw","floor":48,"turns":4},{"damage":46,"enemies":"Time Eater","floor":50,"turns":5}],"seed_played":"-5654703355083289480","potions_obtained":[{"floor":1,"key":"LiquidBronze"},{"floor":3,"key":"EssenceOfSteel"},{"floor":11,"key":"EssenceOfSteel"},{"floor":16,"key":"Weak Potion"},{"floor":18,"key":"SkillPotion"},{"floor":29,"key":"SpeedPotion"},{"floor":30,"key":"SmokeBomb"},{"floor":37,"key":"Ancient Potion"},{"floor":39,"key":"Explosive Potion"},{"floor":44,"key":"FairyPotion"}],"is_trial":false,"path_per_floor":["M","M","M","?","?","E","R","M","T","E","M","R","$","?","R","B",null,"M","?","M","M","M","R","E","$","T","E","R","M","E","M","R","B",null,"M","$","M","?","?","R","E","$","T","E","R","$","?","M","R","B",null],"character_chosen":"IRONCLAD","items_purchased":["Corruption","Shuriken"],"campfire_rested":5,"item_purchase_floors":[13,13],"current_hp_per_floor":[74,75,75,75,52,19,41,36,36,20,23,45,45,45,45,36,65,70,70,70,55,58,58,34,34,34,16,38,36,20,26,48,46,68,74,74,12,12,12,34,40,40,47,65,65,65,65,82,82,44],"gold":13,"neow_bonus":"THREE_ENEMY_KILL","is_prod":false,"is_daily":false,"chose_seed":false,"campfire_upgraded":2,"win_rate":0,"timestamp":1552423621,"path_taken":["M","M","?","?","?","E","R","M","T","E","M","R","$","?","R","BOSS","M","?","?","M","M","R","E","?","T","E","R","M","E","M","R","BOSS","M","$","M","?","?","R","E","$","T","E","R","?","?","M","R","BOSS"],"build_version":"2019-02-06","purchased_purges":0,"victory":true,"max_hp_per_floor":[75,75,75,75,75,75,75,75,75,75,75,75,75,75,75,75,75,75,75,75,75,75,75,75,75,75,75,75,75,75,75,75,75,75,75,75,75,75,75,75,75,75,82,82,82,82,82,82,82,82],"card_choices":[{"not_picked":["Searing Blow","Perfected Strike","Clash"],"picked":"SKIP","floor":1},{"not_picked":["Armaments","Iron Wave"],"picked":"Battle Trance","floor":2},{"not_picked":["Twin Strike","Heavy Blade"],"picked":"Ghostly Armor","floor":3},{"not_picked":["Fire Breathing","Corruption"],"picked":"Bludgeon","floor":6},{"not_picked":["Ghostly Armor","Twin Strike","Flex"],"picked":"SKIP","floor":8},{"not_picked":["Armaments","Sword Boomerang"],"picked":"Seeing Red","floor":10},{"not_picked":["Clothesline","Anger"],"picked":"True Grit","floor":11},{"not_picked":["Berserk","Feed"],"picked":"Limit Break","floor":16},{"not_picked":["Perfected Strike","Thunderclap"],"picked":"Uppercut","floor":18},{"not_picked":["Cleave","Entrench"],"picked":"Shrug It Off","floor":20},{"not_picked":["Rampage","Dual Wield"],"picked":"Dark Embrace","floor":21},{"not_picked":["Combust","Ghostly Armor","Iron Wave+1"],"picked":"SKIP","floor":22},{"not_picked":["Heavy Blade","Havoc+1"],"picked":"Spot Weakness","floor":24},{"not_picked":["Shrug It Off","Warcry+1"],"picked":"Corruption","floor":27},{"not_picked":["Hemokinesis","Clash"],"picked":"Entrench","floor":29},{"not_picked":["Clothesline","Second Wind"],"picked":"Disarm","floor":30},{"not_picked":["Bludgeon","Double Tap+1"],"picked":"Offering+1","floor":33},{"not_picked":["Clash","Cleave"],"picked":"Ghostly Armor+1","floor":35},{"not_picked":["Iron Wave","Sever Soul"],"picked":"Flame Barrier+1","floor":37},{"not_picked":["Clothesline+1","Feel No Pain"],"picked":"Second Wind+1","floor":41},{"not_picked":["Wild Strike","Carnage"],"picked":"Armaments+1","floor":44},{"not_picked":["Anger+1","Feed","Clash"],"picked":"Body Slam","floor":48}],"player_experience":218787,"relics_obtained":[{"floor":6,"key":"Gremlin Horn"},{"floor":9,"key":"Ginger"},{"floor":10,"key":"Dead Branch"},{"floor":24,"key":"Art of War"},{"floor":26,"key":"Centennial Puzzle"},{"floor":26,"key":"Girya"},{"floor":27,"key":"Vajra"},{"floor":30,"key":"Toxic Egg 2"},{"floor":39,"key":"Bird Faced Urn"},{"floor":41,"key":"Ice Cream"},{"floor":43,"key":"Omamori"},{"floor":43,"key":"Strawberry"},{"floor":44,"key":"Question Card"}],"event_choices":[{"damage_healed":0,"gold_gain":150,"player_choice":"AGREE","damage_taken":0,"max_hp_gain":0,"max_hp_loss":0,"event_name":"Liars Game","floor":4,"gold_loss":0,"cards_obtained":["Doubt"]},{"damage_healed":0,"gold_gain":0,"player_choice":"Entered Light","damage_taken":23,"max_hp_gain":0,"max_hp_loss":0,"event_name":"Shining Light","floor":5,"gold_loss":0,"cards_upgraded":["Strike_R","Defend_R"]},{"damage_healed":0,"gold_gain":0,"player_choice":"Searched \u00270\u0027 times","damage_taken":0,"max_hp_gain":0,"max_hp_loss":0,"event_name":"Dead Adventurer","floor":14,"gold_loss":0},{"damage_healed":0,"gold_gain":0,"player_choice":"Paid Gold","damage_taken":0,"relics_obtained":["Matryoshka"],"max_hp_gain":0,"max_hp_loss":0,"event_name":"WeMeetAgain","floor":19,"gold_loss":74},{"damage_healed":0,"gold_gain":0,"player_choice":"Ignored","damage_taken":0,"max_hp_gain":0,"max_hp_loss":0,"event_name":"Mysterious Sphere","floor":38,"gold_loss":0},{"damage_healed":0,"gold_gain":0,"player_choice":"Fight","damage_taken":0,"max_hp_gain":0,"max_hp_loss":0,"event_name":"MindBloom","floor":39,"gold_loss":0},{"cards_removed":["Strike_R"],"damage_healed":0,"gold_gain":0,"player_choice":"Removed Attack","damage_taken":0,"max_hp_gain":0,"max_hp_loss":0,"event_name":"Falling","floor":47,"gold_loss":0}],"is_beta":true,"boss_relics":[{"not_picked":["Cursed Key","White Beast Statue"],"picked":"Ectoplasm"},{"not_picked":["Runic Cube","Runic Pyramid"],"picked":"Mark of Pain"}],"items_purged_floors":[],"is_endless":false,"potions_floor_spawned":[1,3,11,16,18,29,30,31,37,39,44],"ascension_level":16}