{"gold_per_floor":[119,131,148,160,130,130,159,159,159,174,194,212,242,259,259,259],"floor_reached":16,"playtime":1016,"items_purged":[],"score":170,"play_id":"148d560a-ecb6-4876-959a-14bfbd046d23","local_time":"20190311150251","is_ascension_mode":true,"campfire_choices":[{"data":"Bash","floor":6,"key":"SMITH"},{"floor":8,"key":"REST"},{"data":"Perfected Strike","floor":15,"key":"SMITH"}],"neow_cost":"NONE","seed_source_timestamp":128973453581366,"circlet_count":0,"master_deck":["AscendersBane","Strike_R","Strike_R","Strike_R","Strike_R","Strike_R","Defend_R","Defend_R","Defend_R","Defend_R","Bash+1","Limit Break","Shrug It Off","Shrug It Off","Wild Strike","Body Slam","Perfected Strike+1","Second Wind","Iron Wave","Perfected Strike"],"relics":["Burning Blood","Unceasing Top","Pocketwatch"],"potions_floor_usage":[4,7,7,10,14,16,16],"damage_taken":[{"damage":9,"enemies":"Jaw Worm","floor":1,"turns":4},{"damage":7,"enemies":"Cultist","floor":2,"turns":5},{"damage":0,"enemies":"Small Slimes","floor":3,"turns":4},{"damage":2,"enemies":"Exordium Wildlife","floor":4,"turns":3},{"damage":52,"enemies":"3 Sentries","floor":7,"turns":12},{"damage":14,"enemies":"3 Louse","floor":10,"turns":2},{"damage":13,"enemies":"Blue Slaver","floor":11,"turns":3},{"damage":9,"enemies":"Red Slaver","floor":12,"turns":2},{"damage":8,"enemies":"Exordium Wildlife","floor":14,"turns":4},{"damage":38,"enemies":"The Guardian","floor":16,"turns":8}],"seed_played":"2937887217422321118","potions_obtained":[{"floor":3,"key":"Explosive Potion"},{"floor":5,"key":"Ancient Potion"},{"floor":5,"key":"PowerPotion"},{"floor":7,"key":"Poison Potion"},{"floor":10,"key":"Explosive Potion"},{"floor":12,"key":"Dexterity Potion"},{"floor":14,"key":"PowerPotion"}],"is_trial":false,"path_per_floor":["M","M","M","M","?","R","E","R","T","M","M","M","?","M","R","B"],"character_chosen":"IRONCLAD","items_purchased":[],"campfire_rested":1,"item_purchase_floors":[],"current_hp_per_floor":[69,68,74,78,78,78,32,56,56,48,41,38,38,36,36,0],"gold":259,"neow_bonus":"ONE_RANDOM_RARE_CARD","is_prod":false,"is_daily":false,"chose_seed":false,"campfire_upgraded":2,"win_rate":0,"timestamp":1552312971,"path_taken":["M","M","M","M","?","R","E","R","T","?","M","?","?","M","R","BOSS"],"build_version":"2019-02-06","purchased_purges":0,"victory":false,"max_hp_per_floor":[80,80,80,80,80,80,80,80,80,80,80,80,80,80,80,80],"card_choices":[{"not_picked":["Thunderclap","Dropkick"],"picked":"Shrug It Off","floor":1},{"not_picked":["Clash","Bloodletting"],"picked":"Shrug It Off","floor":2},{"not_picked":["Cleave","Flex"],"picked":"Wild Strike","floor":3},{"not_picked":["Feel No Pain","Exhume"],"picked":"Body Slam","floor":4},{"not_picked":["Twin Strike","Sword Boomerang"],"picked":"Perfected Strike","floor":7},{"not_picked":["True Grit","Shrug It Off"],"picked":"Second Wind","floor":10},{"not_picked":["Wild Strike","Body Slam"],"picked":"Iron Wave","floor":11},{"not_picked":["Combust","Heavy Blade","Sever Soul"],"picked":"SKIP","floor":12},{"not_picked":["Reckless Charge","Havoc"],"picked":"Perfected Strike","floor":14}],"player_experience":162307,"relics_obtained":[{"floor":7,"key":"Unceasing Top"},{"floor":9,"key":"Pocketwatch"}],"event_choices":[{"damage_healed":0,"gold_gain":0,"player_choice":"Bought 2 Potions","damage_taken":0,"max_hp_gain":0,"max_hp_loss":0,"event_name":"The Woman in Blue","floor":5,"gold_loss":0},{"damage_healed":0,"gold_gain":30,"player_choice":"Searched \u00271\u0027 times","damage_taken":0,"max_hp_gain":0,"max_hp_loss":0,"event_name":"Dead Adventurer","floor":13,"gold_loss":0}],"is_beta":true,"boss_relics":[],"items_purged_floors":[],"is_endless":false,"potions_floor_spawned":[3,7,10,12,14],"killed_by":"The Guardian","ascension_level":12}