{"gold_per_floor":[119,137,147,160,180,211,211,238,238,248,258,269,279,305,305,376,376,356,356,281,226,236,251,251,251,319,338,338,338,353,365,365,440,440,455,555,567,585,258,258],"floor_reached":40,"playtime":3176,"items_purged":["Strike_G+1"],"score":770,"play_id":"781df305-992d-4f95-b7c5-b529bb29d78c","local_time":"20181025183548","is_ascension_mode":true,"campfire_choices":[{"data":"Footwork","floor":7.0,"key":"SMITH"},{"floor":15.0,"key":"REST"},{"data":"A Thousand Cuts","floor":28.0,"key":"SMITH"},{"data":"A Thousand Cuts","floor":32.0,"key":"SMITH"}],"neow_cost":"NONE","seed_source_timestamp":0,"circlet_count":0,"master_deck":["Defend_G+1","Defend_G+1","Defend_G+1","Defend_G+1","Defend_G+1","Strike_G+1","Strike_G+1","Strike_G+1","Survivor+1","Neutralize","AscendersBane","Predator","Footwork+1","Quick Slash","Deflect","Dodge and Roll","A Thousand Cuts+1","Footwork","Flying Knee","Infinite Blades","Dagger Spray","Backstab","Deflect","A Thousand Cuts+1","Acrobatics","Infinite Blades","Choke","Cloak And Dagger","Adrenaline","Prepared","Well Laid Plans+1","Accuracy"],"special_seed":0,"relics":["Ring of the Snake","NeowsBlessing","Ancient Tea Set","War Paint","Pear","Meat on the Bone","Sozu","Tiny Chest","Bottled Tornado","Dodecahedron","Black Star","The Specimen","Bronze Scales"],"potions_floor_usage":[40],"damage_taken":[{"damage":0.0,"enemies":"Cultist","floor":1.0,"turns":1.0},{"damage":0.0,"enemies":"Jaw Worm","floor":2.0,"turns":1.0},{"damage":0.0,"enemies":"Small Slimes","floor":3.0,"turns":1.0},{"damage":10.0,"enemies":"Gremlin Gang","floor":4.0,"turns":7.0},{"damage":3.0,"enemies":"Blue Slaver","floor":5.0,"turns":5.0},{"damage":11.0,"enemies":"Lagavulin","floor":6.0,"turns":9.0},{"damage":8.0,"enemies":"3 Sentries","floor":8.0,"turns":7.0},{"damage":0.0,"enemies":"Exordium Wildlife","floor":10.0,"turns":9.0},{"damage":0.0,"enemies":"3 Louse","floor":11.0,"turns":6.0},{"damage":1.0,"enemies":"Looter","floor":12.0,"turns":4.0},{"damage":0.0,"enemies":"2 Fungi Beasts","floor":13.0,"turns":4.0},{"damage":22.0,"enemies":"Gremlin Nob","floor":14.0,"turns":5.0},{"damage":6.0,"enemies":"Hexaghost","floor":16.0,"turns":14.0},{"damage":14.0,"enemies":"2 Thieves","floor":18.0,"turns":4.0},{"damage":3.0,"enemies":"3 Byrds","floor":22.0,"turns":6.0},{"damage":8.0,"enemies":"Snecko","floor":23.0,"turns":6.0},{"damage":1.0,"enemies":"Cultist and Chosen","floor":27.0,"turns":8.0},{"damage":2.0,"enemies":"Centurion and Healer","floor":30.0,"turns":6.0},{"damage":5.0,"enemies":"3 Cultists","floor":31.0,"turns":4.0},{"damage":46.0,"enemies":"Collector","floor":33.0,"turns":10.0},{"damage":11.0,"enemies":"3 Shapes","floor":35.0,"turns":4.0},{"damage":1.0,"enemies":"Mind Bloom Boss Battle","floor":36.0,"turns":8.0},{"damage":20.0,"enemies":"3 Darklings","floor":37.0,"turns":5.0},{"damage":15.0,"enemies":"Sphere and 2 Shapes","floor":38.0,"turns":6.0},{"damage":88,"enemies":"Giant Head","floor":40,"turns":9}],"seed_played":"7366610013602201884","potions_obtained":[{"floor":2.0,"key":"Block Potion"},{"floor":3.0,"key":"SpeedPotion"},{"floor":5.0,"key":"AttackPotion"},{"floor":12.0,"key":"Ancient Potion"},{"floor":16.0,"key":"SteroidPotion"}],"is_trial":false,"path_per_floor":["M","M","M","M","M","E","R","E","T","M","M","M","M","E","R","B",null,"M","?","?","?","M","M","T","?","T","M","R","?","M","M","R","B",null,"M","?","M","M","$"],"character_chosen":"THE_SILENT","items_purchased":["Accuracy","Bronze Scales"],"campfire_rested":1,"item_purchase_floors":[39,39],"current_hp_per_floor":[59,59,59,49,46,35,35,27,37,37,37,36,36,14,36,42,68,54,54,54,54,51,43,43,43,43,42,42,57,55,50,50,16,61,50,49,41,38,38,0],"gold":258,"neow_bonus":"THREE_ENEMY_KILL","is_prod":false,"is_daily":false,"chose_seed":false,"campfire_upgraded":3,"win_rate":0,"timestamp":1540517748,"path_taken":["M","M","M","?","M","E","R","E","T","M","M","M","M","E","R","BOSS","M","?","?","?","M","M","?","?","T","?","R","?","M","M","R","BOSS","M","?","?","M","$","E"],"build_version":"2018-10-25v2","purchased_purges":1,"victory":false,"max_hp_per_floor":[66,66,66,66,66,66,66,66,76,76,76,76,76,76,76,76,76,76,76,76,76,76,76,76,76,76,76,76,76,76,76,76,76,76,76,76,76,76,76,76],"card_choices":[{"not_picked":["Blade Dance","Underhanded Strike"],"picked":"Predator","floor":1.0},{"not_picked":["Acrobatics","PiercingWail"],"picked":"Footwork","floor":2.0},{"not_picked":["Prepared","Underhanded Strike"],"picked":"Quick Slash","floor":3.0},{"not_picked":["Dagger Throw","Burst"],"picked":"Deflect","floor":4.0},{"not_picked":["Dagger Throw","Distraction"],"picked":"Dodge and Roll","floor":5.0},{"not_picked":["Heel Hook","Blur"],"picked":"A Thousand Cuts","floor":6.0},{"not_picked":["Prepared","Poisoned Stab"],"picked":"Footwork","floor":8.0},{"not_picked":["Outmaneuver","Distraction"],"picked":"Flying Knee","floor":10.0},{"not_picked":["Concentrate","Riddle With Holes"],"picked":"Infinite Blades","floor":11.0},{"not_picked":["Calculated Gamble","Accuracy"],"picked":"Dagger Spray","floor":12.0},{"not_picked":["Masterful Stab","Sucker Punch"],"picked":"Backstab","floor":13.0},{"not_picked":["Underhanded Strike","Blade Dance"],"picked":"Deflect","floor":14.0},{"not_picked":["Phantasmal Killer","Doppelganger"],"picked":"A Thousand Cuts","floor":16.0},{"not_picked":["Predator","Finisher"],"picked":"Acrobatics","floor":18.0},{"not_picked":["Expertise","Deflect"],"picked":"Infinite Blades","floor":22.0},{"not_picked":["Sucker Punch","Prepared","Dagger Spray"],"picked":"SKIP","floor":23.0},{"not_picked":["Catalyst","Flying Knee"],"picked":"Choke","floor":27.0},{"not_picked":["Phantasmal Killer","Bane","Eviscerate"],"picked":"SKIP","floor":30.0},{"not_picked":["PiercingWail","Deadly Poison"],"picked":"Cloak And Dagger","floor":31.0},{"not_picked":["Grand Finale","Die Die Die"],"picked":"Adrenaline","floor":33.0},{"not_picked":["Outmaneuver","Finisher","Eviscerate"],"picked":"SKIP","floor":35.0},{"not_picked":["Eviscerate","Predator"],"picked":"Prepared","floor":36.0},{"not_picked":["Dodge and Roll+1","Blade Dance","Poisoned Stab"],"picked":"SKIP","floor":37.0},{"not_picked":["Deadly Poison+1","Deflect"],"picked":"Well Laid Plans+1","floor":38.0}],"player_experience":998305,"relics_obtained":[{"floor":6.0,"key":"Ancient Tea Set"},{"floor":8.0,"key":"War Paint"},{"floor":9.0,"key":"Pear"},{"floor":14.0,"key":"Meat on the Bone"},{"floor":24.0,"key":"Bottled Tornado"},{"floor":26.0,"key":"Dodecahedron"},{"floor":36.0,"key":"The Specimen"}],"event_choices":[{"damage_healed":0.0,"max_hp_gain":0.0,"max_hp_loss":0.0,"gold_gain":0.0,"event_name":"Back to Basics","player_choice":"Simplicity","floor":19.0,"gold_loss":0.0,"damage_taken":0.0,"cards_upgraded":["Defend_G","Defend_G","Defend_G","Defend_G","Strike_G","Strike_G","Strike_G","Strike_G","Strike_G"]},{"cards_removed":["Strike_G"],"damage_healed":0.0,"max_hp_gain":0.0,"max_hp_loss":0.0,"gold_gain":0.0,"event_name":"Beggar","player_choice":"Gave Gold","floor":20.0,"gold_loss":75.0,"damage_taken":0.0},{"damage_healed":0.0,"max_hp_gain":0.0,"max_hp_loss":0.0,"gold_gain":0.0,"event_name":"Addict","player_choice":"Obtained Relic","floor":21.0,"gold_loss":85.0,"damage_taken":0.0,"relics_obtained":["Tiny Chest"]},{"damage_healed":0.0,"max_hp_gain":0.0,"max_hp_loss":0.0,"gold_gain":0.0,"event_name":"The Mausoleum","player_choice":"Ignored","floor":25.0,"gold_loss":0.0,"damage_taken":0.0},{"damage_healed":15.0,"max_hp_gain":0.0,"max_hp_loss":0.0,"gold_gain":0.0,"event_name":"The Library","player_choice":"Heal","floor":29.0,"gold_loss":0.0,"damage_taken":0.0},{"damage_healed":0.0,"max_hp_gain":0.0,"max_hp_loss":0.0,"gold_gain":0.0,"event_name":"MindBloom","player_choice":"Fight","floor":36.0,"gold_loss":0.0,"damage_taken":0.0}],"is_beta":true,"boss_relics":[{"not_picked":["WristBlade","Ectoplasm"],"picked":"Sozu"},{"not_picked":["Calling Bell","Snecko Eye"],"picked":"Black Star"}],"items_purged_floors":[39],"is_endless":false,"potions_floor_spawned":[2,3,5,12,16,18,22,30,33,38],"killed_by":"Giant Head","ascension_level":17}