{"gold_per_floor":[117,130,205,305,319,319,345,357,383,383,394,426,446,112,112,214,214,214],"floor_reached":18,"playtime":1384,"items_purged":["Strike_B"],"score":181,"play_id":"f6445eb6-96d5-4e39-a16b-7f616406e8b1","local_time":"20190525181608","is_ascension_mode":true,"campfire_choices":[{"data":"Dualcast","floor":6,"key":"SMITH"},{"data":"Coolheaded","floor":10,"key":"SMITH"},{"floor":15,"key":"REST"}],"neow_cost":"NONE","seed_source_timestamp":9240885723100,"circlet_count":0,"master_deck":["Strike_B","Strike_B","Strike_B","Defend_B","Defend_B","Defend_B","Defend_B+1","Zap+1","Dualcast+1","Compile Driver","Coolheaded+1","Ball Lightning","Pot Of Greed","Pot Of Greed","Seek","Cold Snap","Genetic Algorithm","BootSequence+1","Go for the Eyes+1","Static Discharge","Buffer"],"relics":["Cracked Core","Grinning Jar","Pen Nib","Strawberry","War Paint","halation:HeavySnake"],"potions_floor_usage":[7,16,16],"damage_taken":[{"damage":0,"enemies":"2 Louse","floor":1,"turns":2},{"damage":1,"enemies":"Jaw Worm","floor":2,"turns":3},{"damage":4,"enemies":"Cultist","floor":5,"turns":3},{"damage":18,"enemies":"3 Sentries","floor":7,"turns":5},{"damage":0,"enemies":"3 Louse","floor":8,"turns":2},{"damage":5,"enemies":"Looter","floor":11,"turns":2},{"damage":16,"enemies":"Erikyupuro","floor":12,"turns":4},{"damage":10,"enemies":"2 Fungi Beasts","floor":13,"turns":3},{"damage":4,"enemies":"Slime Boss","floor":16,"turns":9},{"damage":165,"enemies":"theJungle:5_Spyders","floor":18,"turns":4}],"seed_played":"-2500030099198253420","potions_obtained":[{"floor":2,"key":"SkillPotion"},{"floor":5,"key":"Explosive Potion"},{"floor":8,"key":"Toxic Potion"},{"floor":13,"key":"Ancient Potion"},{"floor":16,"key":"Poison Potion"}],"is_trial":false,"path_per_floor":["M","M","?","?","M","R","E","M","T","R","M","E","M","$","R","B",null,"M"],"character_chosen":"DEFECT","items_purchased":["Go for the Eyes+1","War Paint","Static Discharge"],"campfire_rested":1,"item_purchase_floors":[14,14,14],"current_hp_per_floor":[75,74,63,63,59,59,41,41,41,41,36,27,17,17,41,37,82,0],"gold":214,"neow_bonus":"UPGRADE_CARD","is_prod":false,"is_daily":false,"chose_seed":false,"campfire_upgraded":2,"win_rate":0,"timestamp":1558833368,"path_taken":["M","M","?","?","M","R","E","?","T","R","M","E","M","?","R","BOSS","M"],"build_version":"2019-01-23","purchased_purges":1,"victory":false,"max_hp_per_floor":[75,75,75,75,75,75,75,75,75,75,75,82,82,82,82,82,82,82],"card_choices":[{"not_picked":["Beam Cell","Steam Power"],"picked":"Compile Driver","floor":1},{"not_picked":["Rebound","Barrage"],"picked":"Coolheaded","floor":2},{"not_picked":["Capacitor","Conserve Battery"],"picked":"Ball Lightning","floor":5},{"not_picked":["Stack","Reprogram"],"picked":"Seek","floor":7},{"not_picked":["White Noise","Hologram","Go for the Eyes"],"picked":"SKIP","floor":8},{"not_picked":["Beam Cell","Go for the Eyes"],"picked":"Cold Snap","floor":11},{"not_picked":["BasicCrystalCard","Hologram"],"picked":"Genetic Algorithm","floor":12},{"not_picked":["Redo","ReplaySolidLightProjector"],"picked":"BootSequence","floor":13},{"not_picked":["Machine Learning","Seek"],"picked":"Buffer","floor":16}],"player_experience":1228136,"relics_obtained":[{"floor":7,"key":"Grinning Jar"},{"floor":9,"key":"Pen Nib"},{"floor":12,"key":"Strawberry"}],"event_choices":[{"damage_healed":0,"gold_gain":75,"player_choice":"Gather Gold","damage_taken":11,"max_hp_gain":0,"max_hp_loss":0,"event_name":"World of Goop","floor":3,"gold_loss":0},{"damage_healed":0,"gold_gain":100,"player_choice":"Pray","damage_taken":0,"max_hp_gain":0,"max_hp_loss":0,"event_name":"Golden Shrine","floor":4,"gold_loss":0}],"is_beta":false,"boss_relics":[{"not_picked":["halation:PinkAlligatorPlush","ReplayTheSpireMod:DimensionalGlitch"],"picked":"halation:HeavySnake"}],"items_purged_floors":[14],"is_endless":false,"potions_floor_spawned":[2,5,8,13,16],"killed_by":"theJungle:5_Spyders","ascension_level":1}