{"gold_per_floor":[110,34,34,34,48,61,81,100,100,112,112,122,122,54,54,153,153,171,96,96,96,66,66,66,101,101,101,119,19,19,39,39,141,141,160,160,260,260,277,277,295,295,295,312,312,148,122,142,142,142],"floor_reached":51,"playtime":5267,"items_purged":["Strike_G","Endless Agony","Strike_G+1"],"score":657,"play_id":"81fee399-73d5-411d-9ec5-fb7741772f6d","local_time":"20190516150808","is_ascension_mode":false,"campfire_choices":[{"data":"Noxious Fumes","floor":11.0,"key":"SMITH"},{"data":"Deadly Poison","floor":13.0,"key":"SMITH"},{"data":"Concentrate","floor":15.0,"key":"SMITH"},{"data":"Storm of Steel","floor":23.0,"key":"SMITH"},{"floor":27.0,"key":"REST"},{"data":"Backflip","floor":30.0,"key":"SMITH"},{"floor":32.0,"key":"REST"},{"data":"Choke","floor":40.0,"key":"SMITH"},{"data":"Malaise","floor":42.0,"key":"SMITH"},{"floor":45,"key":"REST"},{"floor":49,"key":"REST"}],"neow_cost":"NONE","seed_source_timestamp":0,"circlet_count":0,"master_deck":["Defend_G+1","Defend_G+1","Defend_G+1","Defend_G+1","Defend_G+1","Strike_G+1","Strike_G+1","Survivor","Neutralize+1","Prepared","Noxious Fumes+1","Backstab","Heel Hook","Acrobatics","PiercingWail","Concentrate+1","Storm of Steel+1","Backflip+1","Choke+1","Malaise+1","Underhanded Strike","PiercingWail+1","Madness","Madness","Grand Finale","Footwork","Sucker Punch"],"special_seed":0,"relics":["Runic Pyramid"],"potions_floor_usage":[50],"damage_taken":[{"damage":1.0,"enemies":"Jaw Worm","floor":1.0,"turns":4.0},{"damage":4.0,"enemies":"2 Louse","floor":5.0,"turns":4.0},{"damage":0.0,"enemies":"Cultist","floor":6.0,"turns":3.0},{"damage":10.0,"enemies":"Red Slaver","floor":7.0,"turns":4.0},{"damage":5.0,"enemies":"Looter","floor":8.0,"turns":3.0},{"damage":1.0,"enemies":"Large Slime","floor":10.0,"turns":6.0},{"damage":9.0,"enemies":"Exordium Thugs","floor":12.0,"turns":7.0},{"damage":0.0,"enemies":"Hexaghost","floor":16.0,"turns":9.0},{"damage":9.0,"enemies":"3 Byrds","floor":18.0,"turns":6.0},{"damage":18.0,"enemies":"Colosseum Slavers","floor":20.0,"turns":5.0},{"damage":7.0,"enemies":"2 Thieves","floor":22.0,"turns":5.0},{"damage":10.0,"enemies":"Gremlin Leader","floor":25.0,"turns":6.0},{"damage":4.0,"enemies":"Shelled Parasite and Fungi","floor":28.0,"turns":7.0},{"damage":10.0,"enemies":"Cultist and Chosen","floor":31.0,"turns":7.0},{"damage":28.0,"enemies":"Automaton","floor":33.0,"turns":10.0},{"damage":10.0,"enemies":"3 Darklings","floor":35.0,"turns":6.0},{"damage":3.0,"enemies":"Mind Bloom Boss Battle","floor":37.0,"turns":9.0},{"damage":10.0,"enemies":"3 Shapes","floor":39.0,"turns":9.0},{"damage":7.0,"enemies":"Writhing Mass","floor":41.0,"turns":11.0},{"damage":2,"enemies":"3 Darklings","floor":44,"turns":4},{"damage":3,"enemies":"4 Shapes","floor":48,"turns":10},{"damage":42,"enemies":"Time Eater","floor":50,"turns":13}],"seed_played":"5755191290631212073","potions_obtained":[{"floor":6.0,"key":"FairyPotion"},{"floor":8.0,"key":"SkillPotion"},{"floor":16.0,"key":"SkillPotion"},{"floor":22.0,"key":"Swift Potion"},{"floor":25.0,"key":"FairyPotion"},{"floor":33.0,"key":"SkillPotion"},{"floor":48,"key":"PowerPotion"}],"is_trial":false,"path_per_floor":["M","$","?","?","M","M","M","M","T","M","R","M","R","$","R","B",null,"M","$","?","?","M","R","?","E","T","R","M","$","R","M","R","B",null,"M","?","?","?","M","R","M","R","T","M","R","$","$","M","R","B",null],"character_chosen":"THE_SILENT","items_purchased":["Noxious Fumes","Concentrate","Footwork","Sucker Punch"],"campfire_rested":4,"item_purchase_floors":[2,14,46,47],"current_hp_per_floor":[69,69,69,69,65,65,55,50,50,49,49,40,40,40,40,40,70,61,61,43,43,36,36,36,26,26,47,43,43,43,33,54,26,70,60,60,57,48,38,38,31,31,31,29,50,50,50,47,68,26],"gold":142,"neow_bonus":"BOSS_RELIC","is_prod":false,"is_daily":false,"chose_seed":false,"campfire_upgraded":7,"win_rate":0,"timestamp":1558033688,"path_taken":["M","$","?","?","M","?","M","M","T","M","R","M","R","?","R","BOSS","M","$","?","?","?","R","?","E","T","R","M","?","R","M","R","BOSS","M","?","?","?","M","R","M","R","T","M","R","?","$","?","R","BOSS"],"build_version":"2019-01-23","purchased_purges":3,"victory":true,"max_hp_per_floor":[70,70,70,70,70,70,70,70,70,70,70,70,70,70,70,70,70,70,70,70,70,70,70,70,70,70,70,70,70,70,70,70,70,70,70,70,70,70,70,70,70,70,70,70,70,70,70,70,70,70],"card_choices":[{"not_picked":["Underhanded Strike","Blade Dance"],"picked":"Prepared","floor":1.0},{"not_picked":["Endless Agony","Quick Slash"],"picked":"Deadly Poison","floor":5.0},{"not_picked":["Endless Agony","Flying Knee"],"picked":"Backstab","floor":6.0},{"not_picked":["Bouncing Flask","Outmaneuver"],"picked":"Heel Hook","floor":7.0},{"not_picked":["Dodge and Roll","Skewer"],"picked":"Acrobatics","floor":8.0},{"not_picked":["Endless Agony","Slice","Dagger Throw"],"picked":"SKIP","floor":10.0},{"not_picked":["Slice","Outmaneuver"],"picked":"PiercingWail","floor":12.0},{"not_picked":["Tools of the Trade","Glass Knife"],"picked":"Storm of Steel","floor":16.0},{"not_picked":["Slice+1","Dagger Spray+1"],"picked":"Backflip","floor":18.0},{"not_picked":["Deadly Poison","Endless Agony+1","Backflip"],"picked":"SKIP","floor":22.0},{"not_picked":["Acrobatics","Dodge and Roll","Flying Knee"],"picked":"SKIP","floor":25.0},{"not_picked":["Flechettes","Eviscerate","Acrobatics"],"picked":"SKIP","floor":28.0},{"not_picked":["Acrobatics","Backstab+1"],"picked":"Choke","floor":31.0},{"not_picked":["Storm of Steel","Wraith Form v2"],"picked":"Malaise","floor":33.0},{"not_picked":["Dagger Throw+1","Prepared+1"],"picked":"Underhanded Strike","floor":35.0},{"not_picked":["Blade Dance+1","Calculated Gamble"],"picked":"PiercingWail+1","floor":37.0},{"not_picked":["Quick Slash+1","Distraction+1","Flying Knee+1"],"picked":"SKIP","floor":39.0},{"not_picked":["Flying Knee","Outmaneuver"],"picked":"Grand Finale","floor":41.0},{"not_picked":["Backstab+1","Skewer","Deadly Poison+1"],"picked":"SKIP","floor":44},{"not_picked":["Dagger Throw","Backflip+1","Prepared"],"picked":"SKIP","floor":48}],"player_experience":536857,"relics_obtained":[],"event_choices":[{"damage_healed":0.0,"max_hp_gain":0.0,"max_hp_loss":0.0,"gold_gain":0.0,"event_name":"The Cleric","player_choice":"Leave","floor":3.0,"gold_loss":0.0,"damage_taken":0.0},{"damage_healed":0.0,"max_hp_gain":0.0,"max_hp_loss":0.0,"gold_gain":0.0,"event_name":"Upgrade Shrine","player_choice":"Upgraded","floor":4.0,"gold_loss":0.0,"damage_taken":0.0,"cards_upgraded":["Neutralize"]},{"damage_healed":0.0,"max_hp_gain":0.0,"max_hp_loss":0.0,"gold_gain":0.0,"event_name":"Colosseum","player_choice":"Fight","floor":20.0,"gold_loss":0.0,"damage_taken":0.0},{"damage_healed":0.0,"max_hp_gain":0.0,"max_hp_loss":0.0,"gold_gain":0.0,"event_name":"Colosseum","player_choice":"Fled From Nobs","floor":20.0,"gold_loss":0.0,"damage_taken":0.0},{"damage_healed":0.0,"max_hp_gain":0.0,"max_hp_loss":0.0,"gold_gain":0.0,"event_name":"Back to Basics","player_choice":"Simplicity","floor":21.0,"gold_loss":0.0,"damage_taken":0.0,"cards_upgraded":["Defend_G","Defend_G","Defend_G","Defend_G","Defend_G","Strike_G","Strike_G","Strike_G","Strike_G"]},{"damage_healed":0.0,"max_hp_gain":0.0,"max_hp_loss":0.0,"gold_gain":0.0,"cards_transformed":["Strike_G"],"event_name":"Transmorgrifier","player_choice":"Transformed","floor":24.0,"gold_loss":0.0,"damage_taken":0.0,"cards_obtained":["Endless Agony"]},{"cards_removed":["Deadly Poison"],"damage_healed":0.0,"max_hp_gain":0.0,"max_hp_loss":0.0,"gold_gain":0.0,"event_name":"Falling","player_choice":"Removed Skill","floor":36.0,"gold_loss":0.0,"damage_taken":0.0},{"damage_healed":0.0,"max_hp_gain":0.0,"max_hp_loss":0.0,"gold_gain":0.0,"event_name":"MindBloom","player_choice":"Fight","floor":37.0,"gold_loss":0.0,"damage_taken":0.0},{"damage_healed":0.0,"max_hp_gain":0.0,"max_hp_loss":0.0,"gold_gain":0.0,"event_name":"Winding Halls","player_choice":"Embrace Madness","floor":38.0,"gold_loss":0.0,"damage_taken":9.0,"cards_obtained":["Madness","Madness"]}],"is_beta":false,"boss_relics":[{"not_picked":["HoveringKite","Philosopher\u0027s Stone","Calling Bell"]},{"not_picked":[]}],"items_purged_floors":[19,29,46],"is_endless":false,"potions_floor_spawned":[6,8,16,22,25,33,35,37,41,44,48],"ascension_level":0}