{"gold_per_floor":[117,117,67,83,100,125,125,136,136,162,174,220,2,2,2,97,97,115,129,54,54,64,64,83,83,83,113,113,131,150,150,150,255,255,272,272,287,135,135,168,168],"floor_reached":41,"playtime":3702,"items_purged":["Defend_G","Strike_G"],"score":541,"play_id":"a4512d46-f4d2-4f2b-b080-d184dabbb4c0","local_time":"20180910165524","is_ascension_mode":true,"campfire_choices":[{"floor":7.0,"key":"REST"},{"floor":11.0,"key":"REST"},{"floor":15.0,"key":"REST"},{"floor":23.0,"key":"REST"},{"floor":25.0,"key":"REST"},{"floor":32.0,"key":"REST"}],"neow_cost":"NONE","seed_source_timestamp":0,"circlet_count":0,"master_deck":["Defend_G+1","Defend_G","Defend_G","Strike_G","Strike_G","Strike_G","Survivor","Neutralize+1","Accuracy","Sucker Punch","PiercingWail","Deadly Poison+1","Dagger Spray","Caltrops","Catalyst","Noxious Fumes","Adrenaline","Cloak And Dagger+1","Cloak And Dagger","Flying Knee+1","Dagger Spray+1","Well Laid Plans","Endless Agony+1","Prepared","Deadly Poison"],"special_seed":0,"relics":["Ring of the Snake","Strawberry","Matryoshka","MawBank","War Paint","Paper Crane","Juzu Bracelet","Busted Crown","MutagenicStrength","Anchor","Regal Pillow","Blood Vial","Kunai","Eternal Feather","Lantern"],"potions_floor_usage":[40,40,40,41],"damage_taken":[{"damage":1.0,"enemies":"Jaw Worm","floor":1.0,"turns":5.0},{"damage":0.0,"enemies":"2 Louse","floor":4.0,"turns":4.0},{"damage":0.0,"enemies":"Small Slimes","floor":5.0,"turns":4.0},{"damage":51.0,"enemies":"Lagavulin","floor":6.0,"turns":11.0},{"damage":0.0,"enemies":"Blue Slaver","floor":8.0,"turns":5.0},{"damage":10.0,"enemies":"Lots of Slimes","floor":10.0,"turns":3.0},{"damage":30.0,"enemies":"Gremlin Nob","floor":12.0,"turns":4.0},{"damage":33.0,"enemies":"Slime Boss","floor":16.0,"turns":11.0},{"damage":4.0,"enemies":"Shell Parasite","floor":18.0,"turns":6.0},{"damage":27.0,"enemies":"2 Thieves","floor":19.0,"turns":4.0},{"damage":21.0,"enemies":"Cultist and Chosen","floor":22.0,"turns":6.0},{"damage":18.0,"enemies":"Centurion and Healer","floor":24.0,"turns":8.0},{"damage":21.0,"enemies":"Gremlin Leader","floor":27.0,"turns":7.0},{"damage":1.0,"enemies":"Shelled Parasite and Fungi","floor":29.0,"turns":4.0},{"damage":0.0,"enemies":"Chosen and Byrds","floor":30.0,"turns":4.0},{"damage":36.0,"enemies":"Automaton","floor":33.0,"turns":10.0},{"damage":0.0,"enemies":"3 Shapes","floor":35.0,"turns":9.0},{"damage":5,"enemies":"Orb Walker","floor":37,"turns":4},{"damage":93,"enemies":"Giant Head","floor":40,"turns":9},{"damage":30,"enemies":"Spire Growth","floor":41,"turns":3}],"seed_played":"5315137572112214184","potions_obtained":[{"floor":1.0,"key":"FearPotion"},{"floor":5.0,"key":"Regen Potion"},{"floor":6.0,"key":"Dexterity Potion"},{"floor":14.0,"key":"Poison Potion"},{"floor":14.0,"key":"FairyPotion"},{"floor":24.0,"key":"Dexterity Potion"},{"floor":27.0,"key":"Regen Potion"},{"floor":30.0,"key":"Regen Potion"},{"floor":33.0,"key":"Regen Potion"},{"floor":40,"key":"Dexterity Potion"}],"is_trial":false,"path_per_floor":["M","?","?","M","M","E","R","M","T","M","R","E","$","?","R","B",null,"M","M","$","?","M","R","M","R","T","E","?","M","M","?","R","B",null,"M","?","M","$","?","E"],"character_chosen":"THE_SILENT","items_purchased":["Noxious Fumes","Juzu Bracelet","Deadly Poison"],"campfire_rested":6,"item_purchase_floors":[13,13,38],"current_hp_per_floor":[69,64,64,64,64,28,51,51,51,41,64,34,34,34,57,24,77,73,46,46,46,25,48,30,53,53,32,32,33,35,35,73,39,77,77,77,72,72,72,23,0],"gold":168,"neow_bonus":"UPGRADE_CARD","is_prod":false,"is_daily":false,"chose_seed":false,"campfire_upgraded":0,"win_rate":0,"timestamp":1536623724,"path_taken":["M","?","?","M","M","E","R","M","T","M","R","E","$","?","R","BOSS","M","M","$","?","M","R","M","R","T","E","?","M","M","?","R","BOSS","M","?","M","$","?","E","M"],"build_version":"2018-09-06","purchased_purges":2,"victory":false,"max_hp_per_floor":[70,77,77,77,77,77,77,77,77,77,77,77,77,77,77,77,77,77,77,77,77,77,77,77,77,77,77,77,77,77,77,77,77,77,77,77,77,77,77,77,77],"card_choices":[{"not_picked":["Skewer","Backflip"],"picked":"Accuracy","floor":1.0},{"not_picked":["Flechettes","Outmaneuver"],"picked":"Sucker Punch","floor":4.0},{"not_picked":["Bane","Flying Knee"],"picked":"PiercingWail","floor":5.0},{"not_picked":["Underhanded Strike","Deflect"],"picked":"Deadly Poison","floor":6.0},{"not_picked":["Slice","PiercingWail"],"picked":"Dagger Spray","floor":8.0},{"not_picked":["Dodge and Roll","Dagger Spray"],"picked":"Caltrops","floor":10.0},{"not_picked":["Underhanded Strike","Slice"],"picked":"Catalyst","floor":12.0},{"not_picked":["Grand Finale","Burst"],"picked":"Adrenaline","floor":16.0},{"not_picked":[],"picked":"Cloak And Dagger+1","floor":18.0},{"not_picked":[],"picked":"Cloak And Dagger","floor":19.0},{"not_picked":[],"picked":"Flying Knee+1","floor":22.0},{"not_picked":["PiercingWail"],"picked":"SKIP","floor":24.0},{"not_picked":[],"picked":"Dagger Spray+1","floor":27.0},{"not_picked":["Flying Knee"],"picked":"SKIP","floor":29.0},{"not_picked":["Dagger Throw"],"picked":"SKIP","floor":30.0},{"not_picked":[],"picked":"Endless Agony+1","floor":35.0},{"not_picked":[],"picked":"Prepared","floor":37},{"not_picked":["Sucker Punch"],"picked":"SKIP","floor":40}],"player_experience":348068,"relics_obtained":[{"floor":6.0,"key":"Matryoshka"},{"floor":9.0,"key":"MawBank"},{"floor":9.0,"key":"War Paint"},{"floor":12.0,"key":"Paper Crane"},{"floor":26.0,"key":"Anchor"},{"floor":26.0,"key":"Regal Pillow"},{"floor":27.0,"key":"Blood Vial"},{"floor":40,"key":"Lantern"}],"event_choices":[{"event_name":"Scrap Ooze","player_choice":"success","floor":2.0,"damage_taken":12.0},{"event_name":"The Cleric","player_choice":"Card Removal","floor":3.0,"damage_taken":0.0},{"event_name":"The Lab","player_choice":"Got Potions","floor":14.0,"damage_taken":0.0},{"event_name":"Drug Dealer","player_choice":"Inject Mutagens","floor":21.0,"damage_taken":0.0},{"event_name":"The Library","player_choice":"Read","floor":28.0,"damage_taken":0.0},{"event_name":"The Mausoleum","player_choice":"Yes","floor":31.0,"damage_taken":0.0},{"event_name":"Tomb of Lord Red Mask","player_choice":"Ignored","floor":36,"damage_taken":0},{"event_name":"Falling","player_choice":"Removed Skill","floor":39,"damage_taken":0}],"is_beta":false,"boss_relics":[{"not_picked":["Black Star","Lizard Tail"],"picked":"Busted Crown"},{"not_picked":["Coffee Dripper","Orrery"],"picked":"Eternal Feather"}],"items_purged_floors":[20,38],"is_endless":false,"potions_floor_spawned":[1,5,6,24,27,30,33,40],"killed_by":"Spire Growth","ascension_level":4}