{"gold_per_floor":[168,188,198,123,136,136,166,180,206,206,206,206,156,172,172,267,267,277,277,277,291,291,291,304,304,358,374,390,400,202,277],"floor_reached":31,"playtime":1840,"items_purged":["Strike_R","Defend_R"],"score":314,"play_id":"e525d1e2-cab2-4f44-9bd6-567ff5465ccd","local_time":"20190418013122","is_ascension_mode":false,"campfire_choices":[{"data":"Body Slam","floor":6.0,"key":"SMITH"},{"data":"Bash","floor":10.0,"key":"SMITH"},{"data":"Pommel Strike","floor":12.0,"key":"SMITH"},{"data":"Anger","floor":15.0,"key":"SMITH"},{"data":"True Grit","floor":23.0,"key":"SMITH"},{"data":"Rage","floor":25.0,"key":"SMITH"}],"neow_cost":"NONE","seed_source_timestamp":3446584236916600,"circlet_count":0,"master_deck":["Strike_R","Strike_R","Strike_R","Strike_R","Defend_R","Defend_R+1","Bash+1","Body Slam+1","Power Through","Pommel Strike+1","Anger+1","Rage+1","Inflame","Feed","Metallicize","Immolate+1","True Grit+1","Flex","Warcry+1","Cleave","Intimidate","Juggernaut"],"special_seed":0,"relics":["Tiny House","Smiling Mask"],"potions_floor_usage":[],"damage_taken":[{"damage":6.0,"enemies":"Cultist","floor":1.0,"turns":4.0},{"damage":5.0,"enemies":"Jaw Worm","floor":2.0,"turns":5.0},{"damage":0.0,"enemies":"Small Slimes","floor":3.0,"turns":3.0},{"damage":0.0,"enemies":"Blue Slaver","floor":5.0,"turns":3.0},{"damage":8.0,"enemies":"Gremlin Nob","floor":7.0,"turns":4.0},{"damage":0.0,"enemies":"Large Slime","floor":8.0,"turns":4.0},{"damage":0.0,"enemies":"3 Louse","floor":14.0,"turns":3.0},{"damage":0.0,"enemies":"Slime Boss","floor":16.0,"turns":6.0},{"damage":0.0,"enemies":"Chosen","floor":18.0,"turns":6.0},{"damage":18.0,"enemies":"Shell Parasite","floor":21.0,"turns":4.0},{"damage":3.0,"enemies":"3 Cultists","floor":24.0,"turns":3.0},{"damage":0.0,"enemies":"Centurion and Healer","floor":27.0,"turns":5.0},{"damage":11,"enemies":"Shelled Parasite and Fungi","floor":28,"turns":5},{"damage":1,"enemies":"Snake Plant","floor":29,"turns":3}],"seed_played":"-4619012346062007646","potions_obtained":[{"floor":0.0,"key":"Weak Potion"},{"floor":1.0,"key":"Weak Potion"},{"floor":3.0,"key":"Ancient Potion"},{"floor":14.0,"key":"SteroidPotion"},{"floor":18.0,"key":"Explosive Potion"},{"floor":24.0,"key":"Swift Potion"}],"is_trial":false,"path_per_floor":["M","M","M","$","M","R","E","M","T","R","?","R","?","M","R","B",null,"M","?","?","M","?","R","M","R","T","M","M","M","$","T"],"character_chosen":"IRONCLAD","items_purchased":["Juggernaut"],"campfire_rested":0,"item_purchase_floors":[30],"current_hp_per_floor":[79,74,74,74,74,74,66,66,66,66,66,66,66,69,69,72,91,94,94,75,57,57,57,57,57,57,60,52,51,51,51],"gold":277,"neow_bonus":"BOSS_RELIC","is_prod":false,"is_daily":false,"chose_seed":false,"campfire_upgraded":6,"win_rate":0,"timestamp":1555576282,"path_taken":["M","M","M","$","M","R","E","?","T","R","?","R","?","M","R","BOSS","M","?","?","M","?","R","M","R","T","?","M","M","$","?"],"build_version":"2019-04-04","purchased_purges":2,"victory":false,"max_hp_per_floor":[85,85,85,85,85,85,85,85,85,85,85,85,85,88,88,91,91,94,94,99,99,99,99,102,102,102,105,108,108,108,108],"card_choices":[{"not_picked":["Feel No Pain","Pummel"],"picked":"Body Slam","floor":0.0},{"not_picked":["Burning Pact","Twin Strike"],"picked":"Power Through","floor":1.0},{"not_picked":["Havoc","Clash"],"picked":"Pommel Strike","floor":2.0},{"not_picked":["Wild Strike","Sword Boomerang"],"picked":"Anger","floor":3.0},{"not_picked":["Anger","Thunderclap"],"picked":"Rage","floor":5.0},{"not_picked":["Sword Boomerang","Twin Strike"],"picked":"Inflame","floor":7.0},{"not_picked":["Clash","Iron Wave"],"picked":"Feed","floor":8.0},{"not_picked":["Sword Boomerang","Iron Wave"],"picked":"Metallicize","floor":14.0},{"not_picked":["Brutality","Berserk"],"picked":"Immolate","floor":16.0},{"not_picked":["Wild Strike","Havoc","Thunderclap"],"picked":"SKIP","floor":18.0},{"not_picked":["Armaments","Perfected Strike"],"picked":"True Grit","floor":21.0},{"not_picked":["Warcry","Shrug It Off"],"picked":"Flex","floor":24.0},{"not_picked":["Burning Pact","Reckless Charge+1"],"picked":"Warcry+1","floor":27.0},{"not_picked":["Dropkick","Body Slam"],"picked":"Cleave","floor":28},{"not_picked":["Dual Wield","Clash"],"picked":"Intimidate","floor":29}],"player_experience":3416225,"relics_obtained":[{"floor":26.0,"key":"Smiling Mask"}],"event_choices":[{"damage_healed":0.0,"max_hp_gain":0.0,"max_hp_loss":0.0,"gold_gain":0.0,"event_name":"Golden Idol","player_choice":"Ignored","floor":11.0,"gold_loss":0.0,"damage_taken":0.0},{"cards_removed":["Defend_R"],"damage_healed":0.0,"max_hp_gain":0.0,"max_hp_loss":0.0,"gold_gain":0.0,"event_name":"The Cleric","player_choice":"Card Removal","floor":13.0,"gold_loss":50.0,"damage_taken":0.0},{"damage_healed":0.0,"max_hp_gain":0.0,"max_hp_loss":0.0,"gold_gain":0.0,"event_name":"Cursed Tome","player_choice":"Ignored","floor":19.0,"gold_loss":0.0,"damage_taken":0.0},{"damage_healed":0.0,"max_hp_gain":5.0,"max_hp_loss":0.0,"gold_gain":0.0,"event_name":"Forgotten Altar","player_choice":"Shed Blood","floor":20.0,"gold_loss":0.0,"damage_taken":24.0},{"damage_healed":0.0,"max_hp_gain":0.0,"max_hp_loss":0.0,"gold_gain":0.0,"event_name":"Upgrade Shrine","player_choice":"Upgraded","floor":22.0,"gold_loss":0.0,"damage_taken":0.0,"cards_upgraded":["Immolate"]}],"is_beta":true,"boss_relics":[{"not_picked":["Coffee Dripper","Runic Dome","Black Star"]}],"items_purged_floors":[4,30],"is_endless":false,"potions_floor_spawned":[1,3,7,14,18,24],"ascension_level":0}