{"gold_per_floor":[115,133,145,145,163,191,191,222,222,222,248,258,258,272,272,344,344,361,379,379,379,39,66,66,66,91,103,115,127,154,195,207,219],"floor_reached":33,"playtime":1322,"items_purged":[],"score":552,"play_id":"73a29b01-1558-403f-b3df-a65fe95d23a1","local_time":"20190318210205","is_ascension_mode":true,"campfire_choices":[{"floor":7,"key":"REST"},{"floor":10,"key":"REST"},{"floor":13,"key":"REST"},{"floor":15,"key":"REST"},{"floor":24,"key":"REST"},{"floor":27,"key":"REST"},{"data":"True Grit","floor":29,"key":"SMITH"},{"data":"Clothesline","floor":32,"key":"SMITH"}],"neow_cost":"NONE","seed_source_timestamp":114835345578199,"circlet_count":0,"master_deck":["AscendersBane","Strike_R+1","Strike_R+1","Strike_R+1","Strike_R+1","Defend_R+1","Defend_R+1","Defend_R+1","Defend_R+1","Bash","Perfected Strike","Clothesline+1","Anger","Feed","Immolate","Demon Form+1","True Grit+1","Barricade+1","Pommel Strike+1","Battle Trance","Shrug It Off","Shrug It Off"],"relics":["Burning Blood","NeowsBlessing","Frozen Egg 2","Mercury Hourglass","Bottled Flame","Bronze Scales","Sozu","Ornamental Fan","Blue Candle","MawBank","MutagenicStrength","Red Mask"],"potions_floor_usage":[6,11,12,16],"damage_taken":[{"damage":0,"enemies":"Cultist","floor":1,"turns":1},{"damage":0,"enemies":"Small Slimes","floor":2,"turns":1},{"damage":0,"enemies":"Jaw Worm","floor":3,"turns":1},{"damage":6,"enemies":"Looter","floor":5,"turns":3},{"damage":41,"enemies":"Lagavulin","floor":6,"turns":7},{"damage":40,"enemies":"3 Sentries","floor":8,"turns":8},{"damage":20,"enemies":"Lagavulin","floor":11,"turns":3},{"damage":13,"enemies":"Large Slime","floor":12,"turns":2},{"damage":9,"enemies":"2 Fungi Beasts","floor":14,"turns":1},{"damage":63,"enemies":"The Guardian","floor":16,"turns":9},{"damage":2,"enemies":"3 Byrds","floor":18,"turns":2},{"damage":20,"enemies":"Spheric Guardian","floor":19,"turns":4},{"damage":38,"enemies":"Gremlin Leader","floor":23,"turns":6},{"damage":15,"enemies":"Snake Plant","floor":30,"turns":4},{"damage":0,"enemies":"Masked Bandits","floor":31,"turns":2},{"damage":76,"enemies":"Champ","floor":33,"turns":9}],"seed_played":"8173064473089240178","potions_obtained":[{"floor":3,"key":"Poison Potion"},{"floor":8,"key":"AttackPotion"},{"floor":11,"key":"Explosive Potion"},{"floor":14,"key":"LiquidBronze"}],"is_trial":false,"path_per_floor":["M","M","M","?","M","E","R","E","T","R","E","M","R","M","R","B",null,"M","M","?","?","$","E","R","$","T","R","?","R","M","?","R","B"],"character_chosen":"IRONCLAD","items_purchased":["Battle Trance","Ornamental Fan"],"campfire_rested":6,"item_purchase_floors":[22,22],"current_hp_per_floor":[74,75,75,75,75,40,62,31,31,54,43,36,60,57,81,24,67,71,57,57,57,57,25,49,49,49,73,73,73,64,73,73,0],"gold":219,"neow_bonus":"THREE_ENEMY_KILL","is_prod":false,"is_daily":false,"chose_seed":false,"campfire_upgraded":2,"win_rate":0,"timestamp":1552939325,"path_taken":["M","?","M","?","M","E","R","E","T","R","E","M","R","?","R","BOSS","M","M","?","?","$","E","R","$","T","R","?","R","M","?","R","BOSS"],"build_version":"2019-03-15","purchased_purges":0,"victory":false,"max_hp_per_floor":[75,75,75,75,75,75,75,78,78,78,81,81,81,81,81,81,81,81,81,81,81,81,81,81,81,81,81,81,81,81,84,84,84],"card_choices":[{"not_picked":["Twin Strike","Havoc"],"picked":"Perfected Strike","floor":1},{"not_picked":["Perfected Strike","Flex"],"picked":"Clothesline","floor":2},{"not_picked":["Warcry","Flex"],"picked":"Anger","floor":3},{"not_picked":["Warcry","Sever Soul","Pommel Strike"],"picked":"SKIP","floor":5},{"not_picked":["Wild Strike","Body Slam"],"picked":"Feed","floor":6},{"not_picked":["Havoc","Reckless Charge"],"picked":"Immolate","floor":8},{"not_picked":["Bloodletting","True Grit"],"picked":"Demon Form+1","floor":11},{"not_picked":["Thunderclap","Anger"],"picked":"True Grit","floor":12},{"not_picked":["Sword Boomerang","Anger","Warcry"],"picked":"SKIP","floor":14},{"not_picked":["Bludgeon","Berserk+1"],"picked":"Barricade+1","floor":16},{"not_picked":["Havoc","Combust+1","Clothesline"],"picked":"SKIP","floor":18},{"not_picked":["Dropkick","Thunderclap"],"picked":"Pommel Strike+1","floor":19},{"not_picked":["True Grit","Evolve+1"],"picked":"Shrug It Off","floor":23},{"not_picked":["Dropkick","Blood for Blood"],"picked":"Shrug It Off","floor":30}],"player_experience":315674,"relics_obtained":[{"floor":6,"key":"Frozen Egg 2"},{"floor":8,"key":"Mercury Hourglass"},{"floor":9,"key":"Bottled Flame"},{"floor":11,"key":"Bronze Scales"},{"floor":23,"key":"Blue Candle"},{"floor":26,"key":"MawBank"},{"floor":31,"key":"Red Mask"}],"event_choices":[{"cards_removed":["Strike_R"],"damage_healed":0,"gold_gain":0,"player_choice":"Offered Basic","damage_taken":0,"max_hp_gain":0,"max_hp_loss":0,"event_name":"Bonfire Elementals","floor":4,"gold_loss":0},{"damage_healed":0,"gold_gain":0,"player_choice":"Simplicity","damage_taken":0,"max_hp_gain":0,"max_hp_loss":0,"event_name":"Back to Basics","floor":20,"gold_loss":0,"cards_upgraded":["Strike_R","Strike_R","Strike_R","Strike_R","Defend_R","Defend_R","Defend_R","Defend_R"]},{"damage_healed":0,"gold_gain":0,"player_choice":"Ignored","damage_taken":0,"max_hp_gain":0,"max_hp_loss":0,"event_name":"Vampires","floor":21,"gold_loss":0},{"damage_healed":0,"gold_gain":0,"player_choice":"Inject Mutagens","damage_taken":0,"relics_obtained":["MutagenicStrength"],"max_hp_gain":0,"max_hp_loss":0,"event_name":"Drug Dealer","floor":28,"gold_loss":0},{"damage_healed":0,"gold_gain":0,"player_choice":"Fought Bandits","damage_taken":0,"max_hp_gain":0,"max_hp_loss":0,"event_name":"Masked Bandits","floor":31,"gold_loss":0}],"is_beta":true,"boss_relics":[{"not_picked":["Runic Cube","Black Star"],"picked":"Sozu"}],"items_purged_floors":[],"is_endless":false,"potions_floor_spawned":[3,8,11,14,31],"killed_by":"Champ","ascension_level":19}