{"gold_per_floor":[360,360,360,435,454,454,454,471,494,24,50,65,65,81,81,81],"floor_reached":16,"playtime":682,"items_purged":["Regret"],"score":180,"play_id":"280c50a1-a0b3-47d4-9141-3975d914fa32","local_time":"20190312024500","is_ascension_mode":true,"campfire_choices":[{"floor":6,"key":"REST"},{"data":"Disarm","floor":13,"key":"SMITH"},{"floor":15,"key":"REST"}],"neow_cost":"TEN_PERCENT_HP_LOSS","seed_source_timestamp":171438316836223,"circlet_count":0,"master_deck":["AscendersBane","Strike_R+1","Strike_R","Strike_R+1","Strike_R+1","Strike_R","Defend_R","Defend_R","Defend_R","Defend_R","Bash","Uppercut+1","Havoc","Battle Trance","Dark Embrace","Disarm+1","Ghostly Armor"],"relics":["Burning Blood","Gremlin Horn","Whetstone","Kunai","Bronze Scales"],"potions_floor_usage":[5,8,11,12,16],"damage_taken":[{"damage":10,"enemies":"Cultist","floor":1,"turns":5},{"damage":0,"enemies":"2 Louse","floor":5,"turns":1},{"damage":13,"enemies":"Small Slimes","floor":8,"turns":2},{"damage":24,"enemies":"Gremlin Nob","floor":11,"turns":4},{"damage":0,"enemies":"3 Louse","floor":12,"turns":1},{"damage":17,"enemies":"Gremlin Gang","floor":14,"turns":3},{"damage":51,"enemies":"Slime Boss","floor":16,"turns":6}],"seed_played":"-6418751286084467674","potions_obtained":[{"floor":1,"key":"AttackPotion"},{"floor":5,"key":"SteroidPotion"},{"floor":14,"key":"Energy Potion"}],"is_trial":false,"path_per_floor":["M","?","?","?","M","R","?","M","T","$","E","M","R","M","R","B"],"character_chosen":"IRONCLAD","items_purchased":["Kunai","Fire Potion","SkillPotion"],"campfire_rested":2,"item_purchase_floors":[10,10,10],"current_hp_per_floor":[64,44,44,33,39,59,59,52,52,52,34,40,40,29,49,0],"gold":81,"neow_bonus":"TWO_FIFTY_GOLD","is_prod":false,"is_daily":false,"chose_seed":false,"campfire_upgraded":1,"win_rate":0,"timestamp":1552355100,"path_taken":["M","?","?","?","M","R","?","M","T","$","E","M","R","M","R","BOSS"],"build_version":"2019-02-06","purchased_purges":1,"victory":false,"max_hp_per_floor":[68,68,68,68,68,68,68,68,68,68,68,68,68,68,68,68],"card_choices":[{"not_picked":["Sentinel","Whirlwind"],"picked":"Uppercut","floor":1},{"not_picked":["Twin Strike","Heavy Blade"],"picked":"Havoc","floor":5},{"not_picked":["Bloodletting","Havoc"],"picked":"Battle Trance","floor":8},{"not_picked":["Sword Boomerang","Wild Strike"],"picked":"Dark Embrace","floor":11},{"not_picked":["Thunderclap","Carnage"],"picked":"Disarm","floor":12},{"not_picked":["Cleave","Fire Breathing"],"picked":"Ghostly Armor","floor":14}],"player_experience":202210,"relics_obtained":[{"floor":9,"key":"Whetstone"},{"floor":11,"key":"Bronze Scales"}],"event_choices":[{"damage_healed":0,"gold_gain":0,"player_choice":"Entered Light","damage_taken":20,"max_hp_gain":0,"max_hp_loss":0,"event_name":"Shining Light","floor":2,"gold_loss":0,"cards_upgraded":["Strike_R","Strike_R"]},{"damage_healed":0,"gold_gain":0,"player_choice":"Box","damage_taken":0,"relics_obtained":["Gremlin Horn"],"max_hp_gain":0,"max_hp_loss":0,"event_name":"Big Fish","floor":3,"gold_loss":0,"cards_obtained":["Regret"]},{"damage_healed":0,"gold_gain":75,"player_choice":"Gather Gold","damage_taken":11,"max_hp_gain":0,"max_hp_loss":0,"event_name":"World of Goop","floor":4,"gold_loss":0},{"damage_healed":0,"gold_gain":0,"player_choice":"Ignored","damage_taken":0,"max_hp_gain":0,"max_hp_loss":0,"event_name":"Golden Idol","floor":7,"gold_loss":0}],"is_beta":true,"boss_relics":[],"items_purged_floors":[10],"is_endless":false,"potions_floor_spawned":[1,5,14],"killed_by":"Slime Boss","ascension_level":16}