{"gold_per_floor":[360,64,80,80,98,98,123,42,42,22,47,65,84,99,99,178,178,194,194,13,33,53,53,78,78],"floor_reached":25,"playtime":1428,"items_purged":["Strike_G","Writhe"],"score":388,"play_id":"5a94d3db-7524-474a-8b95-9d202f900e9a","local_time":"20180710210355","is_ascension_mode":true,"campfire_choices":[{"data":"Neutralize","floor":6,"key":"SMITH"},{"floor":15,"key":"REST"},{"floor":23,"key":"REST"}],"neow_cost":"TEN_PERCENT_HP_LOSS","seed_source_timestamp":170827179650550,"circlet_count":0,"master_deck":["Defend_G","Defend_G","Defend_G","Defend_G","Defend_G","Strike_G","Strike_G","Strike_G","Strike_G","Survivor","Neutralize+1","AscendersBane","Sucker Punch","Panache","Infinite Blades","Terror","Prepared","Phantasmal Killer","Infinite Blades","Cloak And Dagger","Night Terror","Outmaneuver","Noxious Fumes","Malaise","Tools of the Trade"],"relics":["Ring of the Snake","Bottled Lightning","Tough Bandages","Snake Skull","Cursed Key","Potion Belt","Orichalcum"],"potions_floor_usage":[11,13,16],"damage_taken":[{"damage":0,"enemies":"Cultist","floor":1,"turns":4},{"damage":0,"enemies":"2 Louse","floor":3,"turns":4},{"damage":3,"enemies":"Jaw Worm","floor":5,"turns":4},{"damage":22,"enemies":"3 Sentries","floor":7,"turns":8},{"damage":8,"enemies":"Exordium Thugs","floor":10,"turns":6},{"damage":3,"enemies":"Lagavulin","floor":11,"turns":4},{"damage":16,"enemies":"3 Louse","floor":12,"turns":4},{"damage":10,"enemies":"2 Fungi Beasts","floor":13,"turns":4},{"damage":1,"enemies":"Red Slaver","floor":14,"turns":5},{"damage":17,"enemies":"Hexaghost","floor":16,"turns":8},{"damage":21,"enemies":"Chosen","floor":18,"turns":6},{"damage":6,"enemies":"3 Byrds","floor":21,"turns":4},{"damage":2,"enemies":"Centurion and Healer","floor":22,"turns":3},{"damage":35,"enemies":"Slavers","floor":24,"turns":4},{"damage":11,"enemies":"3 Cultists","floor":25,"turns":2}],"seed_played":"-293448774810952047","potions_obtained":[{"floor":3,"key":"Weak Potion"},{"floor":5,"key":"Block Potion"},{"floor":13,"key":"AttackPotion"},{"floor":24,"key":"FearPotion"}],"is_trial":false,"path_per_floor":["M","$","M","?","M","R","E","$","T","M","E","M","M","M","R","B",null,"M","?","$","M","M","R","E"],"character_chosen":"THE_SILENT","items_purchased":["Panache","Infinite Blades","Infinite Blades","Noxious Fumes"],"campfire_rested":2,"item_purchase_floors":[2,2,8,20],"current_hp_per_floor":[63,63,63,68,65,65,43,43,43,35,32,16,6,5,25,8,53,32,32,32,26,24,44,9,0],"gold":78,"neow_bonus":"TWO_FIFTY_GOLD","is_prod":false,"is_daily":false,"chose_seed":false,"campfire_upgraded":1,"win_rate":0,"timestamp":1531281835,"path_taken":["M","$","?","?","M","R","E","$","T","M","E","M","M","M","R","BOSS","M","?","$","M","M","R","E","M"],"build_version":"2018-07-09","purchased_purges":2,"victory":false,"max_hp_per_floor":[63,63,63,68,68,68,68,68,68,68,68,68,68,68,68,68,68,68,68,68,68,68,68,68,68],"card_choices":[{"not_picked":["Deflect","Cloak And Dagger"],"picked":"Sucker Punch","floor":1},{"not_picked":["Deadly Poison","Dagger Throw"],"picked":"Terror","floor":3},{"not_picked":["Reflex","Concentrate"],"picked":"Prepared","floor":5},{"not_picked":["Deadly Poison","Flying Knee"],"picked":"Phantasmal Killer","floor":7},{"not_picked":["Acrobatics","All Out Attack"],"picked":"Cloak And Dagger","floor":10},{"not_picked":["Slice","Dodge and Roll","Sucker Punch"],"picked":"SKIP","floor":11},{"not_picked":["Slice","Dodge and Roll","Sucker Punch"],"picked":"SKIP","floor":11},{"not_picked":["Dagger Spray","Flying Knee","Dodge and Roll"],"picked":"SKIP","floor":12},{"not_picked":["Choke","PiercingWail","Sucker Punch"],"picked":"SKIP","floor":13},{"not_picked":["Acrobatics","Flechettes","Underhanded Strike"],"picked":"SKIP","floor":14},{"not_picked":["A Thousand Cuts","Doppelganger"],"picked":"Night Terror","floor":16},{"not_picked":["Outmaneuver","Slice","Dodge and Roll"],"picked":"SKIP","floor":18},{"not_picked":["Slice","Dodge and Roll"],"picked":"Outmaneuver","floor":18},{"not_picked":["Underhanded Strike","Distraction","Dagger Spray"],"picked":"SKIP","floor":21},{"not_picked":["Infinite Blades+1","Prepared"],"picked":"Malaise","floor":22},{"not_picked":["Sucker Punch","Terror"],"picked":"Tools of the Trade","floor":24}],"player_experience":779872,"relics_obtained":[{"floor":7,"key":"Bottled Lightning"},{"floor":9,"key":"Tough Bandages"},{"floor":11,"key":"Snake Skull"},{"floor":24,"key":"Orichalcum"}],"event_choices":[{"event_name":"Big Fish","player_choice":"Donut","floor":4,"damage_taken":0},{"event_name":"The Mausoleum","player_choice":"Yes","floor":19,"damage_taken":0}],"boss_relics":[{"not_picked":["Pandora\u0027s Box","Astrolabe"],"picked":"Cursed Key"}],"items_purged_floors":[2,20],"is_endless":false,"potions_floor_spawned":[3,5,7,13,24],"killed_by":"3 Cultists","ascension_level":13}