{"gold_per_floor":[114,114,132,132,148,188,204,204,204,204,235,235,274,17,17,116,116,130,150,75,90,115,159,159,200,200,3,3,3,3,3,3,102,102,125,139,139,472,488,515,515,541,541,541,558,211,211,211,211,211,211,211,211,19,53,53],"floor_reached":56,"playtime":3896,"items_purged":["Strike_R+1"],"score":1943,"play_id":"9e54284d-9035-4cd6-99ca-1f54063c76d8","local_time":"20190113022953","is_ascension_mode":true,"campfire_choices":[{"data":"Whirlwind","floor":10.0,"key":"SMITH"},{"data":"Uppercut","floor":12.0,"key":"SMITH"},{"floor":15.0,"key":"REST"},{"floor":28.0,"key":"REST"},{"floor":32.0,"key":"RECALL"},{"floor":41.0,"key":"REST"},{"floor":47,"key":"REST"},{"floor":49,"key":"REST"},{"floor":53,"key":"REST"}],"neow_cost":"NONE","seed_source_timestamp":0,"circlet_count":0,"master_deck":["AscendersBane","Strike_R+1","Strike_R+1","Defend_R+1","Defend_R+1","Defend_R+1","Defend_R+1","Bash+1","Pommel Strike","Whirlwind+1","Uppercut+1","Metallicize","Shrug It Off+1","Flame Barrier+1","Juggernaut","Metallicize","Barricade","Combust","Entrench","Body Slam","Immolate","Brutality","Shrug It Off+1","True Grit+1","Clumsy","Master of Strategy","Rupture"],"special_seed":0,"relics":["Burning Blood","Juzu Bracelet","Self Forming Clay","Bird Faced Urn","Centennial Puzzle","Membership Card","Fusion Hammer","Omamori","Meat on the Bone","Singing Bowl","OrangePellets","Dead Branch","Gambling Chip","Cursed Key","Bottled Lightning","War Paint","Pantograph","Torii","Du-Vu Doll","Bag of Marbles"],"potions_floor_usage":[55,56,56],"damage_taken":[{"damage":9.0,"enemies":"2 Louse","floor":1.0,"turns":4.0},{"damage":1.0,"enemies":"Cultist","floor":3.0,"turns":3.0},{"damage":5.0,"enemies":"Small Slimes","floor":5.0,"turns":4.0},{"damage":35.0,"enemies":"Lagavulin","floor":6.0,"turns":6.0},{"damage":7.0,"enemies":"Looter","floor":7.0,"turns":3.0},{"damage":21.0,"enemies":"3 Sentries","floor":11.0,"turns":6.0},{"damage":21.0,"enemies":"Gremlin Nob","floor":13.0,"turns":4.0},{"damage":23.0,"enemies":"The Guardian","floor":16.0,"turns":14.0},{"damage":2.0,"enemies":"Chosen","floor":18.0,"turns":5.0},{"damage":0.0,"enemies":"3 Byrds","floor":19.0,"turns":5.0},{"damage":23.0,"enemies":"Snecko","floor":21.0,"turns":5.0},{"damage":14.0,"enemies":"3 Cultists","floor":22.0,"turns":4.0},{"damage":12.0,"enemies":"Gremlin Leader","floor":23.0,"turns":5.0},{"damage":44.0,"enemies":"Book of Stabbing","floor":25.0,"turns":6.0},{"damage":19.0,"enemies":"Collector","floor":33.0,"turns":14.0},{"damage":52.0,"enemies":"3 Darklings","floor":35.0,"turns":4.0},{"damage":5.0,"enemies":"3 Shapes","floor":36.0,"turns":5.0},{"damage":18.0,"enemies":"Spire Growth","floor":39.0,"turns":6.0},{"damage":35.0,"enemies":"Nemesis","floor":40.0,"turns":11.0},{"damage":70.0,"enemies":"Reptomancer","floor":42.0,"turns":9.0},{"damage":13,"enemies":"Writhing Mass","floor":45,"turns":7},{"damage":38,"enemies":"Awakened One","floor":50,"turns":19},{"damage":38,"enemies":"Time Eater","floor":51,"turns":11},{"damage":76,"enemies":"Shield and Spear","floor":55,"turns":6},{"damage":74,"enemies":"The Heart","floor":56,"turns":8}],"seed_played":"-8369004868136187308","potions_obtained":[{"floor":3.0,"key":"BloodPotion"},{"floor":11.0,"key":"SpeedPotion"},{"floor":16.0,"key":"Swift Potion"},{"floor":19.0,"key":"EntropicBrew"},{"floor":23.0,"key":"Regen Potion"},{"floor":39.0,"key":"LiquidBronze"},{"floor":40.0,"key":"PowerPotion"},{"floor":42.0,"key":"Swift Potion"},{"floor":55,"key":"AttackPotion"}],"is_trial":false,"path_per_floor":["M","?","M","?","M","E","M","?","T","R","E","R","E","$","R","B",null,"M","M","?","M","M","E","?","E","T","$","R","?","?","?","R","B",null,"M","M","?","?","M","E","R","E","T","?","M","$","R","?","R","B","B",null,"R","$","E","B"],"character_chosen":"IRONCLAD","items_purchased":["Membership Card","Metallicize","OrangePellets","Immolate","Pantograph","Torii","Rupture","Du-Vu Doll"],"campfire_rested":6,"item_purchase_floors":[14,14,27,27,46,46,54,54],"current_hp_per_floor":[72,72,74,74,74,52,51,44,44,44,29,29,16,16,38,27,62,72,74,74,63,63,67,67,49,49,49,71,71,71,71,71,65,72,52,61,61,61,63,46,68,30,30,30,51,51,74,74,78,58,53,72,78,78,30,0],"gold":53,"neow_bonus":"TEN_PERCENT_HP_BONUS","is_prod":false,"is_daily":false,"chose_seed":false,"campfire_upgraded":2,"win_rate":0,"timestamp":1547375393,"path_taken":["M","?","M","?","M","E","M","?","T","R","E","R","E","$","R","BOSS","M","M","?","M","M","E","?","E","T","$","R","?","?","?","R","BOSS","M","M","?","?","M","E","R","E","T","?","M","$","R","?","R","BOSS","BOSS","R","$","E","BOSS"],"build_version":"2019-01-10","purchased_purges":1,"victory":false,"max_hp_per_floor":[82,74,74,74,74,74,74,74,74,74,74,74,74,74,74,74,74,74,74,74,74,74,74,74,74,74,74,74,74,74,74,74,74,74,76,76,72,72,74,74,74,76,76,76,78,78,78,78,78,78,78,78,78,78,80,80],"card_choices":[{"not_picked":["Havoc","Cleave"],"picked":"Pommel Strike","floor":1.0},{"not_picked":["Wild Strike","Perfected Strike"],"picked":"Whirlwind","floor":3.0},{"not_picked":["Warcry","Clash"],"picked":"Uppercut","floor":5.0},{"not_picked":["Evolve","Wild Strike"],"picked":"Metallicize","floor":6.0},{"not_picked":["Dual Wield","True Grit"],"picked":"Shrug It Off","floor":7.0},{"not_picked":["Headbutt","Thunderclap"],"picked":"Flame Barrier","floor":11.0},{"not_picked":["Havoc","Body Slam"],"picked":"Juggernaut","floor":13.0},{"not_picked":["Dark Embrace","Reaper"],"picked":"Barricade","floor":16.0},{"not_picked":["Perfected Strike","Wild Strike","Pommel Strike"],"picked":"SKIP","floor":18.0},{"not_picked":["Twin Strike","Burning Pact"],"picked":"Combust","floor":19.0},{"not_picked":["Combust","Anger","Metallicize"],"picked":"SKIP","floor":21.0},{"not_picked":["Iron Wave+1","Twin Strike","Sever Soul"],"picked":"SKIP","floor":22.0},{"not_picked":["Iron Wave+1","Twin Strike","Sever Soul"],"picked":"SKIP","floor":22.0},{"not_picked":["Reckless Charge+1","Intimidate+1"],"picked":"Entrench","floor":23.0},{"not_picked":["Rage","Burning Pact"],"picked":"Body Slam","floor":25.0},{"not_picked":["Reaper","Offering"],"picked":"Brutality","floor":33.0},{"not_picked":["Iron Wave","Reckless Charge","Cleave"],"picked":"Singing Bowl","floor":35.0},{"not_picked":["Sword Boomerang","Perfected Strike"],"picked":"Shrug It Off+1","floor":36.0},{"not_picked":["Anger","Sword Boomerang","Clash"],"picked":"Singing Bowl","floor":39.0},{"not_picked":["Brutality","Shockwave"],"picked":"True Grit+1","floor":40.0},{"not_picked":["Warcry","Evolve","Reckless Charge"],"picked":"Singing Bowl","floor":42.0},{"not_picked":["Deep Breath","Magnetism"],"picked":"Master of Strategy","floor":44},{"not_picked":["Second Wind+1","Havoc","Iron Wave"],"picked":"Singing Bowl","floor":45},{"not_picked":["Headbutt","Anger","Pommel Strike"],"picked":"Singing Bowl","floor":55}],"player_experience":1173578,"relics_obtained":[{"floor":6.0,"key":"Juzu Bracelet"},{"floor":9.0,"key":"Self Forming Clay"},{"floor":11.0,"key":"Bird Faced Urn"},{"floor":13.0,"key":"Centennial Puzzle"},{"floor":23.0,"key":"Omamori"},{"floor":25.0,"key":"Meat on the Bone"},{"floor":26.0,"key":"Singing Bowl"},{"floor":40.0,"key":"Bottled Lightning"},{"floor":42.0,"key":"War Paint"},{"floor":55,"key":"Bag of Marbles"}],"event_choices":[{"damage_healed":0.0,"max_hp_gain":0.0,"max_hp_loss":8.0,"gold_gain":0.0,"event_name":"Golden Idol","player_choice":"Lose Max HP","floor":2.0,"gold_loss":0.0,"damage_taken":0.0,"relics_obtained":["Golden Idol"]},{"damage_healed":0.0,"max_hp_gain":0.0,"max_hp_loss":0.0,"gold_gain":0.0,"event_name":"Accursed Blacksmith","player_choice":"Forge","floor":4.0,"gold_loss":0.0,"damage_taken":0.0,"cards_upgraded":["Bash"]},{"cards_removed":["Strike_R"],"damage_healed":0.0,"max_hp_gain":0.0,"max_hp_loss":0.0,"gold_gain":0.0,"event_name":"Golden Wing","player_choice":"Card Removal","floor":8.0,"gold_loss":0.0,"damage_taken":7.0},{"cards_removed":["Strike_R"],"damage_healed":0.0,"max_hp_gain":0.0,"max_hp_loss":0.0,"gold_gain":0.0,"event_name":"Beggar","player_choice":"Gave Gold","floor":20.0,"gold_loss":75.0,"damage_taken":0.0},{"damage_healed":0.0,"max_hp_gain":0.0,"max_hp_loss":0.0,"gold_gain":0.0,"event_name":"Back to Basics","player_choice":"Simplicity","floor":24.0,"gold_loss":0.0,"damage_taken":0.0,"cards_upgraded":["Strike_R","Strike_R","Strike_R","Defend_R","Defend_R","Defend_R","Defend_R"]},{"damage_healed":0.0,"max_hp_gain":0.0,"max_hp_loss":0.0,"gold_gain":0.0,"event_name":"Addict","player_choice":"Stole Relic","floor":29.0,"gold_loss":0.0,"damage_taken":0.0,"relics_obtained":["Dead Branch"],"cards_obtained":["Shame"]},{"damage_healed":0.0,"max_hp_gain":0.0,"max_hp_loss":0.0,"gold_gain":0.0,"event_name":"The Mausoleum","player_choice":"Opened","floor":30.0,"gold_loss":0.0,"damage_taken":0.0,"relics_obtained":["Gambling Chip"],"cards_obtained":["Writhe"]},{"damage_healed":0.0,"max_hp_gain":0.0,"max_hp_loss":0.0,"gold_gain":0.0,"event_name":"Vampires","player_choice":"Ignored","floor":31.0,"gold_loss":0.0,"damage_taken":0.0},{"damage_healed":0.0,"max_hp_gain":0.0,"max_hp_loss":4.0,"gold_gain":0.0,"event_name":"Winding Halls","player_choice":"Max HP","floor":37.0,"gold_loss":0.0,"damage_taken":0.0},{"damage_healed":0.0,"max_hp_gain":0.0,"max_hp_loss":0.0,"gold_gain":333.0,"event_name":"The Moai Head","player_choice":"Gave Idol","floor":38.0,"relics_lost":["Golden Idol"],"gold_loss":0.0,"damage_taken":0.0},{"damage_healed":0,"gold_gain":0,"player_choice":"Memory 1","damage_taken":0,"max_hp_gain":0,"max_hp_loss":0,"event_name":"SensoryStone","floor":44,"gold_loss":0},{"damage_healed":0,"gold_gain":0,"player_choice":"0 cards matched","damage_taken":0,"max_hp_gain":0,"max_hp_loss":0,"event_name":"Match and Keep!","floor":48,"gold_loss":0,"cards_obtained":[]}],"is_beta":true,"boss_relics":[{"not_picked":["Coffee Dripper","Black Star"],"picked":"Fusion Hammer"},{"not_picked":["Philosopher\u0027s Stone","Eternal Feather"],"picked":"Cursed Key"}],"items_purged_floors":[46],"is_endless":false,"potions_floor_spawned":[3,11,16,19,23,39,40,42,55],"killed_by":"The Heart","ascension_level":20}