{"gold_per_floor":[117,132,132,181,356,356,13,38,117,6,20,35,51,68,68,173,173,187,200,200,200,214,214,214,214,241,96,114,114,125,0,0,96,96,111,121,121,141,141,176,176,209,260,273,273,285,304,304,304,304],"floor_reached":51,"playtime":5293,"items_purged":["Strike_R","Strike_R+1","Bash+1"],"score":784,"play_id":"faf3f790-ee20-418d-b1dc-e8870fd310c4","local_time":"20181102190624","is_ascension_mode":false,"campfire_choices":[{"data":"Corruption","floor":6,"key":"SMITH"},{"data":"Body Slam","floor":15,"key":"SMITH"},{"data":"Body Slam","floor":23,"key":"SMITH"},{"floor":25,"key":"REST"},{"data":"Barricade","floor":32,"key":"SMITH"},{"data":"Body Slam","floor":41,"key":"SMITH"},{"data":"Metallicize","floor":45,"key":"SMITH"},{"floor":49,"key":"REST"}],"neow_cost":"NONE","seed_source_timestamp":36072816814972,"circlet_count":0,"master_deck":["Defend_R","Defend_R","Defend_R","Defend_R","Corruption+1","Cleave","True Grit+1","Shrug It Off+1","Iron Wave","Second Wind+1","Flame Barrier+1","Shrug It Off+1","Body Slam+1","Ghostly Armor+1","Impervious+1","Entrench+1","Metallicize+1","Flex+1","Metallicize+1","Armaments+1","Body Slam+1","Warcry+1","Armaments+1","Barricade+1","Warcry+1","Offering+1","Body Slam+1","Body Slam+1","Bloodletting+1","Burning Pact+1","Flame Barrier+1"],"relics":["Burning Blood","Omamori","Toxic Egg 2","Incense Burner","Bottled Lightning","Astrolabe","Nilry\u0027s Codex","Anchor","WarpedTongs","Busted Crown","Gambling Chip","Orichalcum","Red Skull"],"potions_floor_usage":[16,16,30,30,38],"damage_taken":[{"damage":0,"enemies":"Cultist","floor":1,"turns":2},{"damage":5,"enemies":"Small Slimes","floor":2,"turns":2},{"damage":22,"enemies":"3 Sentries","floor":8,"turns":8},{"damage":0,"enemies":"Jaw Worm","floor":11,"turns":3},{"damage":0,"enemies":"Looter","floor":12,"turns":4},{"damage":0,"enemies":"Blue Slaver","floor":13,"turns":3},{"damage":5,"enemies":"Red Slaver","floor":14,"turns":4},{"damage":36,"enemies":"Hexaghost","floor":16,"turns":12},{"damage":0,"enemies":"3 Byrds","floor":18,"turns":5},{"damage":0,"enemies":"Spheric Guardian","floor":19,"turns":6},{"damage":8,"enemies":"Chosen and Byrds","floor":22,"turns":12},{"damage":13,"enemies":"3 Cultists","floor":28,"turns":7},{"damage":11,"enemies":"Centurion and Healer","floor":30,"turns":5},{"damage":20,"enemies":"Champ","floor":33,"turns":8},{"damage":18,"enemies":"3 Darklings","floor":35,"turns":3},{"damage":8,"enemies":"3 Shapes","floor":36,"turns":6},{"damage":6,"enemies":"3 Darklings","floor":38,"turns":7},{"damage":6,"enemies":"Nemesis","floor":40,"turns":7},{"damage":9,"enemies":"Giant Head","floor":42,"turns":2},{"damage":5,"enemies":"4 Shapes","floor":44,"turns":5},{"damage":9,"enemies":"Writhing Mass","floor":46,"turns":1},{"damage":6,"enemies":"3 Darklings","floor":47,"turns":4},{"damage":19,"enemies":"Awakened One","floor":50,"turns":7}],"seed_played":"2486364648011842452","potions_obtained":[{"floor":8,"key":"Energy Potion"},{"floor":13,"key":"SmokeBomb"},{"floor":14,"key":"Energy Potion"},{"floor":16,"key":"Regen Potion"},{"floor":18,"key":"Energy Potion"},{"floor":30,"key":"PowerPotion"},{"floor":36,"key":"Block Potion"},{"floor":42,"key":"PowerPotion"},{"floor":46,"key":"EssenceOfSteel"}],"is_trial":false,"path_per_floor":["M","M","?","T","?","R","$","E","T","$","M","M","M","M","R","B",null,"M","M","?","?","M","R","?","R","T","$","M","?","M","$","R","B",null,"M","M","?","M","$","E","R","E","T","M","R","M","M","?","R","B",null],"character_chosen":"IRONCLAD","items_purchased":["Toxic Egg 2","True Grit+1","Shrug It Off+1","Second Wind+1","Armaments+1"],"campfire_rested":2,"item_purchase_floors":[7,7,7,10,27],"current_hp_per_floor":[80,80,64,64,64,64,64,48,48,48,54,60,66,67,67,37,80,80,80,80,64,62,62,47,72,72,72,65,65,69,69,69,55,85,73,71,63,63,63,63,63,60,60,61,61,58,58,58,83,70],"gold":304,"neow_bonus":"ONE_RANDOM_RARE_CARD","is_prod":false,"is_daily":false,"chose_seed":false,"campfire_upgraded":6,"win_rate":0.0,"timestamp":1541181984,"path_taken":["M","?","?","?","?","R","$","E","T","?","?","M","M","M","R","BOSS","M","M","?","?","M","R","?","R","T","?","?","?","M","$","R","BOSS","M","?","?","?","$","E","R","E","T","M","R","?","M","?","R","BOSS"],"build_version":"2018-11-01","purchased_purges":3,"victory":true,"max_hp_per_floor":[80,80,80,80,80,80,80,80,80,80,80,80,80,80,80,80,80,80,80,80,80,80,80,85,85,85,85,85,85,85,85,85,85,85,85,85,85,85,85,85,85,85,85,85,85,85,85,85,85,85],"card_choices":[{"not_picked":["Clothesline","Clash"],"picked":"Corruption","floor":1},{"not_picked":["Corruption","Twin Strike"],"picked":"Cleave","floor":2},{"not_picked":["Rupture","Clothesline"],"picked":"Iron Wave","floor":8},{"not_picked":["Pommel Strike","Anger"],"picked":"Flame Barrier+1","floor":11},{"not_picked":["Pommel Strike","Clothesline"],"picked":"Shrug It Off+1","floor":12},{"not_picked":["True Grit+1","Bludgeon"],"picked":"Body Slam","floor":13},{"not_picked":["Bloodletting+1","Body Slam"],"picked":"Ghostly Armor+1","floor":14},{"not_picked":["Reaper","Berserk"],"picked":"Impervious+1","floor":16},{"not_picked":["Bloodletting+1","Dual Wield+1"],"picked":"Metallicize","floor":18},{"not_picked":["Sword Boomerang","Anger"],"picked":"Armaments+1","floor":19},{"not_picked":["Sword Boomerang","Clothesline+1"],"picked":"Warcry+1","floor":22},{"not_picked":["Rampage","Clothesline"],"picked":"Barricade","floor":28},{"not_picked":["Cleave","True Grit+1"],"picked":"Warcry+1","floor":30},{"not_picked":["Dark Embrace","Reaper"],"picked":"Offering+1","floor":33},{"not_picked":[],"picked":"Body Slam","floor":35},{"not_picked":[],"picked":"Body Slam+1","floor":36},{"not_picked":[],"picked":"Bloodletting+1","floor":38},{"not_picked":["Uppercut"],"picked":"SKIP","floor":40},{"not_picked":["Thunderclap+1"],"picked":"SKIP","floor":42},{"not_picked":[],"picked":"Burning Pact+1","floor":44},{"not_picked":["Cleave+1"],"picked":"SKIP","floor":46},{"not_picked":[],"picked":"Flame Barrier+1","floor":47}],"player_experience":12302,"relics_obtained":[{"floor":4,"key":"Omamori"},{"floor":8,"key":"Incense Burner"},{"floor":9,"key":"Bottled Lightning"},{"floor":21,"key":"Nilry\u0027s Codex"},{"floor":26,"key":"Anchor"},{"floor":40,"key":"Gambling Chip"},{"floor":42,"key":"Orichalcum"},{"floor":43,"key":"Red Skull"}],"event_choices":[{"damage_healed":0,"gold_gain":0,"player_choice":"Entered Light","damage_taken":16,"max_hp_gain":0,"max_hp_loss":0,"event_name":"Shining Light","floor":3,"gold_loss":0,"cards_upgraded":["Bash","Strike_R"]},{"damage_healed":0,"gold_gain":175,"player_choice":"AGREE","damage_taken":0,"max_hp_gain":0,"max_hp_loss":0,"event_name":"Liars Game","floor":5,"gold_loss":0,"cards_obtained":["Doubt"]},{"damage_healed":0,"gold_gain":0,"player_choice":"Read","damage_taken":0,"max_hp_gain":0,"max_hp_loss":0,"event_name":"The Library","floor":20,"gold_loss":0,"cards_obtained":["Body Slam"]},{"damage_healed":0,"gold_gain":0,"player_choice":"Obtained Book","damage_taken":16,"max_hp_gain":0,"max_hp_loss":0,"event_name":"Cursed Tome","floor":21,"gold_loss":0},{"damage_healed":0,"gold_gain":0,"player_choice":"Shed Blood","damage_taken":20,"max_hp_gain":5,"max_hp_loss":0,"event_name":"Forgotten Altar","floor":24,"gold_loss":0},{"damage_healed":0,"gold_gain":0,"player_choice":"Rummage","damage_taken":0,"relics_obtained":["WarpedTongs"],"max_hp_gain":0,"max_hp_loss":0,"event_name":"Accursed Blacksmith","floor":29,"gold_loss":0,"cards_obtained":["Pain"]},{"damage_healed":0,"gold_gain":0,"player_choice":"Damaged","damage_taken":8,"max_hp_gain":0,"max_hp_loss":0,"event_name":"Wheel of Change","floor":37,"gold_loss":0},{"cards_removed":["Bludgeon"],"damage_healed":0,"gold_gain":0,"player_choice":"Removed Attack","damage_taken":0,"max_hp_gain":0,"max_hp_loss":0,"event_name":"Falling","floor":48,"gold_loss":0}],"is_beta":false,"boss_relics":[{"not_picked":["Fusion Hammer","Snecko Eye"],"picked":"Astrolabe"},{"not_picked":["Eternal Feather","Runic Cube"],"picked":"Busted Crown"}],"items_purged_floors":[10,27,31],"is_endless":false,"potions_floor_spawned":[8,13,14,16,18,30,36,42,46],"ascension_level":0}