{"gold_per_floor":[112,112,124,1,13,13,40,53,108,126,126,401,429,2,2,107,107,93,113,124,124,137,137],"floor_reached":23,"playtime":2082,"items_purged":["Defend_R","Regret"],"score":223,"play_id":"12f19f98-550b-47ac-aa71-5ddf8f92d85f","local_time":"20190912143208","is_ascension_mode":true,"campfire_choices":[{"floor":6,"key":"RECALL"},{"data":"Body Slam","floor":11,"key":"SMITH"},{"data":"Pommel Strike","floor":15,"key":"SMITH"}],"neow_cost":"NONE","seed_source_timestamp":10170174808600,"circlet_count":0,"master_deck":["Strike_R","Strike_R","Strike_R","Strike_R","Defend_R","Defend_R","Defend_R","Bash","Pommel Strike+1","Rage","Shrug It Off","Inflame","Body Slam+1","Juggernaut","Headbutt","Cleave","Metallicize","Barricade","Uppercut+1","Body Slam+1","Entrench"],"relics":["Burning Blood","NeowsBlessing","Paper Frog","Anchor","Happy Flower","Molten Egg 2","Fusion Hammer"],"potions_floor_usage":[8,13,16,18,20,22,23],"damage_taken":[{"damage":0,"enemies":"2 Louse","floor":1,"turns":1},{"damage":0,"enemies":"Cultist","floor":3,"turns":1},{"damage":0,"enemies":"Jaw Worm","floor":5,"turns":1},{"damage":24,"enemies":"3 Sentries","floor":7,"turns":9},{"damage":11,"enemies":"Exordium Thugs","floor":8,"turns":4},{"damage":0,"enemies":"Large Slime","floor":10,"turns":4},{"damage":17,"enemies":"Gremlin Nob","floor":13,"turns":4},{"damage":35,"enemies":"The Guardian","floor":16,"turns":9},{"damage":9,"enemies":"2 Thieves","floor":18,"turns":4},{"damage":0,"enemies":"Chosen","floor":19,"turns":3},{"damage":13,"enemies":"Centurion and Healer","floor":20,"turns":4},{"damage":24,"enemies":"Shelled Parasite and Fungi","floor":22,"turns":4},{"damage":57,"enemies":"Slavers","floor":23,"turns":2}],"seed_played":"-2835511388093700334","potions_obtained":[{"floor":3,"key":"Weak Potion"},{"floor":5,"key":"LiquidBronze"},{"floor":8,"key":"SteroidPotion"},{"floor":13,"key":"SpeedPotion"},{"floor":16,"key":"Block Potion"},{"floor":19,"key":"Swift Potion"},{"floor":20,"key":"SkillPotion"},{"floor":22,"key":"DuplicationPotion"}],"is_trial":false,"path_per_floor":["M","?","M","$","M","R","E","M","T","M","R","?","E","$","R","B",null,"M","M","M","$","M","E"],"character_chosen":"IRONCLAD","items_purchased":["Shrug It Off","Metallicize","Molten Egg 2"],"campfire_rested":0,"item_purchase_floors":[4,14,14],"current_hp_per_floor":[80,80,80,80,80,80,62,57,57,63,63,63,52,52,52,23,80,77,80,73,73,55,0],"gold":137,"neow_bonus":"THREE_ENEMY_KILL","is_prod":false,"is_daily":false,"chose_seed":false,"campfire_upgraded":2,"win_rate":0,"timestamp":1568269928,"path_taken":["M","?","?","?","M","R","E","M","T","M","R","?","E","$","R","BOSS","M","M","M","$","M","E"],"build_version":"2019-09-11","purchased_purges":2,"victory":false,"max_hp_per_floor":[80,80,80,80,80,80,80,80,80,80,80,80,80,80,80,80,80,80,80,80,80,80,80],"card_choices":[{"not_picked":["True Grit","Combust"],"picked":"Pommel Strike","floor":1},{"not_picked":["Pummel","Clash"],"picked":"Rage","floor":3},{"not_picked":["Iron Wave","Searing Blow"],"picked":"Inflame","floor":5},{"not_picked":["Ghostly Armor","Sword Boomerang"],"picked":"Body Slam","floor":7},{"not_picked":["Anger","Metallicize"],"picked":"Juggernaut","floor":8},{"not_picked":["Twin Strike","Flex"],"picked":"Headbutt","floor":10},{"not_picked":["Twin Strike","Iron Wave"],"picked":"Cleave","floor":13},{"not_picked":["Exhume","Double Tap"],"picked":"Barricade","floor":16},{"not_picked":["Twin Strike+1","Evolve"],"picked":"Uppercut+1","floor":18},{"not_picked":["Sever Soul+1","Clash+1"],"picked":"Body Slam+1","floor":19},{"not_picked":["Flex","Clash+1","Clothesline+1"],"picked":"SKIP","floor":20},{"not_picked":["Thunderclap+1","Heavy Blade+1"],"picked":"Entrench","floor":22}],"player_experience":121565,"relics_obtained":[{"floor":7,"key":"Paper Frog"},{"floor":9,"key":"Anchor"},{"floor":13,"key":"Happy Flower"}],"event_choices":[{"cards_removed":["Strike_R"],"damage_healed":0,"gold_gain":0,"player_choice":"Offered Basic","damage_taken":0,"max_hp_gain":0,"max_hp_loss":0,"event_name":"Bonfire Elementals","floor":2,"gold_loss":0},{"damage_healed":0,"gold_gain":275,"player_choice":"Desecrate","damage_taken":0,"max_hp_gain":0,"max_hp_loss":0,"event_name":"Golden Shrine","floor":12,"gold_loss":0,"cards_obtained":["Regret"]}],"is_beta":true,"boss_relics":[{"not_picked":["SacredBark","Ectoplasm"],"picked":"Fusion Hammer"}],"items_purged_floors":[4,14],"is_endless":false,"potions_floor_spawned":[3,5,8,13,16,19,20,22],"killed_by":"Slavers","ascension_level":2}