{"gold_per_floor":[111,131,131,43,43,78,90,108,108,126,136,136],"floor_reached":12,"playtime":792,"items_purged":[],"score":214,"play_id":"634abde6-d820-4b60-a588-7047edbdd796","local_time":"20190815001714","is_ascension_mode":true,"campfire_choices":[],"neow_cost":"NONE","seed_source_timestamp":4490769127014200,"circlet_count":0,"master_deck":["AscendersBane","Strike_G","Strike_G","Strike_G","Defend_G","Defend_G","Defend_G","Defend_G","Defend_G","Survivor","Neutralize","Riddle With Holes","Dagger Spray","Footwork","Backflip","PiercingWail","Malaise","Dagger Spray","Finisher","Blade Dance"],"special_seed":0,"relics":["Ring of the Snake","NeowsBlessing","Strawberry","Blood Vial"],"potions_floor_usage":[],"damage_taken":[{"damage":0.0,"enemies":"Small Slimes","floor":1.0,"turns":1.0},{"damage":0.0,"enemies":"Cultist","floor":2.0,"turns":1.0},{"damage":0.0,"enemies":"Gremlin Nob","floor":6.0,"turns":1.0},{"damage":0.0,"enemies":"2 Louse","floor":7.0,"turns":2.0},{"damage":0.0,"enemies":"2 Fungi Beasts","floor":8.0,"turns":4.0},{"damage":1.0,"enemies":"Looter","floor":10.0,"turns":5.0},{"damage":6.0,"enemies":"3 Louse","floor":11.0,"turns":3.0},{"damage":63,"enemies":"Lagavulin","floor":12,"turns":12}],"seed_played":"4551228264822437870","potions_obtained":[{"floor":1.0,"key":"FearPotion"},{"floor":2.0,"key":"Energy Potion"},{"floor":8.0,"key":"Strength Potion"}],"is_trial":false,"path_per_floor":["M","M","?","$","?","E","M","M","T","M","M","E"],"character_chosen":"THE_SILENT","items_purchased":["Footwork"],"campfire_rested":0,"item_purchase_floors":[4],"current_hp_per_floor":[59,59,52,52,52,59,59,59,59,60,56,0],"gold":136,"neow_bonus":"THREE_ENEMY_KILL","is_prod":false,"is_daily":false,"chose_seed":false,"campfire_upgraded":0,"win_rate":0,"timestamp":1565853434,"path_taken":["M","M","?","$","?","E","M","M","T","?","M","E"],"build_version":"2019-07-18","purchased_purges":0,"victory":false,"max_hp_per_floor":[66,66,66,66,66,73,73,73,73,73,73,73],"card_choices":[{"not_picked":["Poisoned Stab","Terror"],"picked":"Riddle With Holes","floor":1.0},{"not_picked":["Acrobatics","Poisoned Stab"],"picked":"Dagger Spray","floor":2.0},{"not_picked":["Underhanded Strike","Acrobatics"],"picked":"PiercingWail","floor":6.0},{"not_picked":["Dagger Spray","Blade Dance"],"picked":"Malaise","floor":7.0},{"not_picked":["Calculated Gamble","Accuracy"],"picked":"Dagger Spray","floor":8.0},{"not_picked":["Crippling Poison","Prepared"],"picked":"Finisher","floor":10.0},{"not_picked":["Acrobatics","Choke"],"picked":"Blade Dance","floor":11.0}],"player_experience":3530585,"relics_obtained":[{"floor":6.0,"key":"Strawberry"},{"floor":9.0,"key":"Blood Vial"}],"event_choices":[{"cards_removed":["Strike_G"],"damage_healed":0.0,"max_hp_gain":0.0,"max_hp_loss":0.0,"gold_gain":0.0,"event_name":"Golden Wing","player_choice":"Card Removal","floor":3.0,"gold_loss":0.0,"damage_taken":7.0},{"damage_healed":0.0,"max_hp_gain":0.0,"max_hp_loss":0.0,"gold_gain":0.0,"cards_transformed":["Strike_G"],"event_name":"Transmorgrifier","player_choice":"Transformed","floor":5.0,"gold_loss":0.0,"damage_taken":0.0,"cards_obtained":["Backflip"]}],"is_beta":true,"boss_relics":[],"items_purged_floors":[],"is_endless":false,"potions_floor_spawned":[1,2,8,10],"killed_by":"Lagavulin","ascension_level":20}