{"gold_per_floor":[118,130,0,0,0,0,33,45,91,91,117,148,176,203,215,301,313,344,456,448,479,506,518,550,562,574,602,634,646,658,689,701,790,802,826,851,863,875],"floor_reached":38,"playtime":2998,"items_purged":[],"score":747,"play_id":"f4bc3c07-cdb8-43d3-ac33-fa528247a62b","local_time":"20190312202558","is_ascension_mode":true,"campfire_choices":[{"data":"Uppercut","floor":6,"key":"SMITH"},{"data":"Armaments","floor":15,"key":"SMITH"},{"data":"Limit Break","floor":23,"key":"SMITH"},{"floor":25,"key":"REST"},{"floor":29,"key":"REST"},{"floor":32,"key":"REST"}],"neow_cost":"NONE","seed_source_timestamp":232776631808557,"circlet_count":0,"master_deck":["AscendersBane","Strike_R","Strike_R","Strike_R","Defend_R","Defend_R","Defend_R","Defend_R","Bash","Seeing Red","Wild Strike","Uppercut+1","Armaments+1","Heavy Blade","Fiend Fire","Iron Wave","Havoc","Dropkick","Limit Break+1","Power Through","Headbutt+1","Spot Weakness+1","Spot Weakness","Metallicize","True Grit","Offering","Sever Soul+1","Evolve"],"relics":["Burning Blood","Bag of Preparation","Bag of Marbles","Vajra","Pear","MawBank","Runic Cube","Nunchaku","The Courier","Shovel","Philosopher\u0027s Stone"],"potions_floor_usage":[2,13,14,16,21,28,33,36],"damage_taken":[{"damage":1,"enemies":"Cultist","floor":1,"turns":4},{"damage":0,"enemies":"Jaw Worm","floor":2,"turns":1},{"damage":35,"enemies":"3 Sentries","floor":7,"turns":10},{"damage":1,"enemies":"Small Slimes","floor":8,"turns":3},{"damage":0,"enemies":"Gremlin Nob","floor":11,"turns":2},{"damage":0,"enemies":"2 Fungi Beasts","floor":12,"turns":2},{"damage":9,"enemies":"Lots of Slimes","floor":13,"turns":3},{"damage":0,"enemies":"Exordium Wildlife","floor":14,"turns":3},{"damage":22,"enemies":"Hexaghost","floor":16,"turns":5},{"damage":29,"enemies":"2 Thieves","floor":18,"turns":4},{"damage":10,"enemies":"Colosseum Slavers","floor":19,"turns":3},{"damage":9,"enemies":"Colosseum Nobs","floor":19,"turns":5},{"damage":0,"enemies":"Shell Parasite","floor":21,"turns":1},{"damage":0,"enemies":"Snake Plant","floor":22,"turns":1},{"damage":30,"enemies":"Snecko","floor":24,"turns":5},{"damage":6,"enemies":"Shelled Parasite and Fungi","floor":27,"turns":2},{"damage":33,"enemies":"3 Cultists","floor":28,"turns":5},{"damage":18,"enemies":"Snake Plant","floor":31,"turns":3},{"damage":60,"enemies":"Champ","floor":33,"turns":12},{"damage":26,"enemies":"3 Shapes","floor":35,"turns":3},{"damage":36,"enemies":"3 Darklings","floor":36,"turns":6},{"damage":26,"enemies":"Spire Growth","floor":38,"turns":3}],"seed_played":"5290249830528012183","potions_obtained":[{"floor":1,"key":"Fire Potion"},{"floor":8,"key":"Ancient Potion"},{"floor":12,"key":"Poison Potion"},{"floor":14,"key":"SteroidPotion"},{"floor":19,"key":"Ancient Potion"},{"floor":20,"key":"Swift Potion"},{"floor":24,"key":"Fire Potion"},{"floor":33,"key":"Ancient Potion"},{"floor":35,"key":"AttackPotion"}],"is_trial":false,"path_per_floor":["M","M","$","?","?","R","E","M","T","T","E","M","M","M","R","B",null,"M","?","?","M","M","R","M","R","T","M","M","R","$","M","R","B",null,"M","M","$","M"],"character_chosen":"IRONCLAD","items_purchased":["Uppercut","Armaments"],"campfire_rested":3,"item_purchase_floors":[3,3],"current_hp_per_floor":[73,75,75,68,68,68,39,44,44,54,60,66,63,69,69,53,77,54,47,47,53,59,59,35,60,60,60,33,58,58,46,71,17,68,48,18,18,0],"gold":875,"neow_bonus":"RANDOM_COMMON_RELIC","is_prod":false,"is_daily":false,"chose_seed":false,"campfire_upgraded":3,"win_rate":0,"timestamp":1552418758,"path_taken":["M","M","$","?","?","R","E","?","T","?","E","M","M","M","R","BOSS","M","?","?","?","M","R","M","R","T","M","M","R","$","M","R","BOSS","M","M","$","M"],"build_version":"2019-02-06","purchased_purges":0,"victory":false,"max_hp_per_floor":[75,75,75,75,75,75,75,75,75,85,85,85,85,85,85,85,85,85,85,85,85,85,85,85,85,85,85,85,85,85,85,85,85,85,85,85,85,85],"card_choices":[{"not_picked":["Heavy Blade","Flex"],"picked":"Seeing Red","floor":1},{"not_picked":["Pummel","Sword Boomerang"],"picked":"Wild Strike","floor":2},{"not_picked":["Berserk","Cleave"],"picked":"Fiend Fire","floor":7},{"not_picked":["Rupture","Cleave","Armaments"],"picked":"SKIP","floor":8},{"not_picked":["Fire Breathing","Wild Strike"],"picked":"Iron Wave","floor":11},{"not_picked":["Rampage","Clash","Twin Strike"],"picked":"SKIP","floor":12},{"not_picked":["Armaments","Whirlwind"],"picked":"Havoc","floor":13},{"not_picked":["Headbutt","Uppercut"],"picked":"Dropkick","floor":14},{"not_picked":["Brutality","Reaper"],"picked":"Limit Break","floor":16},{"not_picked":["Flex","Havoc","Clash"],"picked":"SKIP","floor":18},{"not_picked":["Cleave","Warcry"],"picked":"Power Through","floor":19},{"not_picked":["Cleave","Twin Strike"],"picked":"Headbutt+1","floor":21},{"not_picked":["Blood for Blood","Anger+1"],"picked":"Spot Weakness+1","floor":22},{"not_picked":["Clothesline","Pommel Strike+1"],"picked":"Spot Weakness","floor":24},{"not_picked":["Clash","Body Slam","Clothesline"],"picked":"SKIP","floor":27},{"not_picked":["Wild Strike","Heavy Blade"],"picked":"Metallicize","floor":28},{"not_picked":["Metallicize","Havoc"],"picked":"True Grit","floor":31},{"not_picked":["Double Tap","Impervious"],"picked":"Offering","floor":33},{"not_picked":["Ghostly Armor","Anger"],"picked":"Sever Soul+1","floor":35},{"not_picked":["Anger","Clash+1"],"picked":"Evolve","floor":36}],"player_experience":215460,"relics_obtained":[{"floor":7,"key":"Bag of Marbles"},{"floor":9,"key":"Vajra"},{"floor":10,"key":"Pear"},{"floor":11,"key":"MawBank"},{"floor":19,"key":"Nunchaku"},{"floor":19,"key":"The Courier"},{"floor":26,"key":"Shovel"}],"event_choices":[{"cards_removed":["Strike_R"],"damage_healed":0,"gold_gain":0,"player_choice":"Card Removal","damage_taken":7,"max_hp_gain":0,"max_hp_loss":0,"event_name":"Golden Wing","floor":4,"gold_loss":0},{"damage_healed":0,"gold_gain":0,"cards_transformed":["Strike_R"],"player_choice":"Transformed","damage_taken":0,"max_hp_gain":0,"max_hp_loss":0,"event_name":"Transmorgrifier","floor":5,"gold_loss":0,"cards_obtained":["Heavy Blade"]},{"damage_healed":0,"gold_gain":0,"player_choice":"Fight","damage_taken":0,"max_hp_gain":0,"max_hp_loss":0,"event_name":"Colosseum","floor":19,"gold_loss":0},{"damage_healed":0,"gold_gain":0,"player_choice":"Fought Nobs","damage_taken":0,"max_hp_gain":0,"max_hp_loss":0,"event_name":"Colosseum","floor":19,"gold_loss":0},{"damage_healed":0,"gold_gain":0,"player_choice":"Bought 1 Potion","damage_taken":0,"max_hp_gain":0,"max_hp_loss":0,"event_name":"The Woman in Blue","floor":20,"gold_loss":0}],"is_beta":true,"boss_relics":[{"not_picked":["Coffee Dripper","Black Blood"],"picked":"Runic Cube"},{"not_picked":["White Beast Statue","Calling Bell"],"picked":"Philosopher\u0027s Stone"}],"items_purged_floors":[],"is_endless":false,"potions_floor_spawned":[1,8,12,14,19,24,27,33,35],"killed_by":"Spire Growth","ascension_level":16}