{"gold_per_floor":[110,35,46,60,60,60,87,87,110,32,32,46,59,69,69,146,146,161,177,189,205,223,223,223,223,223,223,238,264,264,264,264,337,337,349,369,369,27,43,43,54,54,54,68,68,12,12,0,0,0,0],"floor_reached":51,"playtime":3043,"items_purged":[],"score":1413,"play_id":"265b55ba-bc99-4552-92d4-75118c26fcc2","local_time":"20190816025023","is_ascension_mode":true,"campfire_choices":[{"data":"Bouncing Flask","floor":6.0,"key":"SMITH"},{"data":"Setup","floor":8.0,"key":"SMITH"},{"data":"Catalyst","floor":11.0,"key":"SMITH"},{"data":"Catalyst","floor":15.0,"key":"SMITH"},{"data":"Wraith Form v2","floor":23.0,"key":"SMITH"},{"data":"RitualDagger","floor":25.0,"key":"SMITH"},{"data":"Well Laid Plans","floor":27.0,"key":"SMITH"},{"data":"Leg Sweep","floor":32.0,"key":"SMITH"},{"data":"Catalyst","floor":40.0,"key":"SMITH"},{"data":"Night Terror","floor":42.0,"key":"SMITH"},{"data":"Corpse Explosion","floor":45.0,"key":"SMITH"},{"data":"Sadistic Nature","floor":47.0,"key":"SMITH"},{"data":"Neutralize","floor":49.0,"key":"SMITH"}],"neow_cost":"NONE","seed_source_timestamp":4582071041618600,"circlet_count":0,"master_deck":["AscendersBane","Strike_G","Strike_G","Strike_G","Strike_G","Defend_G","Defend_G","Defend_G","Defend_G","Defend_G","Survivor","Neutralize+1","Choke","Bouncing Flask+1","Flying Knee","Setup+1","Catalyst+1","Wraith Form v2+1","Catalyst+1","Dash","Corpse Explosion+1","Blur","Leg Sweep+1","Well Laid Plans+1","RitualDagger+1","Deadly Poison+1","PiercingWail","Night Terror+1","Leg Sweep+1","Quick Slash+1","Forethought","Sadistic Nature+1","Finesse","Catalyst+1","Calculated Gamble+1","Backflip+1"],"special_seed":0,"relics":["Ring of the Snake","NeowsBlessing","WarpedTongs","Ancient Tea Set","Anchor","Coffee Dripper","Pear","Lantern","Velvet Choker","Ice Cream","Toxic Egg 2","Red Mask"],"potions_floor_usage":[],"damage_taken":[{"damage":0.0,"enemies":"Cultist","floor":1.0,"turns":1.0},{"damage":0.0,"enemies":"2 Louse","floor":3.0,"turns":1.0},{"damage":0.0,"enemies":"Jaw Worm","floor":4.0,"turns":1.0},{"damage":31.0,"enemies":"Lagavulin","floor":7.0,"turns":6.0},{"damage":2.0,"enemies":"2 Fungi Beasts","floor":12.0,"turns":2.0},{"damage":1.0,"enemies":"3 Louse","floor":13.0,"turns":4.0},{"damage":0.0,"enemies":"Red Slaver","floor":14.0,"turns":2.0},{"damage":2.0,"enemies":"The Guardian","floor":16.0,"turns":5.0},{"damage":0.0,"enemies":"2 Thieves","floor":18.0,"turns":1.0},{"damage":4.0,"enemies":"Chosen","floor":19.0,"turns":4.0},{"damage":3.0,"enemies":"Snecko","floor":20.0,"turns":4.0},{"damage":0.0,"enemies":"Cultist and Chosen","floor":21.0,"turns":3.0},{"damage":0.0,"enemies":"Chosen and Byrds","floor":22.0,"turns":3.0},{"damage":2.0,"enemies":"3 Cultists","floor":28.0,"turns":3.0},{"damage":23.0,"enemies":"Gremlin Leader","floor":29.0,"turns":5.0},{"damage":6.0,"enemies":"Automaton","floor":33.0,"turns":6.0},{"damage":17.0,"enemies":"3 Darklings","floor":35.0,"turns":2.0},{"damage":0.0,"enemies":"3 Shapes","floor":36.0,"turns":4.0},{"damage":9.0,"enemies":"Writhing Mass","floor":39.0,"turns":3.0},{"damage":0.0,"enemies":"Jaw Worm Horde","floor":41.0,"turns":5.0},{"damage":0.0,"enemies":"3 Darklings","floor":44.0,"turns":5.0},{"damage":4.0,"enemies":"Awakened One","floor":50.0,"turns":14.0},{"damage":31,"enemies":"Time Eater","floor":51,"turns":6}],"seed_played":"-4293276339026185337","potions_obtained":[{"floor":7.0,"key":"Explosive Potion"},{"floor":13.0,"key":"EssenceOfSteel"},{"floor":14.0,"key":"SkillPotion"},{"floor":16.0,"key":"EssenceOfSteel"},{"floor":21.0,"key":"Poison Potion"},{"floor":29.0,"key":"Swift Potion"},{"floor":39.0,"key":"Explosive Potion"},{"floor":41.0,"key":"GhostInAJar"},{"floor":44.0,"key":"SteroidPotion"}],"is_trial":false,"path_per_floor":["M","?","M","M","?","R","E","R","T","$","R","M","M","M","R","B",null,"M","M","M","M","M","R","?","R","T","R","M","E","?","?","R","B",null,"M","M","?","$","M","R","M","R","T","M","R","$","R","?","R","B","B"],"character_chosen":"THE_SILENT","items_purchased":["Catalyst","Ice Cream","Dexterity Potion"],"campfire_rested":0,"item_purchase_floors":[10,38,46],"current_hp_per_floor":[59,59,59,59,59,59,28,28,28,28,28,26,25,25,25,23,55,55,51,48,48,48,48,42,42,52,52,50,27,27,27,27,21,62,45,45,35,35,26,26,26,26,26,26,26,26,26,26,26,22,0],"gold":0,"neow_bonus":"THREE_ENEMY_KILL","is_prod":false,"is_daily":false,"chose_seed":false,"campfire_upgraded":13,"win_rate":0,"timestamp":1565949023,"path_taken":["M","?","M","M","?","R","E","R","T","$","R","M","M","M","R","BOSS","M","M","?","M","M","R","?","R","T","R","M","E","?","?","R","BOSS","M","M","?","$","M","R","M","R","T","M","R","$","R","?","R","BOSS","BOSS"],"build_version":"2019-08-15","purchased_purges":0,"victory":false,"max_hp_per_floor":[66,66,66,66,66,66,66,66,66,66,66,66,66,66,66,66,66,66,66,66,66,66,66,66,66,76,76,76,76,76,76,76,76,76,76,76,76,76,76,76,76,76,76,76,76,76,76,76,76,76,76],"card_choices":[{"not_picked":["Dodge and Roll","PiercingWail"],"picked":"Choke","floor":1.0},{"not_picked":["Terror","Bane"],"picked":"Bouncing Flask","floor":3.0},{"not_picked":["PiercingWail","Dodge and Roll"],"picked":"Flying Knee","floor":4.0},{"not_picked":["Prepared","Backflip"],"picked":"Setup","floor":7.0},{"not_picked":["PiercingWail","Sucker Punch"],"picked":"Wraith Form v2","floor":12.0},{"not_picked":["Poisoned Stab","Acrobatics"],"picked":"Catalyst","floor":13.0},{"not_picked":["Reflex","Blade Dance"],"picked":"Dash","floor":14.0},{"not_picked":["Night Terror","Glass Knife"],"picked":"Corpse Explosion","floor":16.0},{"not_picked":["Dagger Throw","Calculated Gamble"],"picked":"Blur","floor":18.0},{"not_picked":["Finisher","Riddle With Holes","Flying Knee"],"picked":"SKIP","floor":19.0},{"not_picked":["Dagger Throw","Outmaneuver","Blade Dance"],"picked":"SKIP","floor":20.0},{"not_picked":["Caltrops","Sucker Punch"],"picked":"Leg Sweep","floor":21.0},{"not_picked":["Masterful Stab","Sucker Punch"],"picked":"Well Laid Plans","floor":22.0},{"not_picked":["Eviscerate","Prepared"],"picked":"Deadly Poison+1","floor":28.0},{"not_picked":["Eviscerate","Acrobatics"],"picked":"PiercingWail","floor":29.0},{"not_picked":["Wraith Form v2","Grand Finale"],"picked":"Night Terror","floor":33.0},{"not_picked":["PiercingWail","Setup+1"],"picked":"Leg Sweep+1","floor":35.0},{"not_picked":["Acrobatics","Flying Knee"],"picked":"Quick Slash+1","floor":36.0},{"not_picked":["Madness","Jack Of All Trades"],"picked":"Forethought","floor":37.0},{"not_picked":["Deep Breath","Thinking Ahead"],"picked":"Sadistic Nature","floor":37.0},{"not_picked":["Forethought","Flash of Steel"],"picked":"Finesse","floor":37.0},{"not_picked":["Setup","Concentrate"],"picked":"Catalyst","floor":39.0},{"not_picked":["Outmaneuver","Dagger Spray+1"],"picked":"Calculated Gamble+1","floor":41.0},{"not_picked":["Cloak And Dagger+1","Endless Agony"],"picked":"Backflip+1","floor":44.0}],"player_experience":3542900,"relics_obtained":[{"floor":7.0,"key":"Ancient Tea Set"},{"floor":9.0,"key":"Anchor"},{"floor":26.0,"key":"Pear"},{"floor":29.0,"key":"Lantern"},{"floor":43.0,"key":"Toxic Egg 2"}],"event_choices":[{"cards_removed":["Strike_G"],"damage_healed":0.0,"max_hp_gain":0.0,"max_hp_loss":0.0,"gold_gain":0.0,"event_name":"The Cleric","player_choice":"Card Removal","floor":2.0,"gold_loss":75.0,"damage_taken":0.0},{"damage_healed":0.0,"max_hp_gain":0.0,"max_hp_loss":0.0,"gold_gain":0.0,"event_name":"Accursed Blacksmith","player_choice":"Rummage","floor":5.0,"gold_loss":0.0,"damage_taken":0.0,"relics_obtained":["WarpedTongs"],"cards_obtained":["Pain"]},{"damage_healed":0.0,"max_hp_gain":0.0,"max_hp_loss":0.0,"gold_gain":0.0,"event_name":"Nest","player_choice":"Joined the Cult","floor":24.0,"gold_loss":0.0,"damage_taken":6.0,"cards_obtained":["RitualDagger"]},{"damage_healed":0.0,"max_hp_gain":0.0,"max_hp_loss":0.0,"gold_gain":0.0,"event_name":"Forgotten Altar","player_choice":"Smashed Altar","floor":30.0,"gold_loss":0.0,"damage_taken":0.0,"cards_obtained":["Decay"]},{"cards_removed":["Decay","Pain"],"damage_healed":0.0,"max_hp_gain":0.0,"max_hp_loss":0.0,"gold_gain":0.0,"event_name":"Fountain of Cleansing","player_choice":"Removed Curses","floor":31.0,"gold_loss":0.0,"damage_taken":0.0},{"damage_healed":0.0,"max_hp_gain":0.0,"max_hp_loss":0.0,"gold_gain":0.0,"event_name":"SensoryStone","player_choice":"Memory 3","floor":37.0,"gold_loss":0.0,"damage_taken":10.0},{"damage_healed":0.0,"max_hp_gain":0.0,"max_hp_loss":0.0,"gold_gain":0.0,"event_name":"Tomb of Lord Red Mask","player_choice":"Paid","floor":48.0,"gold_loss":12.0,"damage_taken":0.0,"relics_obtained":["Red Mask"]}],"is_beta":true,"boss_relics":[{"not_picked":["White Beast Statue","Calling Bell"],"picked":"Coffee Dripper"},{"not_picked":["Black Star","Philosopher\u0027s Stone"],"picked":"Velvet Choker"}],"items_purged_floors":[],"is_endless":false,"potions_floor_spawned":[7,13,14,16,19,21,29,39,41,44],"killed_by":"Time Eater","ascension_level":20}