{"gold_per_floor":[211,223,35,67,67,67,109,192,192,243,243,277,352,409,409,511,511,516,573,573,617,617,642],"floor_reached":23,"playtime":1064,"items_purged":[],"score":434,"play_id":"d3479c9f-b9a3-44a5-8637-c3a3f5e9b21e","local_time":"20190611153851","is_ascension_mode":true,"campfire_choices":[{"data":"HandOfGreed","floor":6,"key":"SMITH"},{"floor":11,"key":"REST"},{"data":"Disarm","floor":15,"key":"SMITH"}],"neow_cost":"NONE","seed_source_timestamp":4033017107290361,"circlet_count":0,"master_deck":["AscendersBane","Strike_R+1","Strike_R+1","Strike_R+1","Strike_R+1","Defend_R+1","Defend_R+1","Defend_R+1","Defend_R+1","Bash","Anger","Cleave","HandOfGreed+1","Feel No Pain","Disarm+1","Metallicize","Headbutt","Shrug It Off","Rampage","Flame Barrier","Reaper","Shockwave","Shrug It Off"],"relics":["Burning Blood","Red Skull","Centennial Puzzle","Sundial","Anchor","Odd Mushroom","Girya","Runic Pyramid","Red Mask"],"potions_floor_usage":[8,10,13,19,19,23],"damage_taken":[{"damage":11,"enemies":"Jaw Worm","floor":1,"turns":6},{"damage":1,"enemies":"Cultist","floor":2,"turns":3},{"damage":4,"enemies":"Small Slimes","floor":4,"turns":3},{"damage":18,"enemies":"Looter","floor":7,"turns":5},{"damage":17,"enemies":"3 Sentries","floor":8,"turns":12},{"damage":30,"enemies":"Lagavulin","floor":10,"turns":7},{"damage":23,"enemies":"Gremlin Nob","floor":12,"turns":4},{"damage":3,"enemies":"The Mushroom Lair","floor":13,"turns":4},{"damage":18,"enemies":"Lagavulin","floor":14,"turns":5},{"damage":17,"enemies":"Hexaghost","floor":16,"turns":11},{"damage":16,"enemies":"2 Thieves","floor":18,"turns":4},{"damage":55,"enemies":"Masked Bandits","floor":19,"turns":5},{"damage":11,"enemies":"Spheric Guardian","floor":21,"turns":3},{"damage":56,"enemies":"Slavers","floor":23,"turns":4}],"seed_played":"5955889188849874552","potions_obtained":[{"floor":1,"key":"Regen Potion"},{"floor":7,"key":"GamblersBrew"},{"floor":8,"key":"Explosive Potion"},{"floor":16,"key":"Poison Potion"},{"floor":18,"key":"Fruit Juice"},{"floor":19,"key":"EssenceOfSteel"}],"is_trial":false,"path_per_floor":["M","M","$","M","?","R","M","E","T","E","R","E","?","E","R","B",null,"M","?","?","M","?","E"],"character_chosen":"IRONCLAD","items_purchased":["HandOfGreed"],"campfire_rested":1,"item_purchase_floors":[3],"current_hp_per_floor":[63,68,68,70,70,70,58,62,62,38,60,43,46,34,34,23,62,52,20,36,31,31,0],"gold":642,"neow_bonus":"HUNDRED_GOLD","is_prod":false,"is_daily":false,"chose_seed":false,"campfire_upgraded":2,"win_rate":0,"timestamp":1560292731,"path_taken":["M","M","$","M","?","R","?","E","T","E","R","E","?","E","R","BOSS","M","?","?","M","?","E"],"build_version":"2019-06-10","purchased_purges":0,"victory":false,"max_hp_per_floor":[75,75,75,75,75,75,75,75,75,75,75,75,75,75,75,75,75,75,80,80,80,80,80],"card_choices":[{"not_picked":["Flame Barrier","Twin Strike"],"picked":"Anger","floor":1},{"not_picked":["Shockwave","Wild Strike"],"picked":"Cleave","floor":2},{"not_picked":["Entrench","Flex"],"picked":"Feel No Pain","floor":4},{"not_picked":["Power Through","Clothesline"],"picked":"Metallicize","floor":7},{"not_picked":["Shrug It Off","Sentinel"],"picked":"Headbutt","floor":8},{"not_picked":["Twin Strike","Armaments"],"picked":"Shrug It Off","floor":10},{"not_picked":["Exhume","Infernal Blade","Heavy Blade"],"picked":"SKIP","floor":12},{"not_picked":["Feel No Pain","Anger"],"picked":"Rampage","floor":13},{"not_picked":["Power Through","Cleave"],"picked":"Flame Barrier","floor":14},{"not_picked":["Demon Form","Immolate"],"picked":"Reaper","floor":16},{"not_picked":["Blood for Blood","Headbutt"],"picked":"Shockwave","floor":18},{"not_picked":["Pommel Strike","Dark Embrace"],"picked":"Shrug It Off","floor":21}],"player_experience":1344170,"relics_obtained":[{"floor":8,"key":"Red Skull"},{"floor":9,"key":"Centennial Puzzle"},{"floor":10,"key":"Sundial"},{"floor":12,"key":"Anchor"},{"floor":13,"key":"Odd Mushroom"},{"floor":14,"key":"Girya"},{"floor":19,"key":"Red Mask"}],"event_choices":[{"damage_healed":0,"gold_gain":0,"cards_transformed":["Strike_R"],"player_choice":"Transformed","damage_taken":0,"max_hp_gain":0,"max_hp_loss":0,"event_name":"Transmorgrifier","floor":5,"gold_loss":0,"cards_obtained":["Disarm"]},{"damage_healed":0,"gold_gain":0,"player_choice":"Fought Mushrooms","damage_taken":0,"max_hp_gain":0,"max_hp_loss":0,"event_name":"Mushrooms","floor":13,"gold_loss":0},{"damage_healed":0,"gold_gain":0,"player_choice":"Fought Bandits","damage_taken":0,"max_hp_gain":0,"max_hp_loss":0,"event_name":"Masked Bandits","floor":19,"gold_loss":0},{"damage_healed":16,"gold_gain":0,"player_choice":"Heal","damage_taken":0,"max_hp_gain":0,"max_hp_loss":0,"event_name":"The Library","floor":20,"gold_loss":0},{"damage_healed":0,"gold_gain":0,"player_choice":"Simplicity","damage_taken":0,"max_hp_gain":0,"max_hp_loss":0,"event_name":"Back to Basics","floor":22,"gold_loss":0,"cards_upgraded":["Strike_R","Strike_R","Strike_R","Strike_R","Defend_R","Defend_R","Defend_R","Defend_R"]}],"is_beta":true,"boss_relics":[{"not_picked":["Ectoplasm","Runic Cube"],"picked":"Runic Pyramid"}],"items_purged_floors":[],"is_endless":false,"potions_floor_spawned":[1,7,8,16,18,19],"killed_by":"Slavers","ascension_level":20}