{"gold_per_floor":[18,18,28,42,61,61,87,87,114,124,124,124,124,124,124,201,201,216,235,150,150,167,167,184,184,184,184],"floor_reached":27,"playtime":1404,"items_purged":[],"score":426,"play_id":"dc6838bf-fa6d-4616-8ca4-4aee9c49cd08","local_time":"20190830134401","is_ascension_mode":true,"campfire_choices":[{"data":"Noxious Fumes","floor":6.0,"key":"SMITH"},{"data":"Catalyst","floor":8.0,"key":"SMITH"},{"data":"Malaise","floor":11.0,"key":"SMITH"},{"data":"Skewer","floor":13.0,"key":"SMITH"},{"floor":15.0,"key":"REST"},{"data":"Footwork","floor":23.0,"key":"SMITH"},{"data":"Dodge and Roll","floor":25.0,"key":"SMITH"}],"neow_cost":"NO_GOLD","seed_source_timestamp":347839530266400,"circlet_count":0,"master_deck":["AscendersBane","Strike_G","Strike_G","Strike_G","Strike_G","Strike_G","Defend_G","Defend_G","Defend_G","Defend_G","Defend_G","Survivor","Neutralize+1","Malaise+1","Skewer+1","Noxious Fumes+1","Catalyst+1","Deadly Poison","Cloak And Dagger","Noxious Fumes","Burst+1","Footwork+1","Backstab","Dodge and Roll+1","Calculated Gamble+1"],"special_seed":0,"relics":["Ring of the Snake","Bronze Scales","Lantern","Philosopher\u0027s Stone","Happy Flower","Sundial"],"potions_floor_usage":[27],"damage_taken":[{"damage":2.0,"enemies":"Cultist","floor":1.0,"turns":4.0},{"damage":1.0,"enemies":"2 Louse","floor":3.0,"turns":3.0},{"damage":3.0,"enemies":"Small Slimes","floor":4.0,"turns":4.0},{"damage":10.0,"enemies":"3 Louse","floor":5.0,"turns":7.0},{"damage":24.0,"enemies":"3 Sentries","floor":7.0,"turns":6.0},{"damage":9.0,"enemies":"Gremlin Gang","floor":10.0,"turns":5.0},{"damage":37.0,"enemies":"Slime Boss","floor":16.0,"turns":8.0},{"damage":12.0,"enemies":"3 Byrds","floor":18.0,"turns":3.0},{"damage":7.0,"enemies":"Spheric Guardian","floor":19.0,"turns":5.0},{"damage":21.0,"enemies":"Centurion and Healer","floor":22.0,"turns":6.0},{"damage":0.0,"enemies":"Snake Plant","floor":24.0,"turns":5.0},{"damage":20,"enemies":"Shelled Parasite and Fungi","floor":27,"turns":2}],"seed_played":"-7172996130867985458","potions_obtained":[{"floor":1.0,"key":"LiquidBronze"},{"floor":4.0,"key":"FearPotion"},{"floor":7.0,"key":"Regen Potion"},{"floor":16.0,"key":"GamblersBrew"},{"floor":19.0,"key":"FairyPotion"}],"is_trial":false,"path_per_floor":["M","?","M","M","M","R","E","R","T","M","R","?","R","?","R","B",null,"M","M","?","?","M","R","M","R","T","M"],"character_chosen":"THE_SILENT","items_purchased":[],"campfire_rested":1,"item_purchase_floors":[],"current_hp_per_floor":[57,57,56,53,43,43,19,19,19,25,25,25,25,25,44,7,51,39,32,32,32,11,11,11,11,11,0],"gold":184,"neow_bonus":"THREE_RARE_CARDS","is_prod":false,"is_daily":false,"chose_seed":false,"campfire_upgraded":6,"win_rate":0,"timestamp":1567187041,"path_taken":["M","?","M","M","M","R","E","R","T","M","R","?","R","?","R","BOSS","M","M","?","?","M","R","M","R","T","?"],"build_version":"2019-07-17","purchased_purges":0,"victory":false,"max_hp_per_floor":[66,66,66,66,66,66,66,66,66,66,66,66,66,66,66,66,66,66,66,66,66,66,66,66,66,66,66],"card_choices":[{"not_picked":["Bullet Time","Envenom"],"picked":"Malaise","floor":0.0},{"not_picked":["Reflex","Outmaneuver"],"picked":"Skewer","floor":1.0},{"not_picked":["All Out Attack","Sucker Punch"],"picked":"Noxious Fumes","floor":3.0},{"not_picked":["Expertise","Dodge and Roll"],"picked":"Catalyst","floor":4.0},{"not_picked":["Backflip","Deflect"],"picked":"Deadly Poison","floor":5.0},{"not_picked":["Dodge and Roll","Flying Knee"],"picked":"Cloak And Dagger","floor":7.0},{"not_picked":["Distraction","Eviscerate"],"picked":"Noxious Fumes","floor":10.0},{"not_picked":["Adrenaline","Grand Finale"],"picked":"Burst","floor":16.0},{"not_picked":["Outmaneuver","Poisoned Stab"],"picked":"Footwork","floor":18.0},{"not_picked":["Expertise","Underhanded Strike"],"picked":"Backstab","floor":19.0},{"not_picked":["Dagger Throw","Flechettes"],"picked":"Dodge and Roll","floor":22.0},{"not_picked":["Concentrate+1","Underhanded Strike"],"picked":"Calculated Gamble+1","floor":24.0}],"player_experience":752915,"relics_obtained":[{"floor":7.0,"key":"Bronze Scales"},{"floor":9.0,"key":"Lantern"},{"floor":26.0,"key":"Sundial"}],"event_choices":[{"damage_healed":0.0,"max_hp_gain":0.0,"max_hp_loss":0.0,"gold_gain":0.0,"event_name":"Living Wall","player_choice":"Grow","floor":2.0,"gold_loss":0.0,"damage_taken":0.0,"cards_upgraded":["Neutralize"]},{"damage_healed":0.0,"max_hp_gain":0.0,"max_hp_loss":0.0,"gold_gain":0.0,"event_name":"Liars Game","player_choice":"Ignored","floor":12.0,"gold_loss":0.0,"damage_taken":0.0},{"damage_healed":0.0,"max_hp_gain":0.0,"max_hp_loss":0.0,"gold_gain":0.0,"event_name":"Shining Light","player_choice":"Ignored","floor":14.0,"gold_loss":0.0,"damage_taken":0.0},{"damage_healed":0.0,"max_hp_gain":0.0,"max_hp_loss":0.0,"gold_gain":0.0,"event_name":"Addict","player_choice":"Obtained Relic","floor":20.0,"gold_loss":85.0,"damage_taken":0.0,"relics_obtained":["Happy Flower"]},{"damage_healed":0.0,"max_hp_gain":0.0,"max_hp_loss":0.0,"gold_gain":0.0,"event_name":"Accursed Blacksmith","player_choice":"Forge","floor":21.0,"gold_loss":0.0,"damage_taken":0.0,"cards_upgraded":["Burst"]}],"is_beta":false,"boss_relics":[{"not_picked":["Black Star","Cursed Key"],"picked":"Philosopher\u0027s Stone"}],"items_purged_floors":[],"is_endless":false,"potions_floor_spawned":[1,4,7,16,19,22],"killed_by":"Shelled Parasite and Fungi","ascension_level":20}