{"gold_per_floor":[114,128,77,92,92,92,107,136,209,229,247,272,272,272,272,376,376,395,183,194,194,46,76,76,105,131,143],"floor_reached":27,"playtime":3227,"items_purged":["Defend_R"],"score":251,"play_id":"7f9f2332-84de-45e9-a694-0d577be7ee2b","local_time":"20180910175322","is_ascension_mode":false,"campfire_choices":[{"data":"Armaments","floor":6.0,"key":"SMITH"},{"data":"Limit Break","floor":15.0,"key":"SMITH"},{"data":"Rupture","floor":24,"key":"SMITH"}],"neow_cost":"NONE","seed_source_timestamp":0,"circlet_count":0,"master_deck":["Strike_R","Strike_R","Strike_R","Strike_R","Defend_R","Defend_R","Defend_R","Bash","Intimidate","Spot Weakness","Ghostly Armor","Armaments+1","Thunderclap","Limit Break+1","Reckless Charge","Anger","True Grit","Parasite","Feed","Headbutt+1","Feel No Pain","Infernal Blade","Rupture+1","Combust","Wild Strike","Shrug It Off","Injury"],"special_seed":0,"relics":["Burning Blood","Du-Vu Doll","Paper Frog","Pen Nib","Cursed Key","Regal Pillow","Ancient Tea Set","Kunai","MawBank"],"potions_floor_usage":[18,23,27],"damage_taken":[{"damage":1.0,"enemies":"Cultist","floor":1.0,"turns":4.0},{"damage":2.0,"enemies":"2 Louse","floor":2.0,"turns":3.0},{"damage":9.0,"enemies":"Jaw Worm","floor":4.0,"turns":4.0},{"damage":29.0,"enemies":"Exordium Thugs","floor":7.0,"turns":5.0},{"damage":31.0,"enemies":"Lagavulin","floor":8.0,"turns":7.0},{"damage":2.0,"enemies":"3 Louse","floor":10.0,"turns":4.0},{"damage":1.0,"enemies":"Exordium Wildlife","floor":11.0,"turns":3.0},{"damage":34.0,"enemies":"The Guardian","floor":16.0,"turns":6.0},{"damage":10,"enemies":"Chosen","floor":18,"turns":2},{"damage":7,"enemies":"3 Byrds","floor":20,"turns":6},{"damage":35,"enemies":"Gremlin Leader","floor":23,"turns":5},{"damage":50,"enemies":"Slavers","floor":25,"turns":6},{"damage":25,"enemies":"Centurion and Healer","floor":27,"turns":2}],"seed_played":"3282185329363188872","potions_obtained":[{"floor":1.0,"key":"AttackPotion"},{"floor":4.0,"key":"Fire Potion"},{"floor":8.0,"key":"Energy Potion"},{"floor":11.0,"key":"FearPotion"},{"floor":18,"key":"Energy Potion"},{"floor":25,"key":"Dexterity Potion"}],"is_trial":false,"path_per_floor":["M","M","$","M","?","R","M","E","T","M","M","T","?","?","R","B",null,"M","$","M","?","$","E","R","E","T"],"character_chosen":"IRONCLAD","items_purchased":["Armaments","Feel No Pain","Regal Pillow","Combust"],"campfire_rested":0,"item_purchase_floors":[3,19,19,22],"current_hp_per_floor":[80,80,80,77,82,82,59,34,34,38,43,43,64,64,64,36,85,84,84,86,86,86,57,57,16,16,0],"gold":143,"neow_bonus":"THREE_CARDS","is_prod":false,"is_daily":false,"chose_seed":false,"campfire_upgraded":3,"win_rate":0,"timestamp":1536627202,"path_taken":["M","M","?","M","?","R","M","E","T","M","?","?","?","?","R","BOSS","M","$","M","?","$","E","R","E","T","M"],"build_version":"2018-09-06","purchased_purges":1,"victory":false,"max_hp_per_floor":[80,80,80,80,85,85,85,85,85,85,85,85,85,85,85,85,85,88,88,91,91,91,91,91,94,94,94],"card_choices":[{"not_picked":["Shrug It Off","Clash"],"picked":"Intimidate","floor":0.0},{"not_picked":["Second Wind","True Grit"],"picked":"Spot Weakness","floor":1.0},{"not_picked":["Clash","Pummel"],"picked":"Ghostly Armor","floor":2.0},{"not_picked":["Blood for Blood","Wild Strike"],"picked":"Thunderclap","floor":4.0},{"not_picked":["Clash","Headbutt"],"picked":"Limit Break","floor":7.0},{"not_picked":["Thunderclap","Heavy Blade"],"picked":"Reckless Charge","floor":8.0},{"not_picked":["Flame Barrier","Iron Wave"],"picked":"Anger","floor":10.0},{"not_picked":["Flame Barrier","Pommel Strike"],"picked":"True Grit","floor":11.0},{"not_picked":["Exhume","Barricade"],"picked":"Feed","floor":16.0},{"not_picked":["Heavy Blade","Body Slam"],"picked":"Headbutt+1","floor":18},{"not_picked":["Blood for Blood+1","Evolve"],"picked":"Infernal Blade","floor":20},{"not_picked":["Hemokinesis","Havoc"],"picked":"Wild Strike","floor":23},{"not_picked":["Shockwave","Iron Wave"],"picked":"Shrug It Off","floor":25}],"player_experience":351770,"relics_obtained":[{"floor":8.0,"key":"Du-Vu Doll"},{"floor":9.0,"key":"Paper Frog"},{"floor":12.0,"key":"Pen Nib"},{"floor":23,"key":"Ancient Tea Set"},{"floor":25,"key":"Kunai"},{"floor":26,"key":"MawBank"}],"event_choices":[{"event_name":"Big Fish","player_choice":"Donut","floor":5.0,"damage_taken":0.0},{"event_name":"Mushrooms","player_choice":"Healed and dodged fight","floor":13.0,"damage_taken":0.0},{"event_name":"Purifier","player_choice":"One Purge","floor":14.0,"damage_taken":0.0},{"event_name":"The Library","player_choice":"Read","floor":21,"damage_taken":0}],"is_beta":false,"boss_relics":[{"not_picked":["Pandora\u0027s Box","Lizard Tail"],"picked":"Cursed Key"}],"items_purged_floors":[22],"is_endless":false,"potions_floor_spawned":[1,4,8,11,18,25],"killed_by":"Centurion and Healer","ascension_level":0}