{"gold_per_floor":[109,56,68,87,12,12,39,39,93,93,114,9,9,9,9,86,86,99,110,110,160,75,75,106,106,106,431,22,22,39,54,54,133,133,149,163,143,43,43,43,63,63,116,35,63,63,79,93,93,93],"floor_reached":51,"playtime":2745,"items_purged":["Strike_B","Strike_B"],"score":1182,"play_id":"04eced83-7821-4f90-a36e-2c2069a930cb","local_time":"20180713040212","is_ascension_mode":true,"campfire_choices":[{"data":"Streamline","floor":6.0,"key":"SMITH"},{"data":"Hologram","floor":8.0,"key":"SMITH"},{"data":"Defragment","floor":10.0,"key":"SMITH"},{"floor":15.0,"key":"REST"},{"floor":23.0,"key":"REST"},{"floor":25,"key":"REST"},{"floor":32,"key":"REST"},{"floor":40,"key":"REST"},{"floor":42,"key":"REST"},{"floor":46,"key":"REST"},{"floor":49,"key":"REST"}],"neow_cost":"NONE","seed_source_timestamp":0,"circlet_count":0,"master_deck":["Defend_B+1","Defend_B","Defend_B+1","Defend_B","Zap","Dualcast","AscendersBane","Core Surge","Coolheaded","Streamline+1","Defragment+1","Hologram+1","Capacitor","Reboot","Creative AI","Chill","Loop+1","Storm","Fission","Madness","Madness","Force Field"],"special_seed":0,"relics":["Cracked Core","Bag of Preparation","Potion Belt","Odd Mushroom","Fusion Hammer","Darkstone Periapt","Bronze Scales","War Paint","Old Coin","Oddly Smooth Stone","DataDisk","Busted Crown","Tiny Chest","Question Card"],"potions_floor_usage":[24,27,27,30,33,41,47,50,50,50,50],"damage_taken":[{"damage":1.0,"enemies":"Cultist","floor":1.0,"turns":3.0},{"damage":5.0,"enemies":"Small Slimes","floor":3.0,"turns":3.0},{"damage":0.0,"enemies":"2 Louse","floor":4.0,"turns":2.0},{"damage":31.0,"enemies":"Gremlin Nob","floor":7.0,"turns":5.0},{"damage":21.0,"floor":11.0,"turns":4.0},{"damage":0.0,"enemies":"Large Slime","floor":13.0,"turns":1.0},{"damage":4.0,"enemies":"The Guardian","floor":16.0,"turns":13.0},{"damage":25.0,"enemies":"3 Byrds","floor":18.0,"turns":6.0},{"damage":9.0,"enemies":"Spheric Guardian","floor":19.0,"turns":4.0},{"damage":13,"enemies":"Slavers","floor":24,"turns":6},{"damage":44,"enemies":"Book of Stabbing","floor":27,"turns":6},{"damage":5,"enemies":"Snake Plant","floor":30,"turns":2},{"damage":0,"enemies":"Snecko","floor":31,"turns":4},{"damage":10,"enemies":"Collector","floor":33,"turns":9},{"damage":33,"enemies":"3 Darklings","floor":35,"turns":6},{"damage":2,"enemies":"Orb Walker","floor":36,"turns":3},{"damage":14,"enemies":"3 Darklings","floor":41,"turns":6},{"damage":5,"enemies":"Nemesis","floor":45,"turns":5},{"damage":12,"enemies":"Sphere and 2 Shapes","floor":47,"turns":6},{"damage":0,"enemies":"4 Shapes","floor":48,"turns":5},{"damage":35,"enemies":"Time Eater","floor":50,"turns":8}],"seed_played":"-5561318625574761136","potions_obtained":[{"floor":1.0,"key":"Ancient Potion"},{"floor":7.0,"key":"FearPotion"},{"floor":11.0,"key":"Regen Potion"},{"floor":18.0,"key":"Ancient Potion"},{"floor":24,"key":"SpeedPotion"},{"floor":27,"key":"Energy Potion"},{"floor":30,"key":"Fire Potion"},{"floor":33,"key":"Swift Potion"},{"floor":36,"key":"SpeedPotion"},{"floor":37,"key":"Fruit Juice"},{"floor":45,"key":"SpeedPotion"},{"floor":47,"key":"LiquidBronze"}],"is_trial":false,"path_per_floor":["M","$","M","M","?","R","E","R","T","R","?","$","M","?","R","B",null,"M","M","?","?","?","R","E","R","T","E","$","?","M","M","R","B",null,"M","M","?","$","?","R","M","R","T","$","E","R","M","M","R","B"],"character_chosen":"DEFECT","items_purchased":["Streamline","SmokeBomb","Oddly Smooth Stone","DataDisk","Storm","Force Field"],"campfire_rested":8,"item_purchase_floors":[2,12,28,28,28,44],"current_hp_per_floor":[63,63,58,58,58,58,27,27,27,27,6,6,6,6,27,23,59,34,25,25,25,25,46,47,68,68,24,24,24,19,19,40,30,61,28,26,26,26,13,34,25,47,47,47,42,64,52,52,74,39],"gold":93,"neow_bonus":"ONE_RANDOM_RARE_CARD","is_prod":false,"is_daily":false,"chose_seed":false,"campfire_upgraded":3,"win_rate":0,"timestamp":1531479732,"path_taken":["M","$","M","?","?","R","E","R","T","R","?","$","M","?","R","BOSS","M","M","?","?","?","R","E","R","T","E","$","?","M","M","R","BOSS","M","M","?","$","?","R","M","R","T","$","E","R","M","M","R","BOSS"],"build_version":"2018-07-12","purchased_purges":2,"victory":true,"max_hp_per_floor":[71,71,71,71,71,71,71,71,71,71,71,71,71,71,71,71,71,71,71,71,71,71,71,71,71,71,71,71,71,71,71,71,71,71,71,71,71,71,71,71,76,76,76,76,76,76,76,76,76,76],"card_choices":[{"not_picked":["Skim","Turbo"],"picked":"Coolheaded","floor":1.0},{"not_picked":["BootSequence","Rebound"],"picked":"Defragment","floor":3.0},{"not_picked":["Blizzard","Double Energy"],"picked":"Hologram","floor":4.0},{"not_picked":["Reprogram","Beam Cell"],"picked":"Capacitor","floor":7.0},{"not_picked":["Beam Cell","Reprogram"],"picked":"Reboot","floor":11.0},{"not_picked":["Seek","Core Surge"],"picked":"Creative AI","floor":16.0},{"not_picked":["Coolheaded","Reprogram","Sweeping Beam"],"picked":"SKIP","floor":18.0},{"not_picked":["Gash","Sweeping Beam"],"picked":"Chill","floor":19.0},{"not_picked":["Stack","Ball Lightning","Hologram"],"picked":"SKIP","floor":24},{"not_picked":["Aggregate","Beam Cell"],"picked":"Loop+1","floor":27},{"not_picked":["Leap","Steam Power","Stack"],"picked":"SKIP","floor":30},{"not_picked":["Streamline","Leap","Sweeping Beam"],"picked":"SKIP","floor":31},{"not_picked":["Rainbow","All For One"],"picked":"Fission","floor":33},{"not_picked":["Rip and Tear"],"picked":"SKIP","floor":35},{"not_picked":["Loop"],"picked":"SKIP","floor":36},{"not_picked":["Beam Cell"],"picked":"SKIP","floor":41},{"not_picked":["Gash"],"picked":"SKIP","floor":45},{"not_picked":["Gash","Barrage"],"picked":"SKIP","floor":47},{"not_picked":["Sweeping Beam+1","Undo+1"],"picked":"SKIP","floor":48}],"player_experience":824846,"relics_obtained":[{"floor":7.0,"key":"Bag of Preparation"},{"floor":9.0,"key":"Potion Belt"},{"floor":11.0,"key":"Odd Mushroom"},{"floor":24,"key":"Bronze Scales"},{"floor":26,"key":"War Paint"},{"floor":27,"key":"Old Coin"},{"floor":43,"key":"Tiny Chest"},{"floor":45,"key":"Question Card"}],"event_choices":[{"event_name":"The Cleric","player_choice":"Card Removal","floor":5.0,"damage_taken":0.0},{"event_name":"Mushrooms","player_choice":"Fought Mushrooms","floor":11.0,"damage_taken":0.0},{"event_name":"Bonfire Elementals","player_choice":"BASIC","floor":14.0,"damage_taken":0.0},{"event_name":"N\u0027loth","player_choice":"Ignored","floor":20.0,"damage_taken":0.0},{"event_name":"Nest","player_choice":"Stole From Cult","floor":21.0,"damage_taken":0.0},{"event_name":"Addict","player_choice":"Obtained Relic","floor":22.0,"damage_taken":0.0},{"event_name":"Match and Keep!","player_choice":"0 cards matched","floor":29,"damage_taken":0},{"event_name":"The Woman in Blue","player_choice":"Bought 1 Potion","floor":37,"damage_taken":0},{"event_name":"Winding Halls","player_choice":"Embrace Madness","floor":39,"damage_taken":0}],"boss_relics":[{"not_picked":["Lizard Tail","Eternal Feather"],"picked":"Fusion Hammer"},{"not_picked":["Sozu","Velvet Choker"],"picked":"Busted Crown"}],"items_purged_floors":[28,38],"is_endless":false,"potions_floor_spawned":[1,7,11,18,24,27,30,33,36,45,47],"ascension_level":15}