{"gold_per_floor":[118,133,308,383,383,398,430,380,403,403,414,431,446,446,446,548,548,560,575,473,489,489,489,521,446,473,29,29,44,60,94,94,94],"floor_reached":33,"playtime":4124,"items_purged":["Strike_G"],"score":328,"play_id":"972e0ace-916e-4c26-9295-9896462e2c4d","local_time":"20190905021230","is_ascension_mode":true,"campfire_choices":[{"floor":10,"key":"REST"},{"floor":15,"key":"REST"},{"floor":23,"key":"RECALL"},{"floor":32,"key":"REST"}],"neow_cost":"NONE","seed_source_timestamp":91104337601500,"circlet_count":0,"master_deck":["Strike_G","Strike_G","Defend_G+1","Defend_G","Survivor","Neutralize","Quick Slash+1","Adrenaline+1","Slice+1","Dodge and Roll","Heel Hook+1","Dagger Spray","Leg Sweep","Blade Dance","Endless Agony","Corpse Explosion","Acrobatics","Backflip","Bane+1","Burst","RitualDagger","Well Laid Plans","Caltrops+1"],"relics":["Astrolabe","Happy Flower","Eternal Feather","Juzu Bracelet","PreservedInsect","Unceasing Top","Ancient Tea Set"],"potions_floor_usage":[16,16,30,31,31],"damage_taken":[{"damage":0,"enemies":"2 Louse","floor":1,"turns":2},{"damage":0,"enemies":"Small Slimes","floor":2,"turns":2},{"damage":0,"enemies":"Cultist","floor":6,"turns":3},{"damage":21,"enemies":"3 Sentries","floor":7,"turns":7},{"damage":0,"enemies":"3 Louse","floor":11,"turns":3},{"damage":0,"enemies":"Looter","floor":12,"turns":3},{"damage":0,"enemies":"Exordium Wildlife","floor":13,"turns":3},{"damage":11,"enemies":"Hexaghost","floor":16,"turns":12},{"damage":0,"enemies":"3 Byrds","floor":18,"turns":2},{"damage":2,"enemies":"Chosen","floor":19,"turns":4},{"damage":15,"enemies":"Snake Plant","floor":21,"turns":7},{"damage":26,"enemies":"Slavers","floor":24,"turns":3},{"damage":2,"enemies":"Snecko","floor":29,"turns":4},{"damage":5,"enemies":"Cultist and Chosen","floor":30,"turns":6},{"damage":0,"enemies":"Book of Stabbing","floor":31,"turns":5},{"damage":81,"enemies":"Champ","floor":33,"turns":17}],"seed_played":"-5415516728102343882","potions_obtained":[{"floor":1,"key":"Ancient Potion"},{"floor":2,"key":"SpeedPotion"},{"floor":7,"key":"Ancient Potion"},{"floor":12,"key":"Swift Potion"},{"floor":19,"key":"EssenceOfSteel"},{"floor":29,"key":"Weak Potion"},{"floor":30,"key":"Swift Potion"}],"is_trial":false,"path_per_floor":["M","M","?","?","?","M","E","?","T","R","M","M","M","?","R","B",null,"M","M","$","M","?","R","E","?","T","$","?","M","M","E","R","B"],"character_chosen":"THE_SILENT","items_purchased":["Backflip","Unceasing Top","Burst"],"campfire_rested":3,"item_purchase_floors":[20,27,27],"current_hp_per_floor":[70,70,70,59,45,45,24,24,24,45,45,45,45,38,59,48,70,70,68,68,53,80,80,54,54,54,54,48,46,41,41,77,0],"gold":94,"neow_bonus":"BOSS_RELIC","is_prod":false,"is_daily":false,"chose_seed":false,"campfire_upgraded":0,"win_rate":1,"timestamp":1567620750,"path_taken":["M","M","?","?","?","M","E","?","T","R","M","M","M","?","R","BOSS","M","M","$","M","?","R","E","?","T","$","?","M","M","E","R","BOSS"],"build_version":"2019-07-17","purchased_purges":1,"victory":false,"max_hp_per_floor":[70,70,70,70,70,70,70,70,70,70,70,70,70,70,70,70,70,70,70,70,70,80,80,80,80,80,80,80,80,80,80,80,80],"card_choices":[{"not_picked":["Underhanded Strike","Masterful Stab"],"picked":"Dodge and Roll","floor":1},{"not_picked":["Flying Knee","Underhanded Strike"],"picked":"Heel Hook","floor":2},{"not_picked":["Backflip","Dagger Throw"],"picked":"Dagger Spray","floor":6},{"not_picked":["Backflip","Wraith Form v2"],"picked":"Leg Sweep","floor":7},{"not_picked":["Deadly Poison","All Out Attack","Reflex"],"picked":"SKIP","floor":11},{"not_picked":["PiercingWail","Acrobatics"],"picked":"Blade Dance","floor":12},{"not_picked":["Bouncing Flask","Flying Knee"],"picked":"Endless Agony","floor":13},{"not_picked":["Glass Knife","Die Die Die"],"picked":"Corpse Explosion","floor":16},{"not_picked":["Deadly Poison","Flying Knee"],"picked":"Acrobatics","floor":18},{"not_picked":["Skewer","Dodge and Roll","Bane"],"picked":"SKIP","floor":19},{"not_picked":["Slice","Backflip"],"picked":"Unload","floor":21},{"not_picked":["Wraith Form v2","Tactician"],"picked":"Bane+1","floor":24},{"not_picked":["Caltrops+1","Reflex+1"],"picked":"Well Laid Plans","floor":29},{"not_picked":["Quick Slash+1","PiercingWail","Slice"],"picked":"SKIP","floor":30},{"not_picked":["Dagger Throw+1","Tactician"],"picked":"Caltrops+1","floor":31}],"player_experience":56261,"relics_obtained":[{"floor":7,"key":"Happy Flower"},{"floor":24,"key":"Juzu Bracelet"},{"floor":26,"key":"PreservedInsect"},{"floor":31,"key":"Ancient Tea Set"}],"event_choices":[{"damage_healed":0,"gold_gain":175,"player_choice":"AGREE","damage_taken":0,"max_hp_gain":0,"max_hp_loss":0,"event_name":"Liars Game","floor":3,"gold_loss":0,"cards_obtained":["Doubt"]},{"damage_healed":0,"gold_gain":75,"player_choice":"Gather Gold","damage_taken":11,"max_hp_gain":0,"max_hp_loss":0,"event_name":"World of Goop","floor":4,"gold_loss":0},{"damage_healed":0,"gold_gain":0,"player_choice":"Entered Light","damage_taken":14,"max_hp_gain":0,"max_hp_loss":0,"event_name":"Shining Light","floor":5,"gold_loss":0,"cards_upgraded":["Heel Hook","Defend_G"]},{"cards_removed":["Doubt"],"damage_healed":0,"gold_gain":0,"player_choice":"Card Removal","damage_taken":0,"max_hp_gain":0,"max_hp_loss":0,"event_name":"The Cleric","floor":8,"gold_loss":50},{"cards_removed":["Defend_G"],"damage_healed":0,"gold_gain":0,"player_choice":"Card Removal","damage_taken":7,"max_hp_gain":0,"max_hp_loss":0,"event_name":"Golden Wing","floor":14,"gold_loss":0},{"cards_removed":["Unload"],"damage_healed":17,"gold_gain":0,"player_choice":"Offered Rare","damage_taken":0,"max_hp_gain":10,"max_hp_loss":0,"event_name":"Bonfire Elementals","floor":22,"gold_loss":0},{"cards_removed":["Defend_G"],"damage_healed":0,"gold_gain":0,"player_choice":"Gave Gold","damage_taken":0,"max_hp_gain":0,"max_hp_loss":0,"event_name":"Beggar","floor":25,"gold_loss":75},{"damage_healed":0,"gold_gain":0,"player_choice":"Joined the Cult","damage_taken":6,"max_hp_gain":0,"max_hp_loss":0,"event_name":"Nest","floor":28,"gold_loss":0,"cards_obtained":["RitualDagger"]}],"is_beta":false,"boss_relics":[{"not_picked":["Lizard Tail","Velvet Choker"],"picked":"Eternal Feather"}],"items_purged_floors":[20],"is_endless":false,"potions_floor_spawned":[1,2,7,12,19,29,30],"killed_by":"Champ","ascension_level":1}