{"gold_per_floor":[368,2,18,18,18,18,34,34,88,101,101,136,149,204,204,281,281,299,55,67,86,86,86,86,86,112,112,132,13,39,52,52,128,128,146,146,164,14,24,49,49,69,95,95,112,112,147,164,164,164],"floor_reached":50,"playtime":3310,"items_purged":["Strike_G","Strike_G"],"score":1239,"play_id":"4bdde8fb-2adb-4673-8805-181613f9a0b1","local_time":"20190208101634","is_ascension_mode":true,"campfire_choices":[{"data":"Blade Dance","floor":6.0,"key":"SMITH"},{"floor":11.0,"key":"REST"},{"floor":15.0,"key":"REST"},{"data":"After Image","floor":23.0,"key":"SMITH"},{"data":"Panache","floor":25.0,"key":"SMITH"},{"data":"Cloak And Dagger","floor":27.0,"key":"SMITH"},{"floor":32.0,"key":"REST"},{"floor":44.0,"key":"RECALL"},{"data":"Cloak And Dagger","floor":46.0,"key":"SMITH"},{"floor":49,"key":"REST"}],"neow_cost":"TEN_PERCENT_HP_LOSS","seed_source_timestamp":0,"circlet_count":0,"master_deck":["AscendersBane","Defend_G","Defend_G","Defend_G","Defend_G+1","Defend_G+1","Strike_G","Strike_G","Strike_G","Survivor+1","Neutralize","Deadly Poison+1","Blade Dance+1","Blade Dance+1","Dagger Throw","Prepared","Malaise","Terror","Footwork","After Image+1","Cloak And Dagger+1","Panache+1","Cloak And Dagger","Bullet Time","Dagger Spray+1","Footwork","J.A.X.","Blade Dance","Blur","Blade Dance+1","Infinite Blades","Expertise","Infinite Blades","Cloak And Dagger+1","Blur","Escape Plan+1","Doubt","Normality","Prepared+1","PiercingWail+1","Cloak And Dagger"],"special_seed":0,"relics":["Ring of the Snake","Du-Vu Doll","War Paint","Happy Flower","Regal Pillow","Tiny Chest","Philosopher\u0027s Stone","Lantern","Centennial Puzzle","Cursed Key","Smiling Mask","Juzu Bracelet"],"potions_floor_usage":[50],"damage_taken":[{"damage":16.0,"enemies":"Jaw Worm","floor":1.0,"turns":7.0},{"damage":0.0,"enemies":"2 Louse","floor":3.0,"turns":2.0},{"damage":0.0,"enemies":"Small Slimes","floor":7.0,"turns":2.0},{"damage":0.0,"enemies":"Red Slaver","floor":10.0,"turns":3.0},{"damage":21.0,"enemies":"Gremlin Nob","floor":12.0,"turns":4.0},{"damage":1.0,"enemies":"Lots of Slimes","floor":13.0,"turns":4.0},{"damage":12.0,"enemies":"Lagavulin","floor":14.0,"turns":5.0},{"damage":0.0,"enemies":"Hexaghost","floor":16.0,"turns":10.0},{"damage":4.0,"enemies":"3 Byrds","floor":18.0,"turns":7.0},{"damage":7.0,"enemies":"Shell Parasite","floor":20.0,"turns":5.0},{"damage":0.0,"enemies":"Snecko","floor":21.0,"turns":5.0},{"damage":15.0,"enemies":"Snake Plant","floor":28.0,"turns":5.0},{"damage":1.0,"enemies":"Slavers","floor":30.0,"turns":5.0},{"damage":7.0,"enemies":"Centurion and Healer","floor":31.0,"turns":3.0},{"damage":12.0,"enemies":"Collector","floor":33.0,"turns":7.0},{"damage":5.0,"enemies":"3 Darklings","floor":35.0,"turns":4.0},{"damage":8.0,"enemies":"3 Shapes","floor":37.0,"turns":4.0},{"damage":6.0,"enemies":"Transient","floor":39.0,"turns":6.0},{"damage":31.0,"enemies":"Reptomancer","floor":40.0,"turns":4.0},{"damage":5.0,"enemies":"Sphere and 2 Shapes","floor":42.0,"turns":3.0},{"damage":5.0,"enemies":"Writhing Mass","floor":45.0,"turns":7.0},{"damage":9.0,"enemies":"Giant Head","floor":47.0,"turns":6.0},{"damage":3.0,"enemies":"Maw","floor":48.0,"turns":7.0},{"damage":66,"enemies":"Awakened One","floor":50,"turns":5}],"seed_played":"5983380347403511763","potions_obtained":[{"floor":3.0,"key":"Block Potion"},{"floor":7.0,"key":"Swift Potion"},{"floor":12.0,"key":"EssenceOfSteel"},{"floor":18.0,"key":"Ancient Potion"},{"floor":21.0,"key":"Poison Potion"},{"floor":33.0,"key":"SkillPotion"},{"floor":35.0,"key":"Ancient Potion"},{"floor":37.0,"key":"SkillPotion"},{"floor":45.0,"key":"Energy Potion"}],"is_trial":false,"path_per_floor":["M","$","M","?","?","R","M","?","T","M","R","E","M","E","R","B",null,"M","$","M","M","?","R","?","R","T","R","M","$","E","M","R","B",null,"M","?","M","$","M","E","?","M","T","R","M","R","E","M","R","B"],"character_chosen":"THE_SILENT","items_purchased":["Du-Vu Doll","Blade Dance","Panache","Cloak And Dagger","Blur","Cloak And Dagger"],"campfire_rested":4,"item_purchase_floors":[2,2,19,19,29,38],"current_hp_per_floor":[43,43,43,25,25,25,25,25,25,25,43,22,21,9,42,42,56,52,52,45,45,45,45,45,45,45,45,30,30,29,22,55,43,56,51,51,43,43,37,6,60,55,55,55,50,50,41,38,60,0],"gold":164,"neow_bonus":"TWO_FIFTY_GOLD","is_prod":false,"is_daily":false,"chose_seed":false,"campfire_upgraded":5,"win_rate":0,"timestamp":1549649794,"path_taken":["M","$","M","?","?","R","M","?","T","?","R","E","M","E","R","BOSS","M","?","M","M","?","R","?","R","T","R","?","$","E","M","R","BOSS","M","?","M","$","M","E","?","M","T","R","M","R","E","M","R","BOSS"],"build_version":"2019-02-06","purchased_purges":2,"victory":false,"max_hp_per_floor":[60,60,60,60,60,60,60,60,60,60,60,60,60,60,60,60,60,60,60,60,60,60,60,60,60,60,60,60,60,60,60,60,60,60,60,60,60,60,60,60,60,60,60,60,60,60,60,60,60,60],"card_choices":[{"not_picked":["Poisoned Stab","Eviscerate"],"picked":"Deadly Poison","floor":1.0},{"not_picked":["Underhanded Strike","Poisoned Stab"],"picked":"Blade Dance","floor":3.0},{"not_picked":["Crippling Poison","Quick Slash"],"picked":"Dagger Throw","floor":7.0},{"not_picked":["Flying Knee","Setup"],"picked":"Prepared","floor":10.0},{"not_picked":["Outmaneuver","PiercingWail"],"picked":"Malaise","floor":12.0},{"not_picked":["Sucker Punch","Escape Plan"],"picked":"Terror","floor":13.0},{"not_picked":["Setup","All Out Attack"],"picked":"Footwork","floor":14.0},{"not_picked":["Corpse Explosion","A Thousand Cuts"],"picked":"After Image","floor":16.0},{"not_picked":["Deadly Poison","Well Laid Plans"],"picked":"Cloak And Dagger","floor":18.0},{"not_picked":["Prepared","Flying Knee"],"picked":"Bullet Time","floor":20.0},{"not_picked":["Leg Sweep","Flying Knee+1"],"picked":"Dagger Spray+1","floor":21.0},{"not_picked":["Reflex","Outmaneuver"],"picked":"Blade Dance","floor":28.0},{"not_picked":["Quick Slash","Flying Knee"],"picked":"Blade Dance+1","floor":30.0},{"not_picked":["Prepared","Predator"],"picked":"Infinite Blades","floor":31.0},{"not_picked":["Unload","Tools of the Trade"],"picked":"Wraith Form v2","floor":33.0},{"not_picked":["Slice","Caltrops"],"picked":"Expertise","floor":35.0},{"not_picked":["Blade Dance","Flying Knee+1"],"picked":"Infinite Blades","floor":37.0},{"not_picked":["Deadly Poison+1","Underhanded Strike+1"],"picked":"Blur","floor":39.0},{"not_picked":["Quick Slash","Sucker Punch"],"picked":"Escape Plan+1","floor":40.0},{"not_picked":["Concentrate","Bane+1","Reflex+1"],"picked":"SKIP","floor":42.0},{"not_picked":["Acrobatics","Quick Slash+1"],"picked":"Prepared+1","floor":45.0},{"not_picked":["Slice","Masterful Stab"],"picked":"PiercingWail+1","floor":47.0},{"not_picked":["Calculated Gamble","Masterful Stab+1"],"picked":"Cloak And Dagger","floor":48.0}],"player_experience":3239051,"relics_obtained":[{"floor":9.0,"key":"Happy Flower"},{"floor":12.0,"key":"Regal Pillow"},{"floor":14.0,"key":"Tiny Chest"},{"floor":26.0,"key":"Lantern"},{"floor":30.0,"key":"Centennial Puzzle"},{"floor":40.0,"key":"Smiling Mask"},{"floor":47.0,"key":"Juzu Bracelet"}],"event_choices":[{"damage_healed":0.0,"max_hp_gain":0.0,"max_hp_loss":0.0,"gold_gain":0.0,"event_name":"Shining Light","player_choice":"Entered Light","floor":4.0,"gold_loss":0.0,"damage_taken":18.0,"cards_upgraded":["Survivor","Deadly Poison"]},{"damage_healed":0.0,"max_hp_gain":0.0,"max_hp_loss":0.0,"gold_gain":0.0,"event_name":"Living Wall","player_choice":"Grow","floor":5.0,"gold_loss":0.0,"damage_taken":0.0,"cards_upgraded":["Blade Dance"]},{"damage_healed":0.0,"max_hp_gain":0.0,"max_hp_loss":0.0,"gold_gain":0.0,"event_name":"WeMeetAgain","player_choice":"Gave Potion","floor":8.0,"gold_loss":0.0,"damage_taken":0.0,"relics_obtained":["War Paint"]},{"damage_healed":0.0,"max_hp_gain":0.0,"max_hp_loss":0.0,"gold_gain":0.0,"event_name":"The Library","player_choice":"Read","floor":22.0,"gold_loss":0.0,"damage_taken":0.0,"cards_obtained":["Footwork"]},{"damage_healed":0.0,"max_hp_gain":0.0,"max_hp_loss":0.0,"gold_gain":0.0,"event_name":"Drug Dealer","player_choice":"Obtain J.A.X.","floor":24.0,"gold_loss":0.0,"damage_taken":0.0,"cards_obtained":["J.A.X."]},{"cards_removed":["Wraith Form v2"],"damage_healed":0.0,"max_hp_gain":0.0,"max_hp_loss":0.0,"gold_gain":0.0,"event_name":"Falling","player_choice":"Removed Power","floor":36.0,"gold_loss":0.0,"damage_taken":0.0},{"damage_healed":54.0,"max_hp_gain":0.0,"max_hp_loss":0.0,"gold_gain":0.0,"event_name":"MindBloom","player_choice":"Heal","floor":41.0,"gold_loss":0.0,"damage_taken":0.0,"cards_obtained":["Doubt"]}],"is_beta":true,"boss_relics":[{"not_picked":["Velvet Choker","Eternal Feather"],"picked":"Philosopher\u0027s Stone"},{"not_picked":["Empty Cage","Pandora\u0027s Box"],"picked":"Cursed Key"}],"items_purged_floors":[29,38],"is_endless":false,"potions_floor_spawned":[3,7,12,18,21,33,35,37,39,45],"killed_by":"Awakened One","ascension_level":20}