{"gold_per_floor":[118,138,63,73,90,90,119,119,119,119],"floor_reached":10,"playtime":323,"items_purged":[],"score":129,"play_id":"afc13161-9561-4f6f-a857-b9d3f21f89b7","local_time":"20181025043009","is_ascension_mode":true,"campfire_choices":[{"data":"Beam Cell","floor":6,"key":"SMITH"},{"floor":8,"key":"REST"}],"neow_cost":"NONE","seed_source_timestamp":2942872370183958,"circlet_count":0,"master_deck":["Strike_B","Strike_B","Strike_B","Defend_B","Defend_B","Defend_B","Defend_B","Zap+1","Dualcast","AscendersBane","Beam Cell+1","Cold Snap","White Noise","Recycle","Cold Snap"],"relics":["Cracked Core","Juzu Bracelet","Meat on the Bone"],"potions_floor_usage":[10,10,10],"damage_taken":[{"damage":7,"enemies":"Jaw Worm","floor":1,"turns":3},{"damage":8,"enemies":"2 Louse","floor":2,"turns":2},{"damage":5,"enemies":"Small Slimes","floor":4,"turns":2},{"damage":12,"enemies":"3 Louse","floor":5,"turns":4},{"damage":21,"enemies":"Lagavulin","floor":7,"turns":8},{"damage":35,"enemies":"Gremlin Nob","floor":10,"turns":3}],"seed_played":"-677519112595640121","potions_obtained":[{"floor":1,"key":"EntropicBrew"},{"floor":5,"key":"Ancient Potion"},{"floor":7,"key":"FearPotion"}],"is_trial":false,"path_per_floor":["M","M","?","M","M","R","E","R","T"],"character_chosen":"DEFECT","items_purchased":[],"campfire_rested":1,"item_purchase_floors":[],"current_hp_per_floor":[57,49,49,44,32,32,11,32,32,0],"gold":119,"neow_bonus":"UPGRADE_CARD","is_prod":false,"is_daily":false,"chose_seed":false,"campfire_upgraded":1,"win_rate":0,"timestamp":1540467009,"path_taken":["M","M","?","M","M","R","E","R","T","E"],"build_version":"2018-10-24","purchased_purges":0,"victory":false,"max_hp_per_floor":[71,71,71,71,71,71,71,71,71,71],"card_choices":[{"not_picked":["Steam","Double Energy"],"picked":"Beam Cell","floor":1},{"not_picked":["Coolheaded","Compile Driver"],"picked":"Cold Snap","floor":2},{"not_picked":["Skim","Beam Cell"],"picked":"White Noise","floor":4},{"not_picked":["Beam Cell","Undo"],"picked":"Recycle","floor":5},{"not_picked":["Melter","Tempest"],"picked":"Cold Snap","floor":7}],"player_experience":994772,"relics_obtained":[{"floor":7,"key":"Juzu Bracelet"},{"floor":9,"key":"Meat on the Bone"}],"event_choices":[{"cards_removed":["Strike_B"],"damage_healed":0,"gold_gain":0,"player_choice":"Card Removal","damage_taken":0,"max_hp_gain":0,"max_hp_loss":0,"event_name":"The Cleric","floor":3,"gold_loss":75}],"is_beta":true,"boss_relics":[],"items_purged_floors":[],"is_endless":false,"potions_floor_spawned":[1,5,7],"killed_by":"Gremlin Nob","ascension_level":18}