{"gold_per_floor":[109,129,129,144,162,194,207,207,207,224,250,250,250,260,260,357,357,371,371,390,409,142,142,176,187,187,187,13,29,42,42,42,138,138,148,23,23,71,71,96,96,110,110,210,235,235,235,250,250,250],"floor_reached":51,"playtime":5232,"items_purged":["Quick Slash","Night Terror","Strike_G"],"score":1045,"play_id":"accead59-d850-44f2-b813-68bd88acb5d5","local_time":"20181120125550","is_ascension_mode":true,"campfire_choices":[{"floor":8,"key":"REST"},{"floor":12,"key":"REST"},{"data":"Accuracy","floor":15,"key":"SMITH"},{"floor":23,"key":"REST"},{"floor":27,"key":"REST"},{"floor":32,"key":"REST"},{"floor":41,"key":"REST"},{"data":"Burst","floor":47,"key":"SMITH"},{"data":"Strike_G","floor":49,"key":"PURGE"}],"neow_cost":"NONE","seed_source_timestamp":59740913493122,"circlet_count":0,"master_deck":["Defend_G","Defend_G","Defend_G","Strike_G","Survivor","Neutralize+1","Backflip","Storm of Steel","Backstab","Distraction","Dodge and Roll","Deadly Poison","Footwork","Accuracy+1","Corpse Explosion","Blur","Ghostly","Ghostly","Ghostly","Ghostly","Ghostly","Cloak And Dagger","Quick Slash","Calculated Gamble","Heel Hook+1","Prepared","Infinite Blades","Calculated Gamble+1","Caltrops","Burst+1","Madness","Madness","Prepared+1","Accuracy","Chrysalis","Mayhem","Noxious Fumes+1"],"relics":["Empty Cage","Pantograph","Matryoshka","Shuriken","Runic Pyramid","Bronze Scales","Oddly Smooth Stone","Omamori","Dodecahedron","Kunai","Sozu","StoneCalendar","Centennial Puzzle","Juzu Bracelet","Pocketwatch","Peace Pipe","Boot"],"potions_floor_usage":[6,7,11,11,16,24,30,30],"damage_taken":[{"damage":9,"enemies":"Jaw Worm","floor":1,"turns":6},{"damage":2,"enemies":"Cultist","floor":2,"turns":4},{"damage":6,"enemies":"Small Slimes","floor":4,"turns":5},{"damage":8,"enemies":"2 Fungi Beasts","floor":5,"turns":4},{"damage":30,"enemies":"Lagavulin","floor":6,"turns":6},{"damage":14,"enemies":"3 Louse","floor":7,"turns":4},{"damage":9,"enemies":"Exordium Wildlife","floor":10,"turns":5},{"damage":6,"enemies":"Gremlin Nob","floor":11,"turns":3},{"damage":8,"enemies":"Large Slime","floor":14,"turns":6},{"damage":48,"enemies":"Hexaghost","floor":16,"turns":11},{"damage":31,"enemies":"2 Thieves","floor":18,"turns":3},{"damage":0,"enemies":"Spheric Guardian","floor":20,"turns":4},{"damage":7,"enemies":"Shelled Parasite and Fungi","floor":21,"turns":5},{"damage":12,"enemies":"Book of Stabbing","floor":24,"turns":6},{"damage":8,"enemies":"Snecko","floor":25,"turns":6},{"damage":12,"enemies":"Centurion and Healer","floor":29,"turns":5},{"damage":0,"enemies":"Chosen and Byrds","floor":30,"turns":5},{"damage":1,"enemies":"Collector","floor":33,"turns":11},{"damage":0,"enemies":"3 Shapes","floor":35,"turns":3},{"damage":6,"enemies":"2 Orb Walkers","floor":38,"turns":6},{"damage":0,"enemies":"Giant Head","floor":40,"turns":7},{"damage":1,"enemies":"3 Darklings","floor":42,"turns":4},{"damage":0,"enemies":"Mind Bloom Boss Battle","floor":44,"turns":8},{"damage":3,"enemies":"Reptomancer","floor":45,"turns":6},{"damage":2,"enemies":"4 Shapes","floor":48,"turns":5},{"damage":24,"enemies":"Donu and Deca","floor":50,"turns":8}],"seed_played":"8290504946612234160","potions_obtained":[{"floor":1,"key":"AttackPotion"},{"floor":4,"key":"Regen Potion"},{"floor":6,"key":"Poison Potion"},{"floor":7,"key":"Strength Potion"},{"floor":11,"key":"AttackPotion"},{"floor":14,"key":"SmokeBomb"},{"floor":16,"key":"Energy Potion"},{"floor":20,"key":"SteroidPotion"},{"floor":25,"key":"LiquidBronze"},{"floor":29,"key":"Ancient Potion"}],"is_trial":false,"path_per_floor":["M","M","?","M","M","E","M","R","T","M","E","R","?","M","R","B",null,"M","?","M","M","$","R","E","M","T","R","$","M","M","?","R","B",null,"M","$","?","?","?","E","R","M","T","?","E","?","R","M","R","B",null],"character_chosen":"THE_SILENT","items_purchased":["Bronze Scales","Calculated Gamble","Infinite Blades"],"campfire_rested":6,"item_purchase_floors":[22,22,28],"current_hp_per_floor":[54,52,52,46,38,8,6,27,27,18,12,33,33,25,25,2,53,22,22,22,15,15,25,13,5,5,15,15,3,3,3,13,34,35,35,35,31,25,25,25,35,34,34,35,32,27,27,25,25,11],"gold":250,"neow_bonus":"BOSS_RELIC","is_prod":false,"is_daily":false,"chose_seed":false,"campfire_upgraded":2,"win_rate":0,"timestamp":1542736550,"path_taken":["M","M","?","M","?","E","M","R","T","M","E","R","?","M","R","BOSS","M","?","M","M","$","R","E","M","T","R","$","M","M","?","R","BOSS","M","$","?","?","?","E","R","?","T","?","E","?","R","M","R","BOSS"],"build_version":"2018-11-15","purchased_purges":3,"victory":true,"max_hp_per_floor":[70,70,70,70,70,70,70,70,70,70,70,70,70,70,70,70,70,70,35,35,35,35,35,35,35,35,35,35,35,35,35,35,35,35,35,35,35,35,35,35,35,35,35,35,35,35,35,35,35,35],"card_choices":[{"not_picked":["Distraction","Finisher"],"picked":"Quick Slash","floor":1},{"not_picked":["Quick Slash","All Out Attack"],"picked":"Backflip","floor":2},{"not_picked":["Concentrate","Prepared"],"picked":"Storm of Steel","floor":4},{"not_picked":["Deflect","Prepared"],"picked":"Backstab","floor":5},{"not_picked":["Setup","Dodge and Roll"],"picked":"Distraction","floor":6},{"not_picked":["Masterful Stab","Heel Hook"],"picked":"Dodge and Roll","floor":7},{"not_picked":["Flechettes","Poisoned Stab"],"picked":"Deadly Poison","floor":10},{"not_picked":["Concentrate","Quick Slash"],"picked":"Footwork","floor":11},{"not_picked":["Leg Sweep","PiercingWail"],"picked":"Accuracy","floor":14},{"not_picked":["Venomology","Tools of the Trade"],"picked":"Corpse Explosion","floor":16},{"not_picked":["Underhanded Strike","Reflex"],"picked":"Blur","floor":18},{"not_picked":["Bane+1","Dash"],"picked":"Cloak And Dagger","floor":20},{"not_picked":["Masterful Stab","Riddle With Holes"],"picked":"Quick Slash","floor":21},{"not_picked":["Dagger Throw","Distraction"],"picked":"Heel Hook+1","floor":24},{"not_picked":["Dagger Throw","Poisoned Stab"],"picked":"Prepared","floor":25},{"not_picked":["Quick Slash+1","Slice"],"picked":"Calculated Gamble+1","floor":29},{"not_picked":["Blade Dance","Sucker Punch"],"picked":"Caltrops","floor":30},{"not_picked":["Tools of the Trade","Adrenaline"],"picked":"Burst","floor":33},{"not_picked":["Leg Sweep+1","Eviscerate+1","Flying Knee"],"picked":"SKIP","floor":35},{"not_picked":["Acrobatics+1","Die Die Die"],"picked":"Prepared+1","floor":38},{"not_picked":["Masterful Stab","Deflect","Outmaneuver+1"],"picked":"SKIP","floor":40},{"not_picked":["Poisoned Stab","Outmaneuver"],"picked":"Accuracy","floor":42},{"not_picked":["Expertise","Backstab","Accuracy+1"],"picked":"SKIP","floor":45},{"not_picked":["Trip","Metamorphosis"],"picked":"Chrysalis","floor":46},{"not_picked":["Blind","Enlightenment"],"picked":"Mayhem","floor":46},{"not_picked":["Dodge and Roll","Cloak And Dagger"],"picked":"Noxious Fumes+1","floor":48}],"player_experience":135713,"relics_obtained":[{"floor":6,"key":"Pantograph"},{"floor":9,"key":"Matryoshka"},{"floor":11,"key":"Shuriken"},{"floor":24,"key":"Oddly Smooth Stone"},{"floor":26,"key":"Omamori"},{"floor":26,"key":"Dodecahedron"},{"floor":38,"key":"StoneCalendar"},{"floor":40,"key":"Centennial Puzzle"},{"floor":43,"key":"Juzu Bracelet"},{"floor":43,"key":"Pocketwatch"},{"floor":44,"key":"Peace Pipe"},{"floor":45,"key":"Boot"}],"event_choices":[{"damage_healed":0,"gold_gain":0,"player_choice":"Upgraded","damage_taken":0,"max_hp_gain":0,"max_hp_loss":0,"event_name":"Upgrade Shrine","floor":3,"gold_loss":0,"cards_upgraded":["Neutralize"]},{"damage_healed":0,"gold_gain":0,"cards_transformed":["Strike_G"],"player_choice":"Change","damage_taken":0,"max_hp_gain":0,"max_hp_loss":0,"event_name":"Living Wall","floor":13,"gold_loss":0,"cards_obtained":["Night Terror"]},{"damage_healed":0,"gold_gain":0,"player_choice":"Became a Ghost","damage_taken":0,"max_hp_gain":0,"max_hp_loss":35,"event_name":"Ghosts","floor":19,"gold_loss":0,"cards_obtained":["Ghostly","Ghostly","Ghostly","Ghostly","Ghostly"]},{"damage_healed":0,"gold_gain":0,"player_choice":"Opened","damage_taken":0,"relics_obtained":["Kunai"],"max_hp_gain":0,"max_hp_loss":0,"event_name":"The Mausoleum","floor":31,"gold_loss":0,"cards_obtained":["Writhe"]},{"damage_healed":0,"gold_gain":0,"player_choice":"Embrace Madness","damage_taken":4,"max_hp_gain":0,"max_hp_loss":0,"event_name":"Winding Halls","floor":37,"gold_loss":0,"cards_obtained":["Madness","Madness"]},{"damage_healed":0,"gold_gain":0,"player_choice":"Fight","damage_taken":0,"max_hp_gain":0,"max_hp_loss":0,"event_name":"Mysterious Sphere","floor":38,"gold_loss":0},{"cards_removed":["Defend_G"],"damage_healed":0,"gold_gain":0,"player_choice":"Offered Basic","damage_taken":0,"max_hp_gain":0,"max_hp_loss":0,"event_name":"Bonfire Elementals","floor":39,"gold_loss":0},{"damage_healed":0,"gold_gain":0,"player_choice":"Fight","damage_taken":0,"max_hp_gain":0,"max_hp_loss":0,"event_name":"MindBloom","floor":44,"gold_loss":0},{"damage_healed":0,"gold_gain":0,"player_choice":"Memory 2","damage_taken":5,"max_hp_gain":0,"max_hp_loss":0,"event_name":"SensoryStone","floor":46,"gold_loss":0}],"is_beta":false,"boss_relics":[{"not_picked":["Astrolabe","Philosopher\u0027s Stone"],"picked":"Runic Pyramid"},{"not_picked":["Pandora\u0027s Box","Fusion Hammer"],"picked":"Sozu"}],"items_purged_floors":[22,28,36],"is_endless":false,"potions_floor_spawned":[1,4,6,7,11,14,16,20,25,29,35,40,48],"ascension_level":7}