{"gold_per_floor":[119,419,594,123,123,161,161,197,223,223,257,257,14,34,34,146,146,165,165,182,182,20,61,12,12,12,111,22,22,54,77,77,186,186,204,221,221,235,22,22,58,58,58,58,80,0,39,146,146,146],"floor_reached":51,"playtime":5268,"items_purged":["Doubt","Defend_P","Strike_P"],"score":1535,"play_id":"91fc9b4e-5a4f-4ee7-9aec-42025fc0b39b","local_time":"20190917020013","is_ascension_mode":true,"campfire_choices":[{"data":"CrushJoints","floor":7,"key":"SMITH"},{"floor":12,"key":"REST"},{"data":"FlowState","floor":15,"key":"SMITH"},{"data":"Crescendo","floor":25,"key":"SMITH"},{"data":"MentalFortress","floor":32,"key":"SMITH"},{"data":"Adaptation","floor":40,"key":"SMITH"},{"data":"DevaForm","floor":42,"key":"SMITH"},{"data":"SandsOfTime","floor":44,"key":"SMITH"},{"floor":49,"key":"REST"}],"neow_cost":"NONE","seed_source_timestamp":122688668119100,"circlet_count":0,"master_deck":["AscendersBane","Strike_P","Defend_P","Defend_P+1","Defend_P","Eruption","Vigilance","CrushJoints+1","FlowState+1","Sanctity+1","SandsOfTime+1","Wireheading","EmptyBody","Meditate","Evaluate","Crescendo+1","DevaForm+1","MentalFortress+1","CrushJoints+1","StepAndStrike","EmptyBody+1","Adaptation+1","Crescendo","SandsOfTime+1","Wallop","CutThroughFate","InnerPeace","FlurryOfBlows","EmptyFist","Establishment+1","EmptyMind","Protect","ClearTheMind+1"],"relics":["PureWater","NeowsBlessing","Old Coin","Membership Card","Vajra","CeramicFish","Potion Belt","Akabeko","Gremlin Horn","Mercury Hourglass","HornCleat","Cursed Key","Question Card","Bottled Tornado","Bronze Scales","VioletLotus","Bag of Preparation","Boot","Red Mask","CloakClasp","Prayer Wheel"],"potions_floor_usage":[11,16,16,20,23,30,30,33,50,50],"damage_taken":[{"damage":0,"enemies":"Cultist","floor":1,"turns":1},{"damage":0,"enemies":"Gremlin Nob","floor":6,"turns":1},{"damage":0,"enemies":"3 Sentries","floor":8,"turns":1},{"damage":12,"enemies":"Gremlin Nob","floor":11,"turns":3},{"damage":0,"enemies":"Jaw Worm","floor":14,"turns":2},{"damage":14,"enemies":"The Guardian","floor":16,"turns":8},{"damage":0,"enemies":"2 Thieves","floor":18,"turns":3},{"damage":0,"enemies":"Shell Parasite","floor":20,"turns":4},{"damage":10,"enemies":"Book of Stabbing","floor":23,"turns":5},{"damage":0,"enemies":"Slavers","floor":30,"turns":2},{"damage":0,"enemies":"Sentry and Sphere","floor":31,"turns":3},{"damage":0,"enemies":"Collector","floor":33,"turns":8},{"damage":0,"enemies":"3 Shapes","floor":35,"turns":3},{"damage":0,"enemies":"3 Darklings","floor":36,"turns":5},{"damage":14,"enemies":"Transient","floor":38,"turns":5},{"damage":0,"enemies":"Giant Head","floor":41,"turns":5},{"damage":4,"enemies":"Sphere and 2 Shapes","floor":45,"turns":3},{"damage":17,"enemies":"Nemesis","floor":47,"turns":3},{"damage":0,"enemies":"Mind Bloom Boss Battle","floor":48,"turns":3},{"damage":0,"enemies":"Donu and Deca","floor":50,"turns":8}],"seed_played":"-4149270672235760076","potions_obtained":[{"floor":1,"key":"Regen Potion"},{"floor":8,"key":"Regen Potion"},{"floor":14,"key":"StancePotion"},{"floor":18,"key":"Poison Potion"},{"floor":23,"key":"AttackPotion"},{"floor":30,"key":"Weak Potion"},{"floor":35,"key":"FairyPotion"},{"floor":41,"key":"Block Potion"},{"floor":48,"key":"Swift Potion"}],"is_trial":false,"path_per_floor":["M","?","?","$","?","E","R","E","T","?","E","R","$","M","R","B",null,"M","?","M","?","$","E","$","R","T","?","$","?","E","M","R","B",null,"M","M","?","M","$","R","E","R","T","R","M","?","E","?","R","B",null],"character_chosen":"WATCHER","items_purchased":["Membership Card","FlowState","Sanctity","SandsOfTime","Vajra","StancePotion","Wireheading","Mercury Hourglass","HornCleat","Question Card","StepAndStrike","Adaptation","Crescendo","DuplicationPotion","Bag of Preparation","FlurryOfBlows","Swift Potion","EmptyFist"],"campfire_rested":2,"item_purchase_floors":[4,4,4,4,4,4,4,13,13,22,22,24,24,28,39,39,39,39],"current_hp_per_floor":[59,41,41,41,28,28,28,28,28,28,16,35,35,35,35,62,64,64,53,53,53,53,43,43,43,43,43,43,43,43,43,43,43,63,63,63,63,49,49,49,49,49,49,49,45,45,28,28,49,49],"gold":146,"neow_bonus":"THREE_ENEMY_KILL","is_prod":false,"is_daily":false,"chose_seed":false,"campfire_upgraded":7,"win_rate":0,"timestamp":1568678413,"path_taken":["M","?","?","$","?","E","R","E","T","?","E","R","$","?","R","BOSS","M","?","M","?","?","E","?","R","T","?","$","?","E","M","R","BOSS","M","?","?","?","$","R","E","R","T","R","M","?","E","?","R","BOSS"],"build_version":"2019-09-12","purchased_purges":3,"victory":true,"max_hp_per_floor":[65,65,65,65,65,65,65,65,65,65,65,65,65,65,65,65,65,65,70,70,70,70,70,70,70,70,70,70,70,70,70,70,70,70,70,70,70,70,70,70,70,70,70,70,70,70,70,70,70,70],"card_choices":[{"not_picked":["FlyingSleeves","MentalFortress"],"picked":"CrushJoints","floor":1},{"not_picked":["ThirdEye","WaveOfTheHand"],"picked":"EmptyBody","floor":6},{"not_picked":["Consecrate","Scrawl"],"picked":"Meditate","floor":8},{"not_picked":["Alpha","Worship"],"picked":"Evaluate","floor":11},{"not_picked":["ClearTheMind","FlyingSleeves"],"picked":"Crescendo","floor":14},{"not_picked":["Brilliance","Omniscience"],"picked":"DevaForm","floor":16},{"not_picked":["FlyingSleeves","CrushJoints"],"picked":"MentalFortress","floor":18},{"not_picked":["EmptyFist+1","Prostrate"],"picked":"CrushJoints+1","floor":20},{"not_picked":["Prostrate","CarveReality","Weave"],"picked":"EmptyBody+1","floor":23},{"not_picked":["Worship","EmptyFist","CrushJoints","Halt"],"picked":"SKIP","floor":30},{"not_picked":["Meditate","FearNoEvil","Fasting"],"picked":"SandsOfTime","floor":31},{"not_picked":["SignatureMove","LessonLearned","Nirvana"],"picked":"Wallop","floor":33},{"not_picked":["FollowUp","Clarity+1","WreathOfFlame"],"picked":"CutThroughFate","floor":35},{"not_picked":["Prostrate","CarveReality","SandsOfTime+1"],"picked":"InnerPeace","floor":36},{"not_picked":["ThirdEye+1","Unraveling","FollowUp","Prostrate"],"picked":"SKIP","floor":38},{"not_picked":["FollowUp","DevaForm","Clarity"],"picked":"Establishment+1","floor":41},{"not_picked":["FearNoEvil","ThirdEye","Devotion"],"picked":"EmptyMind","floor":45},{"not_picked":["PathToVictory","FlyingSleeves","Collect"],"picked":"Protect","floor":47},{"not_picked":["Fasting+1","Consecrate","PathToVictory"],"picked":"ClearTheMind+1","floor":48}],"player_experience":695555,"relics_obtained":[{"floor":6,"key":"CeramicFish"},{"floor":8,"key":"Potion Belt"},{"floor":9,"key":"Akabeko"},{"floor":11,"key":"Gremlin Horn"},{"floor":23,"key":"Bottled Tornado"},{"floor":30,"key":"Bronze Scales"},{"floor":41,"key":"Boot"},{"floor":47,"key":"CloakClasp"},{"floor":48,"key":"Prayer Wheel"}],"event_choices":[{"damage_healed":0,"gold_gain":0,"player_choice":"Success","damage_taken":18,"relics_obtained":["Old Coin"],"max_hp_gain":0,"max_hp_loss":0,"event_name":"Scrap Ooze","floor":2,"gold_loss":0},{"damage_healed":0,"gold_gain":175,"player_choice":"AGREE","damage_taken":0,"max_hp_gain":0,"max_hp_loss":0,"event_name":"Liars Game","floor":3,"gold_loss":0,"cards_obtained":["Doubt"]},{"damage_healed":0,"gold_gain":0,"player_choice":"Entered Light","damage_taken":13,"max_hp_gain":0,"max_hp_loss":0,"event_name":"Shining Light","floor":5,"gold_loss":0,"cards_upgraded":["Sanctity","Defend_P"]},{"cards_removed":["Strike_P"],"damage_healed":0,"gold_gain":0,"player_choice":"Purged","damage_taken":0,"max_hp_gain":0,"max_hp_loss":0,"event_name":"Purifier","floor":10,"gold_loss":0},{"damage_healed":0,"gold_gain":0,"player_choice":"Shed Blood","damage_taken":16,"max_hp_gain":5,"max_hp_loss":0,"event_name":"Forgotten Altar","floor":19,"gold_loss":0},{"damage_healed":0,"gold_gain":0,"player_choice":"Ignored","damage_taken":0,"max_hp_gain":0,"max_hp_loss":0,"event_name":"Beggar","floor":21,"gold_loss":0},{"damage_healed":0,"gold_gain":99,"player_choice":"Stole From Cult","damage_taken":0,"max_hp_gain":0,"max_hp_loss":0,"event_name":"Nest","floor":27,"gold_loss":0},{"damage_healed":0,"gold_gain":0,"player_choice":"Upgraded","damage_taken":0,"max_hp_gain":0,"max_hp_loss":0,"event_name":"Upgrade Shrine","floor":29,"gold_loss":0,"cards_upgraded":["SandsOfTime"]},{"cards_removed":["Strike_P"],"damage_healed":0,"gold_gain":0,"player_choice":"Purged","damage_taken":0,"max_hp_gain":0,"max_hp_loss":0,"event_name":"Purifier","floor":37,"gold_loss":0},{"damage_healed":0,"gold_gain":0,"player_choice":"Paid","damage_taken":0,"relics_obtained":["Red Mask"],"max_hp_gain":0,"max_hp_loss":0,"event_name":"Tomb of Lord Red Mask","floor":46,"gold_loss":80},{"damage_healed":0,"gold_gain":0,"player_choice":"Fight","damage_taken":0,"max_hp_gain":0,"max_hp_loss":0,"event_name":"MindBloom","floor":48,"gold_loss":0}],"is_beta":true,"boss_relics":[{"not_picked":["Philosopher\u0027s Stone","Runic Dome"],"picked":"Cursed Key"},{"not_picked":["HolyWater","Calling Bell"],"picked":"VioletLotus"}],"items_purged_floors":[4,28,39],"is_endless":false,"potions_floor_spawned":[1,6,8,14,18,23,30,35,41,48],"ascension_level":12}