{"gold_per_floor":[212,69,79,91,107,107,165,165,165,199,199,233,233,266,266,266],"floor_reached":16,"playtime":577,"items_purged":[],"score":256,"play_id":"81f98c50-bbab-4553-8fcb-976b8cd62d6d","local_time":"20190205012259","is_ascension_mode":true,"campfire_choices":[{"data":"Whirlwind","floor":6,"key":"SMITH"},{"data":"Inflame","floor":8,"key":"SMITH"},{"data":"Battle Trance","floor":13,"key":"SMITH"},{"floor":15,"key":"REST"}],"neow_cost":"NONE","seed_source_timestamp":2516698868215293,"circlet_count":0,"master_deck":["AscendersBane","Strike_R","Strike_R","Strike_R","Strike_R","Defend_R","Defend_R","Defend_R","Defend_R","Bash","Whirlwind+1","Inflame+1","Headbutt","Iron Wave","Sword Boomerang","Battle Trance+1","Clothesline","Shrug It Off"],"relics":["Burning Blood","Tiny Chest","Blue Candle","StoneCalendar","Juzu Bracelet","Anchor"],"potions_floor_usage":[7,10,12,16],"damage_taken":[{"damage":1,"enemies":"2 Louse","floor":1,"turns":4},{"damage":1,"enemies":"Cultist","floor":3,"turns":3},{"damage":10,"enemies":"Small Slimes","floor":4,"turns":2},{"damage":11,"enemies":"2 Fungi Beasts","floor":5,"turns":3},{"damage":27,"enemies":"Gremlin Nob","floor":7,"turns":4},{"damage":23,"enemies":"Lagavulin","floor":10,"turns":6},{"damage":10,"enemies":"Gremlin Nob","floor":12,"turns":3},{"damage":22,"enemies":"Lagavulin","floor":14,"turns":7},{"damage":31,"enemies":"Hexaghost","floor":16,"turns":9}],"seed_played":"-6376815814451718587","potions_obtained":[{"floor":1,"key":"Block Potion"},{"floor":7,"key":"SpeedPotion"},{"floor":10,"key":"Poison Potion"},{"floor":14,"key":"Poison Potion"}],"is_trial":false,"path_per_floor":["M","$","M","M","M","R","E","R","T","E","?","E","R","E","R","B"],"character_chosen":"IRONCLAD","items_purchased":["Inflame","SteroidPotion"],"campfire_rested":1,"item_purchase_floors":[2,2],"current_hp_per_floor":[73,73,75,71,66,66,45,45,45,28,28,24,24,8,30,0],"gold":266,"neow_bonus":"HUNDRED_GOLD","is_prod":false,"is_daily":false,"chose_seed":false,"campfire_upgraded":3,"win_rate":0,"timestamp":1549358579,"path_taken":["M","$","M","M","M","R","E","R","T","E","?","E","R","E","R","BOSS"],"build_version":"2019-01-23","purchased_purges":0,"victory":false,"max_hp_per_floor":[75,75,75,75,75,75,75,75,75,75,75,75,75,75,75,75],"card_choices":[{"not_picked":["Thunderclap","Flex"],"picked":"Whirlwind","floor":1},{"not_picked":["Iron Wave","Pummel"],"picked":"Headbutt","floor":3},{"not_picked":["Heavy Blade","Seeing Red"],"picked":"Iron Wave","floor":4},{"not_picked":["Warcry","Clothesline"],"picked":"Sword Boomerang","floor":5},{"not_picked":["Body Slam","Wild Strike"],"picked":"Battle Trance","floor":7},{"not_picked":["Brutality","Pommel Strike"],"picked":"Clothesline","floor":10},{"not_picked":["Wild Strike","Power Through"],"picked":"Shrug It Off","floor":12},{"not_picked":["Pommel Strike","Iron Wave","Whirlwind"],"picked":"SKIP","floor":14}],"player_experience":1218216,"relics_obtained":[{"floor":7,"key":"Tiny Chest"},{"floor":9,"key":"Blue Candle"},{"floor":10,"key":"StoneCalendar"},{"floor":12,"key":"Juzu Bracelet"},{"floor":14,"key":"Anchor"}],"event_choices":[{"cards_removed":["Strike_R"],"damage_healed":0,"gold_gain":0,"player_choice":"Offered Basic","damage_taken":0,"max_hp_gain":0,"max_hp_loss":0,"event_name":"Bonfire Elementals","floor":11,"gold_loss":0}],"is_beta":true,"boss_relics":[],"items_purged_floors":[],"is_endless":false,"potions_floor_spawned":[1,7,10,14],"killed_by":"Hexaghost","ascension_level":20}