{"gold_per_floor":[111,111,0,19,33,64,64,64,110,110,142,142,153,153],"floor_reached":14,"playtime":533,"items_purged":[],"score":196,"play_id":"78a56af9-d880-4e77-9907-1f5eb0828dcf","local_time":"20181224051457","is_ascension_mode":true,"campfire_choices":[{"data":"Zap","floor":8,"key":"SMITH"},{"floor":10,"key":"REST"},{"data":"Thunder Strike","floor":12,"key":"SMITH"}],"neow_cost":"NONE","seed_source_timestamp":8132950133592495,"circlet_count":0,"master_deck":["AscendersBane","Strike_B+1","Strike_B","Strike_B+1","Strike_B","Defend_B","Defend_B","Defend_B","Defend_B","Zap+1","Dualcast","Gash+1","Rebound+1","Thunder Strike+1","Self Repair","Conserve Battery"],"relics":["Cracked Core","NeowsBlessing","Centennial Puzzle","Smiling Mask","Whetstone","Happy Flower"],"potions_floor_usage":[6,6,6,11],"damage_taken":[{"damage":0,"enemies":"Small Slimes","floor":1,"turns":1},{"damage":0,"enemies":"Cultist","floor":4,"turns":1},{"damage":0,"enemies":"2 Louse","floor":5,"turns":1},{"damage":20,"enemies":"Lagavulin","floor":6,"turns":6},{"damage":12,"enemies":"3 Sentries","floor":11,"turns":6},{"damage":17,"enemies":"Lots of Slimes","floor":13,"turns":4},{"damage":31,"enemies":"Gremlin Nob","floor":14,"turns":3}],"seed_played":"-4842881072267606808","potions_obtained":[{"floor":4,"key":"PowerPotion"}],"is_trial":false,"path_per_floor":["M","?","$","M","M","E","?","R","T","R","E","R","M","E"],"character_chosen":"DEFECT","items_purchased":["EntropicBrew"],"campfire_rested":1,"item_purchase_floors":[3],"current_hp_per_floor":[64,64,64,64,64,44,23,23,23,44,32,32,22,0],"gold":153,"neow_bonus":"THREE_ENEMY_KILL","is_prod":false,"is_daily":false,"chose_seed":false,"campfire_upgraded":2,"win_rate":0,"timestamp":1545657297,"path_taken":["M","?","$","?","M","E","?","R","T","R","E","R","M","E"],"build_version":"2018-12-20","purchased_purges":0,"victory":false,"max_hp_per_floor":[71,71,71,71,71,71,71,71,71,71,71,71,71,71],"card_choices":[{"not_picked":["Rebound","Turbo"],"picked":"Steam","floor":1},{"not_picked":["Scrape","Aggregate"],"picked":"Gash","floor":4},{"not_picked":["Beam Cell","Redo"],"picked":"Rebound","floor":5},{"not_picked":["Steam","Aggregate"],"picked":"Thunder Strike","floor":6},{"not_picked":["Go for the Eyes","Gash"],"picked":"Self Repair","floor":11},{"not_picked":["Undo","Stack"],"picked":"Conserve Battery","floor":13}],"player_experience":1128991,"relics_obtained":[{"floor":6,"key":"Smiling Mask"},{"floor":9,"key":"Whetstone"},{"floor":11,"key":"Happy Flower"}],"event_choices":[{"cards_removed":["Steam"],"damage_healed":0,"gold_gain":0,"player_choice":"Gave Card","damage_taken":0,"relics_obtained":["Centennial Puzzle"],"max_hp_gain":0,"max_hp_loss":0,"event_name":"WeMeetAgain","floor":2,"gold_loss":0},{"damage_healed":0,"gold_gain":0,"player_choice":"Entered Light","damage_taken":21,"max_hp_gain":0,"max_hp_loss":0,"event_name":"Shining Light","floor":7,"gold_loss":0,"cards_upgraded":["Strike_B","Strike_B"]}],"is_beta":true,"boss_relics":[],"items_purged_floors":[],"is_endless":false,"potions_floor_spawned":[4,5],"killed_by":"Gremlin Nob","ascension_level":20}