{"gold_per_floor":[117,117,129,149,167,167,31,31,31,64,64,64,64,64,64,135,135,152,152,167,167,17,17,34,34,108,108,108,108,108],"floor_reached":30,"playtime":595,"items_purged":[],"score":392,"play_id":"4109b802-6111-4a4a-8cd7-c62999132b67","local_time":"20190918154535","is_ascension_mode":true,"campfire_choices":[{"data":"Dualcast","floor":6.0,"key":"SMITH"},{"data":"Go for the Eyes","floor":8.0,"key":"SMITH"},{"data":"Electrodynamics","floor":11.0,"key":"SMITH"},{"floor":15.0,"key":"REST"},{"data":"RitualDagger","floor":23.0,"key":"SMITH"},{"floor":25.0,"key":"REST"}],"neow_cost":"NONE","seed_source_timestamp":59698620376800,"circlet_count":0,"master_deck":["AscendersBane","Strike_B","Strike_B","Strike_B+1","Strike_B","Defend_B","Defend_B+1","Defend_B","Defend_B","Zap+1","Dualcast+1","Glacier","Go for the Eyes+1","Beam Cell","Core Surge","Electrodynamics+1","All For One","Conserve Battery+1","Capacitor","RitualDagger+1","Doom and Gloom","Self Repair","Chaos+1","Static Discharge","Hologram","BootSequence"],"special_seed":0,"relics":["Cracked Core","FaceOfCleric","Question Card","Letter Opener","Busted Crown","Orrery","Kunai"],"potions_floor_usage":[29,29],"damage_taken":[{"damage":3.0,"enemies":"Jaw Worm","floor":1.0,"turns":4.0},{"damage":1.0,"enemies":"Cultist","floor":3.0,"turns":3.0},{"damage":6.0,"enemies":"2 Louse","floor":4.0,"turns":3.0},{"damage":1.0,"enemies":"2 Fungi Beasts","floor":5.0,"turns":3.0},{"damage":9.0,"enemies":"Lagavulin","floor":10.0,"turns":6.0},{"damage":15.0,"enemies":"Hexaghost","floor":16.0,"turns":11.0},{"damage":20.0,"enemies":"2 Thieves","floor":18.0,"turns":3.0},{"damage":2.0,"enemies":"Chosen","floor":20.0,"turns":5.0},{"damage":23.0,"enemies":"Snecko","floor":24.0,"turns":4.0},{"damage":8,"enemies":"Colosseum Slavers","floor":29,"turns":3},{"damage":10,"enemies":"Centurion and Healer","floor":30,"turns":2}],"seed_played":"-4608020369587988782","potions_obtained":[{"floor":1.0,"key":"FocusPotion"},{"floor":3.0,"key":"EssenceOfSteel"},{"floor":10.0,"key":"Fire Potion"},{"floor":20.0,"key":"Ancient Potion"}],"is_trial":false,"path_per_floor":["M","?","M","M","M","R","$","R","T","E","R","$","?","?","R","B",null,"M","?","M","?","$","R","M","R","T","$","?","?","M"],"character_chosen":"DEFECT","items_purchased":["Core Surge","Orrery"],"campfire_rested":2,"item_purchase_floors":[7,22],"current_hp_per_floor":[61,61,61,56,56,56,56,56,56,48,48,48,25,25,47,33,65,46,46,45,39,39,39,17,40,40,40,17,10,0],"gold":108,"neow_bonus":"UPGRADE_CARD","is_prod":false,"is_daily":false,"chose_seed":false,"campfire_upgraded":4,"win_rate":0,"timestamp":1568839535,"path_taken":["M","?","M","?","M","R","$","R","T","E","R","$","?","?","R","BOSS","M","?","M","?","$","R","M","R","T","$","?","?","M"],"build_version":"2019-09-18","purchased_purges":0,"victory":false,"max_hp_per_floor":[71,71,72,73,74,74,74,74,74,75,75,75,75,75,75,76,76,77,77,78,78,78,78,79,79,79,79,84,85,85],"card_choices":[{"not_picked":["Coolheaded","Force Field"],"picked":"Glacier","floor":1.0},{"not_picked":["Darkness","Force Field"],"picked":"Go for the Eyes","floor":3.0},{"not_picked":["Rebound","Cold Snap"],"picked":"Beam Cell","floor":4.0},{"not_picked":["Turbo","Lockon","Barrage"],"picked":"SKIP","floor":5.0},{"not_picked":["Leap","Rip and Tear","Undo"],"picked":"Electrodynamics","floor":10.0},{"not_picked":["Amplify","Rainbow","Core Surge"],"picked":"All For One","floor":16.0},{"not_picked":["Melter"],"picked":"Conserve Battery+1","floor":18.0},{"not_picked":["Leap"],"picked":"Capacitor","floor":20.0},{"not_picked":["Cold Snap"],"picked":"Doom and Gloom","floor":22.0},{"not_picked":["Stack"],"picked":"Self Repair","floor":22.0},{"not_picked":["Conserve Battery"],"picked":"Chaos+1","floor":22.0},{"not_picked":["Machine Learning"],"picked":"Static Discharge","floor":22.0},{"not_picked":["Sweeping Beam"],"picked":"Hologram","floor":22.0},{"not_picked":["Go for the Eyes"],"picked":"BootSequence","floor":24.0}],"player_experience":1389570,"relics_obtained":[{"floor":9.0,"key":"Question Card"},{"floor":10.0,"key":"Letter Opener"},{"floor":26.0,"key":"Kunai"}],"event_choices":[{"damage_healed":0.0,"max_hp_gain":0.0,"max_hp_loss":0.0,"gold_gain":0.0,"event_name":"FaceTrader","player_choice":"Trade","floor":2.0,"gold_loss":0.0,"damage_taken":0.0,"relics_obtained":["FaceOfCleric"]},{"damage_healed":0.0,"max_hp_gain":0.0,"max_hp_loss":0.0,"gold_gain":0.0,"event_name":"Shining Light","player_choice":"Entered Light","floor":13.0,"gold_loss":0.0,"damage_taken":23.0,"cards_upgraded":["Defend_B","Strike_B"]},{"damage_healed":0.0,"max_hp_gain":0.0,"max_hp_loss":0.0,"gold_gain":0.0,"event_name":"Liars Game","player_choice":"Ignored","floor":14.0,"gold_loss":0.0,"damage_taken":0.0},{"damage_healed":0.0,"max_hp_gain":0.0,"max_hp_loss":0.0,"gold_gain":0.0,"event_name":"Beggar","player_choice":"Ignored","floor":19.0,"gold_loss":0.0,"damage_taken":0.0},{"damage_healed":0.0,"max_hp_gain":0.0,"max_hp_loss":0.0,"gold_gain":0.0,"event_name":"Nest","player_choice":"Joined the Cult","floor":21.0,"gold_loss":0.0,"damage_taken":6.0,"cards_obtained":["RitualDagger"]},{"damage_healed":0.0,"max_hp_gain":5.0,"max_hp_loss":0.0,"gold_gain":0.0,"event_name":"Forgotten Altar","player_choice":"Shed Blood","floor":28.0,"gold_loss":0.0,"damage_taken":28.0},{"damage_healed":0,"gold_gain":0,"player_choice":"Fight","damage_taken":0,"max_hp_gain":0,"max_hp_loss":0,"event_name":"Colosseum","floor":29,"gold_loss":0},{"damage_healed":0,"gold_gain":0,"player_choice":"Fled From Nobs","damage_taken":0,"max_hp_gain":0,"max_hp_loss":0,"event_name":"Colosseum","floor":29,"gold_loss":0}],"is_beta":true,"boss_relics":[{"not_picked":["Runic Pyramid","Astrolabe"],"picked":"Busted Crown"}],"items_purged_floors":[],"is_endless":false,"potions_floor_spawned":[1,3,10,20,29],"killed_by":"Centurion and Healer","ascension_level":15}