{"gold_per_floor":[115,115,130,141,155,155,169,169,169,181,198,198,198,233,233,331],"floor_reached":16,"playtime":1054,"items_purged":[],"score":154,"play_id":"e384da6f-cc27-40e1-bc2d-9668dcc98560","local_time":"20190510003444","is_ascension_mode":false,"campfire_choices":[{"data":"Bludgeon","floor":6,"key":"SMITH"},{"data":"Entrench","floor":8,"key":"SMITH"},{"data":"Bash","floor":12,"key":"SMITH"},{"data":"Clothesline","floor":15,"key":"SMITH"}],"neow_cost":"NONE","seed_source_timestamp":1034964012408700,"circlet_count":0,"master_deck":["Strike_R","Strike_R","Strike_R","Defend_R","Defend_R","Defend_R","Defend_R","Bash+1","Bludgeon+1","Entrench+1","True Grit","Clothesline+1","Intimidate","Evolve","Shockwave","Cleave","Thunderclap"],"relics":["Burning Blood","Frozen Egg 2","Ornamental Fan"],"potions_floor_usage":[],"damage_taken":[{"damage":7,"enemies":"2 Louse","floor":1,"turns":2},{"damage":1,"enemies":"Cultist","floor":3,"turns":3},{"damage":0,"enemies":"Small Slimes","floor":4,"turns":2},{"damage":5,"enemies":"3 Louse","floor":5,"turns":5},{"damage":6,"enemies":"Blue Slaver","floor":7,"turns":5},{"damage":11,"enemies":"Large Slime","floor":10,"turns":5},{"damage":2,"enemies":"2 Fungi Beasts","floor":11,"turns":5},{"damage":14,"enemies":"Lagavulin","floor":14,"turns":4},{"damage":42,"enemies":"Slime Boss","floor":16,"turns":9}],"seed_played":"-4077154593156394050","potions_obtained":[{"floor":4,"key":"GamblersBrew"},{"floor":5,"key":"PowerPotion"},{"floor":14,"key":"Dexterity Potion"}],"is_trial":false,"path_per_floor":["M","?","M","M","M","R","M","R","T","M","M","R","?","E","R","B"],"character_chosen":"IRONCLAD","items_purchased":[],"campfire_rested":0,"item_purchase_floors":[],"current_hp_per_floor":[79,79,80,80,80,80,80,80,80,75,79,79,72,64,64,28],"gold":331,"neow_bonus":"ONE_RANDOM_RARE_CARD","is_prod":false,"is_daily":false,"chose_seed":false,"campfire_upgraded":4,"win_rate":0,"timestamp":1557473684,"path_taken":["M","?","M","?","M","R","M","R","T","M","M","R","?","E","R","BOSS"],"build_version":"2019-05-07","purchased_purges":0,"victory":false,"max_hp_per_floor":[80,80,80,80,80,80,80,80,80,80,80,80,80,80,80,80],"card_choices":[{"not_picked":["Heavy Blade","Cleave"],"picked":"Entrench","floor":1},{"not_picked":["Twin Strike","Perfected Strike"],"picked":"True Grit","floor":3},{"not_picked":["Havoc","Sword Boomerang"],"picked":"Clothesline","floor":4},{"not_picked":["Body Slam","Headbutt"],"picked":"Intimidate","floor":5},{"not_picked":["True Grit","Anger"],"picked":"Evolve","floor":7},{"not_picked":["Heavy Blade","Intimidate"],"picked":"Shockwave","floor":10},{"not_picked":["Iron Wave","Flex"],"picked":"Cleave","floor":11},{"not_picked":["Limit Break","Twin Strike"],"picked":"Thunderclap","floor":14}],"player_experience":3433226,"relics_obtained":[{"floor":9,"key":"Frozen Egg 2"},{"floor":14,"key":"Ornamental Fan"}],"event_choices":[{"cards_removed":["Strike_R"],"damage_healed":0,"gold_gain":0,"player_choice":"Offered Basic","damage_taken":0,"max_hp_gain":0,"max_hp_loss":0,"event_name":"Bonfire Elementals","floor":2,"gold_loss":0},{"cards_removed":["Strike_R"],"damage_healed":0,"gold_gain":0,"player_choice":"Card Removal","damage_taken":7,"max_hp_gain":0,"max_hp_loss":0,"event_name":"Golden Wing","floor":13,"gold_loss":0}],"is_beta":true,"boss_relics":[],"items_purged_floors":[],"is_endless":false,"potions_floor_spawned":[4,5,14,16],"killed_by":"Slime Boss","ascension_level":0}