{"gold_per_floor":[11,31,50,62,80,80,107,119,158,170,195,223,235],"floor_reached":13,"playtime":429,"items_purged":[],"score":178,"play_id":"3769c4d7-bc5b-44a4-8642-fb371f52ad7b","local_time":"20181224044311","is_ascension_mode":true,"campfire_choices":[{"data":"Zap","floor":6,"key":"SMITH"},{"floor":10,"key":"REST"}],"neow_cost":"NO_GOLD","seed_source_timestamp":8131147338673517,"circlet_count":0,"master_deck":["AscendersBane","Strike_B","Strike_B","Strike_B","Defend_B","Defend_B","Defend_B","Zap+1","Dualcast","Compile Driver","Cold Snap","Darkness","Capacitor","Rip and Tear","Defragment","Biased Cognition","Conserve Battery"],"relics":["Cracked Core","MawBank","Lantern"],"potions_floor_usage":[4,7],"damage_taken":[{"damage":4,"enemies":"2 Louse","floor":1,"turns":3},{"damage":9,"enemies":"Jaw Worm","floor":2,"turns":4},{"damage":0,"enemies":"Small Slimes","floor":3,"turns":2},{"damage":12,"enemies":"Gremlin Gang","floor":4,"turns":3},{"damage":9,"enemies":"2 Fungi Beasts","floor":5,"turns":3},{"damage":27,"enemies":"Gremlin Nob","floor":7,"turns":4},{"damage":0,"enemies":"Large Slime","floor":11,"turns":4},{"damage":14,"enemies":"Red Slaver","floor":12,"turns":3},{"damage":15,"enemies":"Lagavulin","floor":13,"turns":4}],"seed_played":"-3819829937642795156","potions_obtained":[{"floor":2,"key":"AttackPotion"},{"floor":4,"key":"Explosive Potion"},{"floor":5,"key":"FocusPotion"}],"is_trial":false,"path_per_floor":["M","M","M","M","M","R","E","?","T","R","M","M","E"],"character_chosen":"DEFECT","items_purchased":[],"campfire_rested":1,"item_purchase_floors":[],"current_hp_per_floor":[60,51,51,39,30,30,3,3,3,24,24,10,0],"gold":235,"neow_bonus":"REMOVE_TWO","is_prod":false,"is_daily":false,"chose_seed":false,"campfire_upgraded":1,"win_rate":0,"timestamp":1545655391,"path_taken":["M","M","M","M","M","R","E","?","T","R","M","M","E"],"build_version":"2018-12-20","purchased_purges":0,"victory":false,"max_hp_per_floor":[71,71,71,71,71,71,71,71,71,71,71,71,71],"card_choices":[{"not_picked":["Coolheaded","Stack"],"picked":"Compile Driver","floor":1},{"not_picked":["Conserve Battery","Leap"],"picked":"Cold Snap","floor":2},{"not_picked":["Coolheaded","Beam Cell"],"picked":"Darkness","floor":3},{"not_picked":["Compile Driver","Rebound"],"picked":"Capacitor","floor":4},{"not_picked":["Turbo","Go for the Eyes"],"picked":"Rip and Tear","floor":5},{"not_picked":["Rebound","Skim"],"picked":"Defragment","floor":7},{"not_picked":["Undo","Stack"],"picked":"Biased Cognition","floor":11},{"not_picked":["Skim","White Noise"],"picked":"Conserve Battery","floor":12}],"player_experience":1127214,"relics_obtained":[{"floor":7,"key":"MawBank"},{"floor":9,"key":"Lantern"}],"event_choices":[{"damage_healed":0,"gold_gain":0,"player_choice":"Fled","damage_taken":0,"max_hp_gain":0,"max_hp_loss":0,"event_name":"Scrap Ooze","floor":8,"gold_loss":0}],"is_beta":true,"boss_relics":[],"items_purged_floors":[],"is_endless":false,"potions_floor_spawned":[2,4,5],"killed_by":"Lagavulin","ascension_level":20}