{"gold_per_floor":[11,11,27,27,27,27,43,43,95,95,128,128,146,158,158,235,235,254,254,274,549,120,120,139,139,139,139,139],"floor_reached":28,"playtime":1800,"items_purged":["Regret"],"score":432,"play_id":"c761f9e4-3d43-412a-b084-ac8cdb4108db","local_time":"20190327160716","is_ascension_mode":true,"campfire_choices":[{"data":"Malaise","floor":6,"key":"SMITH"},{"data":"Predator","floor":10,"key":"SMITH"},{"data":"Footwork","floor":12,"key":"SMITH"},{"data":"Neutralize","floor":15,"key":"SMITH"},{"data":"Burst","floor":23,"key":"SMITH"},{"data":"Well Laid Plans","floor":25,"key":"SMITH"},{"data":"Caltrops","floor":27,"key":"SMITH"}],"neow_cost":"NO_GOLD","seed_source_timestamp":1598525018852600,"circlet_count":0,"master_deck":["AscendersBane","Defend_G","Defend_G","Defend_G+1","Defend_G+1","Defend_G","Strike_G","Strike_G","Strike_G","Strike_G","Survivor","Neutralize+1","Malaise+1","Blur","Predator+1","Footwork+1","Deflect","Heel Hook","Burst+1","Caltrops","Dodge and Roll","Cloak And Dagger","Backflip","Blade Dance","Cloak And Dagger","Choke","Flying Knee","Well Laid Plans+1","Caltrops+1","Burst"],"relics":["Ring of the Snake","The Courier","Anchor","Bottled Flame","Orrery","Art of War","War Paint","Bottled Lightning"],"potions_floor_usage":[3,14,28],"damage_taken":[{"damage":11,"enemies":"Cultist","floor":1,"turns":5},{"damage":3,"enemies":"Small Slimes","floor":3,"turns":4},{"damage":2,"enemies":"Jaw Worm","floor":7,"turns":6},{"damage":15,"enemies":"3 Sentries","floor":11,"turns":15},{"damage":0,"enemies":"Blue Slaver","floor":13,"turns":5},{"damage":0,"enemies":"Exordium Wildlife","floor":14,"turns":3},{"damage":10,"enemies":"The Guardian","floor":16,"turns":18},{"damage":0,"enemies":"Shell Parasite","floor":18,"turns":10},{"damage":17,"enemies":"Spheric Guardian","floor":20,"turns":10},{"damage":4,"enemies":"Snake Plant","floor":24,"turns":7},{"damage":42,"enemies":"Gremlin Leader","floor":28,"turns":9}],"seed_played":"-4332355301529490052","potions_obtained":[{"floor":1,"key":"SteroidPotion"},{"floor":3,"key":"FearPotion"},{"floor":16,"key":"GhostInAJar"},{"floor":24,"key":"Ancient Potion"}],"is_trial":false,"path_per_floor":["M","?","M","?","T","R","M","$","T","R","E","R","M","M","R","B",null,"M","?","M","?","$","R","M","R","T","R","E"],"character_chosen":"THE_SILENT","items_purchased":["Well Laid Plans","Caltrops","Art of War","War Paint"],"campfire_rested":0,"item_purchase_floors":[22,22,22,22],"current_hp_per_floor":[48,66,63,56,56,56,54,54,54,54,39,39,39,39,39,29,57,57,57,40,40,40,40,36,36,36,36,0],"gold":139,"neow_bonus":"THREE_RARE_CARDS","is_prod":false,"is_daily":false,"chose_seed":false,"campfire_upgraded":7,"win_rate":0,"timestamp":1553728036,"path_taken":["M","?","M","?","?","R","M","?","T","R","E","R","M","M","R","BOSS","M","?","M","?","$","R","M","R","T","R","E"],"build_version":"2019-03-15","purchased_purges":1,"victory":false,"max_hp_per_floor":[66,66,66,66,66,66,66,66,66,66,66,66,66,66,66,66,66,66,66,66,66,66,66,66,66,66,66,66],"card_choices":[{"not_picked":["Storm of Steel","Doppelganger"],"picked":"Malaise","floor":0},{"not_picked":["Accuracy","Flechettes"],"picked":"Blur","floor":1},{"not_picked":["Escape Plan","Flechettes"],"picked":"Predator","floor":3},{"not_picked":["Outmaneuver","Sucker Punch"],"picked":"Footwork","floor":7},{"not_picked":["Catalyst","Underhanded Strike","Poisoned Stab"],"picked":"SKIP","floor":11},{"not_picked":["Reflex","Backstab"],"picked":"Deflect","floor":13},{"not_picked":["Quick Slash","Poisoned Stab"],"picked":"Heel Hook","floor":14},{"not_picked":["Glass Knife","Grand Finale"],"picked":"Burst","floor":16},{"not_picked":["All Out Attack","Blade Dance"],"picked":"Caltrops","floor":17},{"not_picked":["Cloak And Dagger","Prepared"],"picked":"Dodge and Roll","floor":17},{"not_picked":["Dagger Throw","Catalyst"],"picked":"Cloak And Dagger","floor":17},{"not_picked":["Prepared","PiercingWail"],"picked":"Backflip","floor":17},{"not_picked":["Quick Slash","Acrobatics"],"picked":"Blade Dance","floor":17},{"not_picked":["Flying Knee","Prepared"],"picked":"Cloak And Dagger","floor":18},{"not_picked":["Expertise","Concentrate"],"picked":"Flying Knee","floor":20},{"not_picked":["Quick Slash","Underhanded Strike"],"picked":"Burst","floor":24}],"player_experience":3399697,"relics_obtained":[{"floor":5,"key":"The Courier"},{"floor":9,"key":"Anchor"},{"floor":11,"key":"Bottled Flame"},{"floor":26,"key":"Bottled Lightning"}],"event_choices":[{"damage_healed":22,"gold_gain":0,"player_choice":"Banana","damage_taken":0,"max_hp_gain":0,"max_hp_loss":0,"event_name":"Big Fish","floor":2,"gold_loss":0},{"cards_removed":["Strike_G"],"damage_healed":0,"gold_gain":0,"player_choice":"Card Removal","damage_taken":7,"max_hp_gain":0,"max_hp_loss":0,"event_name":"Golden Wing","floor":4,"gold_loss":0},{"damage_healed":0,"gold_gain":0,"player_choice":"Read","damage_taken":0,"max_hp_gain":0,"max_hp_loss":0,"event_name":"The Library","floor":19,"gold_loss":0,"cards_obtained":["Choke"]},{"damage_healed":0,"gold_gain":275,"player_choice":"Desecrate","damage_taken":0,"max_hp_gain":0,"max_hp_loss":0,"event_name":"Golden Shrine","floor":21,"gold_loss":0,"cards_obtained":["Regret"]}],"is_beta":true,"boss_relics":[{"not_picked":["Lizard Tail","Calling Bell"],"picked":"Orrery"}],"items_purged_floors":[22],"is_endless":false,"potions_floor_spawned":[1,3,16,24],"killed_by":"Gremlin Leader","ascension_level":20}