{"gold_per_floor":[211,227,237,252,13,13,32,32,32,32,44,44,44],"floor_reached":13,"playtime":453,"items_purged":[],"score":146,"play_id":"50d45eef-952f-41aa-8dd4-ce1f707f5c26","local_time":"20181110025817","is_ascension_mode":true,"campfire_choices":[{"data":"Neutralize","floor":6,"key":"SMITH"},{"floor":12,"key":"REST"}],"neow_cost":"NONE","seed_source_timestamp":4323229797158051,"circlet_count":0,"master_deck":["AscendersBane","Defend_G","Defend_G","Defend_G","Defend_G","Defend_G","Strike_G","Strike_G","Strike_G","Strike_G","Strike_G","Survivor","Neutralize+1","Flying Knee","Dagger Spray","Well Laid Plans","Dash","Noxious Fumes","Infinite Blades","Deadly Poison"],"relics":["Ring of the Snake","Vajra","Bottled Flame"],"potions_floor_usage":[11,13],"damage_taken":[{"damage":4,"enemies":"Cultist","floor":1,"turns":5},{"damage":3,"enemies":"Small Slimes","floor":2,"turns":4},{"damage":0,"enemies":"2 Louse","floor":3,"turns":2},{"damage":16,"enemies":"Exordium Wildlife","floor":4,"turns":5},{"damage":11,"enemies":"Lots of Slimes","floor":7,"turns":4},{"damage":13,"enemies":"Blue Slaver","floor":11,"turns":4},{"damage":28,"enemies":"Gremlin Nob","floor":13,"turns":4}],"seed_played":"6406864615182076201","potions_obtained":[{"floor":3,"key":"GamblersBrew"},{"floor":7,"key":"SkillPotion"}],"is_trial":false,"path_per_floor":["M","M","M","M","$","R","M","$","T","?","M","R","E"],"character_chosen":"THE_SILENT","items_purchased":["Noxious Fumes","Vajra"],"campfire_rested":1,"item_purchase_floors":[5,5],"current_hp_per_floor":[55,52,52,36,36,36,25,25,25,16,3,22,0],"gold":44,"neow_bonus":"HUNDRED_GOLD","is_prod":false,"is_daily":false,"chose_seed":false,"campfire_upgraded":1,"win_rate":0,"timestamp":1541847497,"path_taken":["M","M","M","M","$","R","M","?","T","?","?","R","E"],"build_version":"2018-11-08","purchased_purges":0,"victory":false,"max_hp_per_floor":[66,66,66,66,66,66,66,66,66,66,66,66,66],"card_choices":[{"not_picked":["Outmaneuver","Underhanded Strike"],"picked":"Flying Knee","floor":1},{"not_picked":["Backflip","Expertise"],"picked":"Dagger Spray","floor":2},{"not_picked":["Deadly Poison","Prepared"],"picked":"Well Laid Plans","floor":3},{"not_picked":["Predator","Endless Agony"],"picked":"Dash","floor":4},{"not_picked":["Outmaneuver","Deadly Poison"],"picked":"Infinite Blades","floor":7},{"not_picked":["Underhanded Strike","Bullet Time"],"picked":"Deadly Poison","floor":11}],"player_experience":1045636,"relics_obtained":[{"floor":9,"key":"Bottled Flame"}],"event_choices":[{"damage_healed":0,"gold_gain":0,"player_choice":"Damaged","damage_taken":9,"max_hp_gain":0,"max_hp_loss":0,"event_name":"Wheel of Change","floor":10,"gold_loss":0}],"is_beta":true,"boss_relics":[],"items_purged_floors":[],"is_endless":false,"potions_floor_spawned":[3,7],"killed_by":"Gremlin Nob","ascension_level":18}