{"gold_per_floor":[213,228,238,257,269,269,302,46,92,92,92,92,116,136,136,210,210,221,238,163,163,163],"floor_reached":22,"playtime":1017,"items_purged":[],"score":351,"play_id":"e46eda4e-1b35-49ac-a554-fcaaa3383d1f","local_time":"20180711204402","is_ascension_mode":true,"campfire_choices":[{"data":"Zap","floor":6,"key":"SMITH"},{"data":"Coolheaded","floor":10,"key":"SMITH"},{"data":"Static Discharge","floor":12,"key":"SMITH"},{"floor":15,"key":"REST"}],"neow_cost":"NONE","seed_source_timestamp":256444506630205,"circlet_count":0,"master_deck":["Defend_B","Defend_B","Defend_B","Defend_B","Zap+1","Dualcast","AscendersBane","Ball Lightning","Conserve Battery","Static Discharge+1","Electrodynamics","Cold Snap","Coolheaded+1","BootSequence","Echo Form","Chill","Bite","Bite","Bite","Bite","Bite"],"relics":["Cracked Core","Bottled Tornado","ClockworkSouvenir","Pen Nib","Odd Mushroom","Busted Crown"],"potions_floor_usage":[16],"damage_taken":[{"damage":1,"enemies":"Jaw Worm","floor":1,"turns":4},{"damage":0,"enemies":"Cultist","floor":2,"turns":4},{"damage":0,"enemies":"2 Louse","floor":3,"turns":3},{"damage":3,"enemies":"2 Fungi Beasts","floor":4,"turns":3},{"damage":8,"enemies":"Blue Slaver","floor":5,"turns":3},{"damage":17,"enemies":"3 Sentries","floor":7,"turns":5},{"damage":7,"floor":13,"turns":2},{"damage":8,"enemies":"Looter","floor":14,"turns":3},{"damage":23,"enemies":"The Guardian","floor":16,"turns":16},{"damage":0,"enemies":"Chosen","floor":18,"turns":4},{"damage":19,"enemies":"2 Thieves","floor":19,"turns":3},{"damage":53,"enemies":"Slaver and Parasite","floor":22,"turns":4}],"seed_played":"7028092139435633883","potions_obtained":[{"floor":3,"key":"SpeedPotion"},{"floor":7,"key":"Regen Potion"},{"floor":16,"key":"FearPotion"}],"is_trial":false,"path_per_floor":["M","M","M","M","M","R","E","$","T","R","?","R","?","M","R","B",null,"M","M","?","?"],"character_chosen":"DEFECT","items_purchased":["ClockworkSouvenir","Coolheaded"],"campfire_rested":1,"item_purchase_floors":[8,8],"current_hp_per_floor":[63,63,63,60,52,52,35,35,35,35,35,35,28,20,41,18,58,58,39,39,39,0],"gold":163,"neow_bonus":"HUNDRED_GOLD","is_prod":false,"is_daily":false,"chose_seed":false,"campfire_upgraded":3,"win_rate":0,"timestamp":1531367042,"path_taken":["M","M","M","M","M","R","E","$","T","R","?","R","?","?","R","BOSS","M","?","?","?","M"],"build_version":"2018-07-10","purchased_purges":0,"victory":false,"max_hp_per_floor":[71,71,71,71,71,71,71,71,71,71,71,71,71,71,71,71,71,71,71,71,49,49],"card_choices":[{"not_picked":["Gash","Capacitor"],"picked":"Ball Lightning","floor":1},{"not_picked":["Rebound","Redo"],"picked":"Conserve Battery","floor":2},{"not_picked":["Steam","Turbo"],"picked":"Static Discharge","floor":3},{"not_picked":["Rebound","Streamline"],"picked":"Electrodynamics","floor":4},{"not_picked":["Blizzard","Go for the Eyes"],"picked":"Cold Snap","floor":5},{"not_picked":["Rip and Tear","Blizzard","Consume"],"picked":"SKIP","floor":7},{"not_picked":["Leap","Beam Cell"],"picked":"BootSequence","floor":14},{"not_picked":["Biased Cognition","Rainbow"],"picked":"Echo Form","floor":16},{"not_picked":["Compile Driver+1"],"picked":"SKIP","floor":18},{"not_picked":[],"picked":"Chill","floor":19}],"player_experience":811295,"relics_obtained":[{"floor":7,"key":"Bottled Tornado"},{"floor":9,"key":"Pen Nib"},{"floor":13,"key":"Odd Mushroom"}],"event_choices":[{"event_name":"Match and Keep!","player_choice":"0 cards matched","floor":11,"damage_taken":0},{"event_name":"Match and Keep!","player_choice":"0 cards matched","floor":11,"damage_taken":0},{"event_name":"Mushrooms","player_choice":"Fought Mushrooms","floor":13,"damage_taken":0},{"event_name":"Beggar","player_choice":"Gave Gold","floor":20,"damage_taken":0},{"event_name":"Vampires","player_choice":"Became a vampire","floor":21,"damage_taken":0}],"boss_relics":[{"not_picked":["FrozenCore","Empty Cage"],"picked":"Busted Crown"}],"items_purged_floors":[],"is_endless":false,"potions_floor_spawned":[3,7,13,16,18],"killed_by":"Slaver and Parasite","ascension_level":15}