{"gold_per_floor":[112,124,141,160,160,160,178,178,178,178,178,178,212,149,149,221,221,235,252,152,171,182,182,182],"floor_reached":24,"playtime":943,"items_purged":["Clash","Strike_R"],"score":396,"play_id":"09e2ef4b-c26e-445e-91b8-8398e8edc2d6","local_time":"20190327154748","is_ascension_mode":true,"campfire_choices":[{"data":"Searing Blow","floor":6,"key":"SMITH"},{"data":"Searing Blow+1","floor":10,"key":"SMITH"},{"data":"Searing Blow+2","floor":12,"key":"SMITH"},{"data":"Searing Blow+3","floor":15,"key":"SMITH"},{"data":"Searing Blow+4","floor":23,"key":"SMITH"}],"neow_cost":"NONE","seed_source_timestamp":3102554415437696,"circlet_count":0,"master_deck":["AscendersBane","Strike_R","Strike_R","Defend_R","Defend_R","Defend_R","Defend_R","Bash","Searing Blow+5","Reaper","Headbutt","Immolate","Feed","Battle Trance","Disarm","Corruption"],"relics":["Burning Blood","Dodecahedron","Pear","Meat on the Bone","MawBank","Mark of Pain"],"potions_floor_usage":[16,16,19,22,24],"damage_taken":[{"damage":0,"enemies":"Cultist","floor":1,"turns":2},{"damage":7,"enemies":"Jaw Worm","floor":2,"turns":4},{"damage":1,"enemies":"2 Louse","floor":3,"turns":2},{"damage":15,"enemies":"Red Slaver","floor":4,"turns":5},{"damage":7,"enemies":"2 Fungi Beasts","floor":7,"turns":3},{"damage":30,"enemies":"Lagavulin","floor":13,"turns":6},{"damage":66,"enemies":"Hexaghost","floor":16,"turns":9},{"damage":15,"enemies":"Chosen","floor":18,"turns":4},{"damage":1,"enemies":"Spheric Guardian","floor":19,"turns":3},{"damage":18,"enemies":"Centurion and Healer","floor":21,"turns":4},{"damage":18,"enemies":"Snake Plant","floor":22,"turns":3},{"damage":64,"enemies":"Book of Stabbing","floor":24,"turns":4}],"seed_played":"-6889601463181358823","potions_obtained":[{"floor":2,"key":"Regen Potion"},{"floor":4,"key":"SteroidPotion"},{"floor":16,"key":"SkillPotion"},{"floor":18,"key":"AttackPotion"},{"floor":19,"key":"PowerPotion"}],"is_trial":false,"path_per_floor":["M","M","M","M","?","R","M","T","T","R","?","R","E","$","R","B",null,"M","M","$","M","M","R","E"],"character_chosen":"IRONCLAD","items_purchased":[],"campfire_rested":0,"item_purchase_floors":[],"current_hp_per_floor":[74,73,75,72,67,67,74,84,84,84,77,77,53,53,53,29,71,69,74,74,69,57,57,0],"gold":182,"neow_bonus":"TRANSFORM_CARD","is_prod":false,"is_daily":false,"chose_seed":false,"campfire_upgraded":5,"win_rate":0,"timestamp":1553726868,"path_taken":["M","M","M","M","?","R","M","?","T","R","?","R","E","?","R","BOSS","M","M","$","M","M","R","E"],"build_version":"2019-03-15","purchased_purges":2,"victory":false,"max_hp_per_floor":[75,75,75,75,75,75,75,85,85,85,85,85,85,85,85,85,85,88,88,88,91,91,91,91],"card_choices":[{"not_picked":["Body Slam","Heavy Blade","Wild Strike"],"picked":"SKIP","floor":1},{"not_picked":["Body Slam","Twin Strike"],"picked":"Searing Blow","floor":2},{"not_picked":["Burning Pact","Warcry"],"picked":"Reaper","floor":3},{"not_picked":["Dropkick","Clash","Power Through"],"picked":"SKIP","floor":4},{"not_picked":["Thunderclap","Twin Strike"],"picked":"Headbutt","floor":7},{"not_picked":["Uppercut","Battle Trance"],"picked":"Immolate","floor":13},{"not_picked":["Reaper","Immolate"],"picked":"Feed","floor":16},{"not_picked":["Fire Breathing","Power Through"],"picked":"Battle Trance","floor":18},{"not_picked":["Heavy Blade","Combust"],"picked":"Disarm","floor":19},{"not_picked":["Warcry","Heavy Blade","Second Wind"],"picked":"SKIP","floor":21},{"not_picked":["Wild Strike","Reckless Charge+1"],"picked":"Corruption","floor":22}],"player_experience":1249136,"relics_obtained":[{"floor":8,"key":"Pear"},{"floor":9,"key":"Meat on the Bone"},{"floor":13,"key":"MawBank"}],"event_choices":[{"damage_healed":0,"gold_gain":0,"player_choice":"Success","damage_taken":5,"relics_obtained":["Dodecahedron"],"max_hp_gain":0,"max_hp_loss":0,"event_name":"Scrap Ooze","floor":5,"gold_loss":0},{"cards_removed":["Strike_R"],"damage_healed":0,"gold_gain":0,"player_choice":"Card Removal","damage_taken":7,"max_hp_gain":0,"max_hp_loss":0,"event_name":"Golden Wing","floor":11,"gold_loss":0}],"is_beta":true,"boss_relics":[{"not_picked":["Empty Cage","Lizard Tail"],"picked":"Mark of Pain"}],"items_purged_floors":[14,20],"is_endless":false,"potions_floor_spawned":[2,4,16,18,19],"killed_by":"Book of Stabbing","ascension_level":20}