{"gold_per_floor":[117,117,134,146,160,160,185,34,34,34,59,77,91,154,154,225,225,240,260,38,38],"floor_reached":21,"playtime":957,"items_purged":[],"score":402,"play_id":"9d2ebc0c-53f2-4cff-b213-571eadb06987","local_time":"20181222003553","is_ascension_mode":true,"campfire_choices":[{"data":"Zap","floor":6,"key":"SMITH"},{"floor":10,"key":"REST"},{"floor":15,"key":"REST"}],"neow_cost":"NONE","seed_source_timestamp":7942981575173773,"circlet_count":0,"master_deck":["AscendersBane","Strike_B","Strike_B","Strike_B","Strike_B","Defend_B","Defend_B","Defend_B","Defend_B","Zap+1","Dualcast","Cold Snap","Steam","Rip and Tear","Hologram","Fission","Beam Cell+1","Capacitor","Compile Driver+1","Echo Form","Thunder Strike+1","Leap","Go for the Eyes+1"],"relics":["Cracked Core","MawBank","Bronze Scales","Vajra","Molten Egg 2","Tiny Chest","Philosopher\u0027s Stone","Strawberry"],"potions_floor_usage":[11,11,14,18],"damage_taken":[{"damage":9,"enemies":"Jaw Worm","floor":1,"turns":4},{"damage":1,"enemies":"2 Louse","floor":3,"turns":3},{"damage":0,"enemies":"Small Slimes","floor":4,"turns":3},{"damage":9,"enemies":"Looter","floor":5,"turns":3},{"damage":25,"enemies":"3 Sentries","floor":7,"turns":8},{"damage":19,"enemies":"Gremlin Nob","floor":11,"turns":4},{"damage":0,"enemies":"Large Slime","floor":12,"turns":3},{"damage":0,"enemies":"3 Louse","floor":13,"turns":2},{"damage":10,"enemies":"Lagavulin","floor":14,"turns":3},{"damage":28,"enemies":"Slime Boss","floor":16,"turns":7},{"damage":39,"enemies":"2 Thieves","floor":18,"turns":4},{"damage":13,"enemies":"3 Byrds","floor":19,"turns":4},{"damage":40,"enemies":"Cultist and Chosen","floor":21,"turns":3}],"seed_played":"-6723682733826366732","potions_obtained":[{"floor":4,"key":"Block Potion"},{"floor":5,"key":"SteroidPotion"},{"floor":11,"key":"Fire Potion"},{"floor":12,"key":"Explosive Potion"},{"floor":16,"key":"PowerPotion"}],"is_trial":false,"path_per_floor":["M","?","M","M","M","R","E","$","T","R","E","M","M","E","R","B",null,"M","M","$","M"],"character_chosen":"DEFECT","items_purchased":["Bronze Scales","Strawberry","SteroidPotion"],"campfire_rested":2,"item_purchase_floors":[8,20,20],"current_hp_per_floor":[62,62,61,61,52,52,27,27,27,50,31,31,31,21,44,16,63,24,11,18,0],"gold":38,"neow_bonus":"TEN_PERCENT_HP_BONUS","is_prod":false,"is_daily":false,"chose_seed":false,"campfire_upgraded":1,"win_rate":0,"timestamp":1545467753,"path_taken":["M","?","M","M","M","R","E","$","T","R","E","M","M","E","R","BOSS","M","M","$","M"],"build_version":"2018-12-20","purchased_purges":0,"victory":false,"max_hp_per_floor":[78,78,78,78,78,78,78,78,78,78,78,78,78,78,78,78,78,78,78,85,85],"card_choices":[{"not_picked":["Steam","Melter"],"picked":"Cold Snap","floor":1},{"not_picked":["Skim","Turbo"],"picked":"Steam","floor":3},{"not_picked":["Conserve Battery","Reboot"],"picked":"Rip and Tear","floor":4},{"not_picked":["Blizzard","Force Field"],"picked":"Hologram","floor":5},{"not_picked":["Coolheaded","BootSequence"],"picked":"Fission","floor":7},{"not_picked":["Leap","Ball Lightning"],"picked":"Beam Cell","floor":11},{"not_picked":["Rebound+1","Sunder+1"],"picked":"Capacitor","floor":12},{"not_picked":["Coolheaded","Chill"],"picked":"Compile Driver+1","floor":13},{"not_picked":["Self Repair","Ball Lightning+1"],"picked":"Echo Form","floor":14},{"not_picked":["Amplify","Machine Learning"],"picked":"Thunder Strike+1","floor":16},{"not_picked":["Rebound+1","Aggregate"],"picked":"Leap","floor":18},{"not_picked":["Reprogram","FTL+1"],"picked":"Go for the Eyes+1","floor":19}],"player_experience":1114766,"relics_obtained":[{"floor":7,"key":"MawBank"},{"floor":9,"key":"Vajra"},{"floor":11,"key":"Molten Egg 2"},{"floor":14,"key":"Tiny Chest"}],"event_choices":[{"damage_healed":0,"gold_gain":0,"player_choice":"Ignored","damage_taken":0,"max_hp_gain":0,"max_hp_loss":0,"event_name":"Liars Game","floor":2,"gold_loss":0}],"is_beta":true,"boss_relics":[{"not_picked":["Astrolabe","White Beast Statue"],"picked":"Philosopher\u0027s Stone"}],"items_purged_floors":[],"is_endless":false,"potions_floor_spawned":[4,5,7,11,12,16],"killed_by":"Cultist and Chosen","ascension_level":20}