{"gold_per_floor":[211,461,352,427,442,442,453,484,484,484,503,503,526,558,558,631,631,644,277,287,287,301,301,318,337,360,275,114,114,130,130],"floor_reached":31,"playtime":1500,"items_purged":["Regret","Strike_G"],"score":404,"play_id":"be562bdb-5cdd-4fcd-9c3b-21aa825ce76b","local_time":"20180710121232","is_ascension_mode":true,"campfire_choices":[{"data":"Backstab","floor":6,"key":"SMITH"},{"data":"Neutralize","floor":10,"key":"SMITH"},{"data":"Cloak And Dagger","floor":12,"key":"SMITH"},{"floor":15,"key":"REST"},{"data":"Noxious Fumes","floor":23,"key":"SMITH"}],"neow_cost":"NONE","seed_source_timestamp":138870581234760,"circlet_count":0,"master_deck":["Defend_G","Defend_G","Defend_G","Defend_G","Defend_G","Strike_G","Strike_G","Strike_G","Survivor","Neutralize+1","AscendersBane","Dagger Spray","Backstab+1","Deadly Poison","Skewer","Tools of the Trade","Cloak And Dagger+1","Well Laid Plans","Glass Knife","Dash","Noxious Fumes+1","Malaise+1","Terror+1","Prepared+1","Finisher+1","Regret","After Image"],"relics":["Ring of the Snake","Kunai","Blue Candle","Regal Pillow","Toxic Egg 2","Cursed Key","Medical Kit","Snake Skull","Blood Vial"],"potions_floor_usage":[7,8,14,30,30],"damage_taken":[{"damage":7,"enemies":"Small Slimes","floor":1,"turns":5},{"damage":1,"enemies":"Cultist","floor":5,"turns":3},{"damage":0,"enemies":"Jaw Worm","floor":7,"turns":4},{"damage":14,"enemies":"3 Sentries","floor":8,"turns":8},{"damage":0,"enemies":"Blue Slaver","floor":11,"turns":3},{"damage":7,"enemies":"Gremlin Nob","floor":14,"turns":4},{"damage":21,"enemies":"Hexaghost","floor":16,"turns":13},{"damage":10,"enemies":"Spheric Guardian","floor":18,"turns":4},{"damage":9,"enemies":"Chosen","floor":20,"turns":5},{"damage":7,"enemies":"Centurion and Healer","floor":22,"turns":7},{"damage":6,"enemies":"Sentry and Sphere","floor":24,"turns":6},{"damage":16,"enemies":"Snecko","floor":25,"turns":5},{"damage":10,"enemies":"Slaver and Parasite","floor":30,"turns":4},{"damage":14,"enemies":"Sentry and Sphere","floor":31,"turns":3}],"seed_played":"4441735041371366923","potions_obtained":[{"floor":5,"key":"Fruit Juice"},{"floor":7,"key":"LiquidBronze"},{"floor":8,"key":"Poison Potion"},{"floor":16,"key":"PowerPotion"},{"floor":18,"key":"LiquidBronze"}],"is_trial":false,"path_per_floor":["M","?","$","?","M","R","M","E","T","R","M","R","T","E","R","B",null,"M","$","M","?","M","R","M","M","T","?","$","?","M"],"character_chosen":"THE_SILENT","items_purchased":["Backstab","Noxious Fumes","Medical Kit","After Image"],"campfire_rested":1,"item_purchase_floors":[3,19,19,28],"current_hp_per_floor":[56,56,56,45,44,44,49,35,35,35,35,35,35,28,65,44,67,57,57,48,48,41,41,35,19,19,19,19,19,11,0],"gold":130,"neow_bonus":"HUNDRED_GOLD","is_prod":false,"is_daily":false,"chose_seed":false,"campfire_upgraded":4,"win_rate":0,"timestamp":1531249952,"path_taken":["M","?","$","?","M","R","M","E","T","R","?","R","?","E","R","BOSS","M","$","M","?","?","R","M","M","T","?","$","?","?","M"],"build_version":"2018-07-09","purchased_purges":2,"victory":false,"max_hp_per_floor":[70,70,70,70,70,70,75,75,75,75,75,75,75,75,75,75,75,75,75,75,75,75,75,75,75,75,75,75,75,75,75],"card_choices":[{"not_picked":["Quick Slash","Bane"],"picked":"Dagger Spray","floor":1},{"not_picked":["Accuracy","Underhanded Strike"],"picked":"Deadly Poison","floor":5},{"not_picked":["Riddle With Holes","Calculated Gamble"],"picked":"Skewer","floor":7},{"not_picked":["Acrobatics","Outmaneuver"],"picked":"Tools of the Trade","floor":8},{"not_picked":["Setup","Slice"],"picked":"Cloak And Dagger","floor":11},{"not_picked":["Quick Slash","Bane"],"picked":"Well Laid Plans","floor":14},{"not_picked":["Burst+1","After Image"],"picked":"Glass Knife","floor":16},{"not_picked":["Heel Hook","Dagger Spray+1"],"picked":"Dash","floor":18},{"not_picked":["Eviscerate","Dagger Spray"],"picked":"Malaise+1","floor":20},{"not_picked":["Bane","Quick Slash"],"picked":"Terror+1","floor":22},{"not_picked":["Predator","Distraction+1"],"picked":"Prepared+1","floor":24},{"not_picked":["Outmaneuver+1","Slice"],"picked":"Finisher+1","floor":25},{"not_picked":["Dodge and Roll+1","Quick Slash+1","Dagger Throw"],"picked":"SKIP","floor":30}],"player_experience":759319,"relics_obtained":[{"floor":8,"key":"Kunai"},{"floor":9,"key":"Blue Candle"},{"floor":13,"key":"Regal Pillow"},{"floor":14,"key":"Toxic Egg 2"},{"floor":26,"key":"Snake Skull"}],"event_choices":[{"event_name":"Golden Shrine","player_choice":"Desecrate","floor":2,"damage_taken":0},{"event_name":"World of Goop","player_choice":"Gather Gold","floor":4,"damage_taken":0},{"event_name":"N\u0027loth","player_choice":"Ignored","floor":21,"damage_taken":0},{"event_name":"Addict","player_choice":"Obtained Relic","floor":27,"damage_taken":0},{"event_name":"Bonfire Elementals","player_choice":"BASIC","floor":29,"damage_taken":0}],"boss_relics":[{"not_picked":["Coffee Dripper","Runic Pyramid"],"picked":"Cursed Key"}],"items_purged_floors":[3,19],"is_endless":false,"potions_floor_spawned":[5,7,8,16,18,20,25],"killed_by":"Sentry and Sphere","ascension_level":13}