{"gold_per_floor":[113,130,130,141,88,88,121,139,139,139,151,48,48,148,148,227,227,199,217,217,234,31,31,2,12,12,12,25,51,51,68,68,68],"floor_reached":33,"playtime":2982,"items_purged":["Strike_G"],"score":534,"play_id":"0541c01b-f6db-44af-b576-cee1098b4fbb","local_time":"20190717023813","is_ascension_mode":true,"campfire_choices":[{"floor":6.0,"key":"REST"},{"floor":10.0,"key":"REST"},{"data":"Envenom","floor":13.0,"key":"SMITH"},{"data":"Crippling Poison","floor":15.0,"key":"SMITH"},{"floor":23.0,"key":"REST"},{"floor":30.0,"key":"REST"},{"floor":32,"key":"REST"}],"neow_cost":"PERCENT_DAMAGE","seed_source_timestamp":1991404327091300,"circlet_count":0,"master_deck":["AscendersBane","Strike_G+1","Strike_G","Strike_G+1","Strike_G","Defend_G","Defend_G","Defend_G","Defend_G","Defend_G","Survivor","Neutralize","Footwork","Dagger Throw","Crippling Poison+1","Envenom+1","Cloak And Dagger","Leg Sweep","Riddle With Holes","Flying Knee","Tools of the Trade","Dodge and Roll","Reflex","Dagger Spray","Finisher","Poisoned Stab","Cloak And Dagger+1","Skewer","Backflip"],"special_seed":0,"relics":["Ring of the Snake","Pocketwatch","Question Card","Nunchaku","Busted Crown","Blue Candle","Ninja Scroll","Gremlin Horn","WingedGreaves"],"potions_floor_usage":[31],"damage_taken":[{"damage":1.0,"enemies":"Cultist","floor":1.0,"turns":5.0},{"damage":2.0,"enemies":"Jaw Worm","floor":2.0,"turns":5.0},{"damage":0.0,"enemies":"2 Louse","floor":4.0,"turns":2.0},{"damage":20.0,"enemies":"3 Sentries","floor":7.0,"turns":11.0},{"damage":12.0,"enemies":"Exordium Thugs","floor":8.0,"turns":8.0},{"damage":8.0,"enemies":"Large Slime","floor":11.0,"turns":7.0},{"damage":3.0,"enemies":"The Guardian","floor":16.0,"turns":12.0},{"damage":3.0,"enemies":"2 Thieves","floor":18.0,"turns":4.0},{"damage":2.0,"enemies":"Shell Parasite","floor":19.0,"turns":8.0},{"damage":33.0,"enemies":"Snake Plant","floor":21.0,"turns":4.0},{"damage":8.0,"enemies":"Snecko","floor":25.0,"turns":4.0},{"damage":13.0,"enemies":"Chosen and Byrds","floor":28.0,"turns":4.0},{"damage":26.0,"enemies":"Slavers","floor":29.0,"turns":5.0},{"damage":10,"enemies":"Shelled Parasite and Fungi","floor":31,"turns":4},{"damage":30,"enemies":"Collector","floor":33,"turns":3}],"seed_played":"-6759431966407913491","potions_obtained":[{"floor":1.0,"key":"LiquidBronze"},{"floor":16.0,"key":"Block Potion"},{"floor":18.0,"key":"Poison Potion"},{"floor":28.0,"key":"Energy Potion"},{"floor":29.0,"key":"PowerPotion"}],"is_trial":false,"path_per_floor":["M","M","?","M","?","R","E","M","T","R","M","$","R","?","R","B",null,"M","M","T","M","$","R","$","M","T","T","M","E","R","M","R","B"],"character_chosen":"THE_SILENT","items_purchased":["Riddle With Holes","Flying Knee","Finisher","Regen Potion","Poisoned Stab"],"campfire_rested":5,"item_purchase_floors":[12,12,22,22,24],"current_hp_per_floor":[43,41,21,21,21,40,20,8,8,27,19,19,19,19,19,16,54,51,49,49,16,16,35,35,41,41,41,28,2,21,11,30,0],"gold":68,"neow_bonus":"ONE_RARE_RELIC","is_prod":false,"is_daily":false,"chose_seed":false,"campfire_upgraded":2,"win_rate":0,"timestamp":1563356293,"path_taken":["M","?","?","M","?","R","E","?","T","R","M","$","R","?","R","BOSS","M","?","?","M","$","R","?","?","T","?","M","E","R","M","R","BOSS"],"build_version":"2019-07-10","purchased_purges":1,"victory":false,"max_hp_per_floor":[66,66,66,66,66,66,66,66,66,66,66,66,66,66,66,66,66,66,66,66,66,66,66,66,66,66,66,66,66,66,66,66,66],"card_choices":[{"not_picked":["Setup","PiercingWail"],"picked":"Footwork","floor":1.0},{"not_picked":["Blade Dance","Footwork"],"picked":"Dagger Throw","floor":2.0},{"not_picked":["Poisoned Stab","Deflect"],"picked":"Crippling Poison","floor":4.0},{"not_picked":["Tactician","Prepared"],"picked":"Envenom","floor":7.0},{"not_picked":["Acrobatics","Quick Slash","Concentrate"],"picked":"Cloak And Dagger","floor":8.0},{"not_picked":["Sucker Punch","Dagger Throw","Concentrate"],"picked":"Leg Sweep","floor":11.0},{"not_picked":["Night Terror","Phantasmal Killer","Die Die Die"],"picked":"Tools of the Trade","floor":16.0},{"not_picked":["Outmaneuver"],"picked":"Dodge and Roll","floor":18.0},{"not_picked":["Escape Plan"],"picked":"Reflex","floor":19.0},{"not_picked":["Deadly Poison"],"picked":"Dagger Spray","floor":21.0},{"not_picked":["Choke"],"picked":"Cloak And Dagger+1","floor":25.0},{"not_picked":["Prepared"],"picked":"Skewer","floor":28.0},{"not_picked":["Outmaneuver","Endless Agony"],"picked":"SKIP","floor":29.0},{"not_picked":["Calculated Gamble"],"picked":"Backflip","floor":31}],"player_experience":3473339,"relics_obtained":[{"floor":7.0,"key":"Question Card"},{"floor":9.0,"key":"Nunchaku"},{"floor":20.0,"key":"Blue Candle"},{"floor":26.0,"key":"Ninja Scroll"},{"floor":27.0,"key":"Gremlin Horn"},{"floor":29.0,"key":"WingedGreaves"}],"event_choices":[{"damage_healed":0.0,"max_hp_gain":0.0,"max_hp_loss":0.0,"gold_gain":0.0,"event_name":"Shining Light","player_choice":"Entered Light","floor":3.0,"gold_loss":0.0,"damage_taken":20.0,"cards_upgraded":["Strike_G","Strike_G"]},{"damage_healed":0.0,"max_hp_gain":0.0,"max_hp_loss":0.0,"gold_gain":0.0,"event_name":"World of Goop","player_choice":"Left Gold","floor":5.0,"gold_loss":53.0,"damage_taken":0.0},{"damage_healed":0.0,"max_hp_gain":0.0,"max_hp_loss":0.0,"gold_gain":100.0,"event_name":"Wheel of Change","player_choice":"Gold","floor":14.0,"gold_loss":0.0,"damage_taken":0.0}],"is_beta":true,"boss_relics":[{"not_picked":["Runic Dome","WristBlade"],"picked":"Busted Crown"}],"items_purged_floors":[22],"is_endless":false,"potions_floor_spawned":[1,16,18,28,29],"killed_by":"Collector","ascension_level":20}