{"gold_per_floor":[367,381,381,399,66,101,125,125],"floor_reached":8,"playtime":717,"items_purged":["Strike_R"],"score":62,"play_id":"8d3a8c72-f7f6-4adf-93a6-41800a92b9f2","local_time":"20190912123955","is_ascension_mode":true,"campfire_choices":[],"neow_cost":"TEN_PERCENT_HP_LOSS","seed_source_timestamp":4802571266000,"circlet_count":0,"master_deck":["Strike_R","Strike_R","Strike_R","Strike_R+1","Defend_R","Defend_R+1","Defend_R","Defend_R","Bash","True Grit","Sword Boomerang","Shrug It Off","Armaments","Infernal Blade"],"relics":["Burning Blood","Matryoshka","Pear","Odd Mushroom"],"potions_floor_usage":[7,8],"damage_taken":[{"damage":0,"enemies":"Small Slimes","floor":1,"turns":3},{"damage":11,"enemies":"Jaw Worm","floor":2,"turns":5},{"damage":0,"enemies":"Cultist","floor":4,"turns":4},{"damage":41,"enemies":"3 Sentries","floor":6,"turns":13},{"damage":23,"enemies":"The Mushroom Lair","floor":7,"turns":6},{"damage":18,"enemies":"Lagavulin","floor":8,"turns":3}],"seed_played":"2389367409154432847","potions_obtained":[{"floor":6,"key":"Poison Potion"},{"floor":7,"key":"Swift Potion"}],"is_trial":false,"path_per_floor":["M","M","?","M","$","E","?","E"],"character_chosen":"IRONCLAD","items_purchased":["Matryoshka"],"campfire_rested":0,"item_purchase_floors":[5],"current_hp_per_floor":[72,67,53,59,59,34,17,0],"gold":125,"neow_bonus":"TWO_FIFTY_GOLD","is_prod":false,"is_daily":false,"chose_seed":false,"campfire_upgraded":0,"win_rate":0,"timestamp":1568263195,"path_taken":["M","M","?","M","$","E","?","E"],"build_version":"2019-09-10","purchased_purges":1,"victory":false,"max_hp_per_floor":[72,72,72,72,72,82,82,82],"card_choices":[{"not_picked":["Perfected Strike","Ghostly Armor"],"picked":"True Grit","floor":1},{"not_picked":["Wild Strike","Flame Barrier"],"picked":"Sword Boomerang","floor":2},{"not_picked":["Corruption","Hemokinesis"],"picked":"Shrug It Off","floor":4},{"not_picked":["True Grit","Flame Barrier"],"picked":"Armaments","floor":6},{"not_picked":["Wild Strike","True Grit"],"picked":"Infernal Blade","floor":7}],"player_experience":120450,"relics_obtained":[{"floor":6,"key":"Pear"},{"floor":7,"key":"Odd Mushroom"}],"event_choices":[{"damage_healed":0,"gold_gain":0,"player_choice":"Entered Light","damage_taken":14,"max_hp_gain":0,"max_hp_loss":0,"event_name":"Shining Light","floor":3,"gold_loss":0,"cards_upgraded":["Defend_R","Strike_R"]},{"damage_healed":0,"gold_gain":0,"player_choice":"Fought Mushrooms","damage_taken":0,"max_hp_gain":0,"max_hp_loss":0,"event_name":"Mushrooms","floor":7,"gold_loss":0}],"is_beta":true,"boss_relics":[],"items_purged_floors":[5],"is_endless":false,"potions_floor_spawned":[6,7],"killed_by":"Lagavulin","ascension_level":2}