{"gold_per_floor":[117,130,146,146,146,182,182,182],"floor_reached":8,"playtime":312,"items_purged":[],"score":112,"play_id":"e474876f-813f-43f7-9b8f-cc42f8ffc14f","local_time":"20190204154200","is_ascension_mode":true,"campfire_choices":[{"data":"Perfected Strike","floor":7,"key":"SMITH"}],"neow_cost":"NONE","seed_source_timestamp":2482103621061252,"circlet_count":0,"master_deck":["AscendersBane","Strike_R","Strike_R","Strike_R","Strike_R","Strike_R","Defend_R","Defend_R","Defend_R+1","Defend_R","Bash+1","Headbutt","True Grit+1","Perfected Strike+1","Twin Strike"],"relics":["Burning Blood","Golden Idol","Unceasing Top"],"potions_floor_usage":[6],"damage_taken":[{"damage":4,"enemies":"Small Slimes","floor":1,"turns":5},{"damage":11,"enemies":"2 Louse","floor":2,"turns":2},{"damage":10,"enemies":"Jaw Worm","floor":3,"turns":4},{"damage":31,"enemies":"Lagavulin","floor":6,"turns":6},{"damage":18,"enemies":"3 Sentries","floor":8,"turns":5}],"seed_played":"3781633627090402388","potions_obtained":[{"floor":2,"key":"Weak Potion"},{"floor":3,"key":"LiquidBronze"}],"is_trial":false,"path_per_floor":["M","M","M","?","?","E","R","E"],"character_chosen":"IRONCLAD","items_purchased":[],"campfire_rested":0,"item_purchase_floors":[],"current_hp_per_floor":[70,65,61,61,41,16,16,0],"gold":182,"neow_bonus":"UPGRADE_CARD","is_prod":false,"is_daily":false,"chose_seed":false,"campfire_upgraded":1,"win_rate":0,"timestamp":1549323720,"path_taken":["M","M","M","?","?","E","R","E"],"build_version":"2019-01-23","purchased_purges":0,"victory":false,"max_hp_per_floor":[75,75,75,68,68,68,68,68],"card_choices":[{"not_picked":["Flex","Heavy Blade"],"picked":"Headbutt","floor":1},{"not_picked":["Thunderclap","Body Slam"],"picked":"True Grit","floor":2},{"not_picked":["Iron Wave","Shrug It Off"],"picked":"Perfected Strike","floor":3},{"not_picked":["Thunderclap","Headbutt"],"picked":"Twin Strike","floor":6}],"player_experience":1213001,"relics_obtained":[{"floor":6,"key":"Unceasing Top"}],"event_choices":[{"damage_healed":0,"gold_gain":0,"player_choice":"Lose Max HP","damage_taken":0,"relics_obtained":["Golden Idol"],"max_hp_gain":0,"max_hp_loss":7,"event_name":"Golden Idol","floor":4,"gold_loss":0},{"damage_healed":0,"gold_gain":0,"player_choice":"Entered Light","damage_taken":20,"max_hp_gain":0,"max_hp_loss":0,"event_name":"Shining Light","floor":5,"gold_loss":0,"cards_upgraded":["True Grit","Defend_R"]}],"is_beta":true,"boss_relics":[],"items_purged_floors":[],"is_endless":false,"potions_floor_spawned":[2,3],"killed_by":"3 Sentries","ascension_level":20}