{"gold_per_floor":[110,123,143,156,172,172,201,201,201,233,233,233,43,57,57,157,157,124,124,124,140,155,184,3,37,61,61,94,110,127,153,153,257,257,275,292,303,303,314,314,103,129,129,129],"floor_reached":44,"playtime":3922,"items_purged":["Strike_R","Strike_R","Strike_R"],"score":633,"play_id":"16d65b20-7e69-4aa1-857c-4aaf003d6946","local_time":"20181106201010","is_ascension_mode":true,"campfire_choices":[{"floor":6,"key":"REST"},{"floor":12,"key":"REST"},{"floor":15,"key":"REST"},{"floor":27,"key":"REST"},{"floor":32,"key":"REST"},{"floor":40,"key":"REST"}],"neow_cost":"NONE","seed_source_timestamp":386886938399308,"circlet_count":0,"master_deck":["Strike_R","Strike_R+1","Defend_R","Defend_R","Defend_R+1","Defend_R","Bash","Armaments+1","Infernal Blade","Metallicize","Entrench","Body Slam","Rage","True Grit+1","Metallicize","Shrug It Off","Barricade","Battle Trance","Burning Pact+1","Flex","Good Instincts","Body Slam","Headbutt+1","Headbutt+1","True Grit+1","Impatience"],"relics":["Burning Blood","Omamori","Bottled Lightning","Pocketwatch","Mummified Hand","Busted Crown","Boot","Centennial Puzzle","Dream Catcher","Ornamental Fan","War Paint","Black Star","Juzu Bracelet","Anchor"],"potions_floor_usage":[7,14,18,18,22,23,31,31,37,39],"damage_taken":[{"damage":3,"enemies":"Jaw Worm","floor":1,"turns":5},{"damage":12,"enemies":"2 Louse","floor":2,"turns":3},{"damage":10,"enemies":"Small Slimes","floor":3,"turns":3},{"damage":6,"enemies":"Blue Slaver","floor":4,"turns":3},{"damage":26,"enemies":"Gremlin Gang","floor":5,"turns":9},{"damage":24,"enemies":"3 Sentries","floor":7,"turns":9},{"damage":39,"enemies":"Gremlin Nob","floor":10,"turns":5},{"damage":7,"enemies":"2 Fungi Beasts","floor":14,"turns":4},{"damage":19,"enemies":"The Guardian","floor":16,"turns":13},{"damage":4,"enemies":"2 Thieves","floor":18,"turns":5},{"damage":0,"enemies":"Chosen","floor":21,"turns":5},{"damage":13,"enemies":"Centurion and Healer","floor":22,"turns":7},{"damage":12,"enemies":"Slavers","floor":23,"turns":10},{"damage":51,"enemies":"Gremlin Leader","floor":25,"turns":9},{"damage":2,"enemies":"Book of Stabbing","floor":28,"turns":17},{"damage":13,"enemies":"Chosen and Byrds","floor":29,"turns":8},{"damage":18,"enemies":"Sentry and Sphere","floor":30,"turns":8},{"damage":26,"enemies":"Slavers","floor":31,"turns":9},{"damage":0,"enemies":"Automaton","floor":33,"turns":8},{"damage":41,"enemies":"3 Darklings","floor":35,"turns":7},{"damage":1,"enemies":"3 Shapes","floor":36,"turns":5},{"damage":36,"enemies":"Maw","floor":37,"turns":9},{"damage":21,"enemies":"Jaw Worm Horde","floor":39,"turns":5},{"damage":41,"enemies":"Reptomancer","floor":44,"turns":3}],"seed_played":"8180042872473081468","potions_obtained":[{"floor":1,"key":"Swift Potion"},{"floor":3,"key":"Strength Potion"},{"floor":10,"key":"BloodPotion"},{"floor":14,"key":"Block Potion"},{"floor":16,"key":"Energy Potion"},{"floor":18,"key":"Fire Potion"},{"floor":25,"key":"EssenceOfSteel"},{"floor":28,"key":"Weak Potion"},{"floor":33,"key":"Weak Potion"},{"floor":35,"key":"SpeedPotion"}],"is_trial":false,"path_per_floor":["M","M","M","M","M","R","E","?","T","E","?","R","$","M","R","B",null,"M","?","?","M","M","E","$","E","T","R","E","M","M","E","R","B",null,"M","M","M","?","M","R","$","T","T","E"],"character_chosen":"IRONCLAD","items_purchased":["True Grit","Metallicize","Good Instincts","Impatience"],"campfire_rested":6,"item_purchase_floors":[13,13,24,41],"current_hp_per_floor":[88,82,78,78,58,84,66,48,48,15,12,38,38,45,71,58,88,88,88,88,88,81,75,75,30,30,56,60,53,41,21,47,53,88,53,58,28,28,13,39,39,39,39,0],"gold":129,"neow_bonus":"TEN_PERCENT_HP_BONUS","is_prod":false,"is_daily":false,"chose_seed":false,"campfire_upgraded":0,"win_rate":0,"timestamp":1541531410,"path_taken":["M","M","M","M","M","R","E","?","T","E","?","R","$","M","R","BOSS","M","?","?","?","M","E","$","E","T","R","E","M","?","E","R","BOSS","M","M","M","?","M","R","$","?","T","E"],"build_version":"2018-11-05","purchased_purges":3,"victory":false,"max_hp_per_floor":[88,88,88,88,88,88,88,88,88,88,88,88,88,88,88,88,88,88,88,88,88,88,88,88,88,88,88,88,88,88,88,88,88,88,88,88,88,88,88,88,88,88,88,88],"card_choices":[{"not_picked":["Seeing Red","Rage"],"picked":"Armaments","floor":1},{"not_picked":["Clash","Pommel Strike"],"picked":"Infernal Blade","floor":2},{"not_picked":["Disarm","Flex"],"picked":"Metallicize","floor":3},{"not_picked":["Sever Soul","Armaments"],"picked":"Entrench","floor":4},{"not_picked":["Anger","Body Slam","Pummel"],"picked":"SKIP","floor":5},{"not_picked":["Pommel Strike","Clothesline"],"picked":"Body Slam","floor":7},{"not_picked":["Feel No Pain","Carnage"],"picked":"Rage","floor":10},{"not_picked":["Reckless Charge","Armaments"],"picked":"Shrug It Off","floor":14},{"not_picked":["Berserk","Demon Form"],"picked":"Barricade","floor":16},{"not_picked":["Uppercut"],"picked":"SKIP","floor":18},{"not_picked":[],"picked":"Burning Pact","floor":21},{"not_picked":["Clash"],"picked":"SKIP","floor":22},{"not_picked":[],"picked":"Flex","floor":23},{"not_picked":["Clothesline"],"picked":"SKIP","floor":25},{"not_picked":[],"picked":"Body Slam","floor":28},{"not_picked":["Uppercut+1"],"picked":"SKIP","floor":29},{"not_picked":["Warcry"],"picked":"SKIP","floor":30},{"not_picked":["Clothesline+1"],"picked":"SKIP","floor":31},{"not_picked":["True Grit"],"picked":"SKIP","floor":35},{"not_picked":["Warcry"],"picked":"SKIP","floor":36},{"not_picked":[],"picked":"Headbutt+1","floor":37},{"not_picked":[],"picked":"Headbutt+1","floor":39},{"not_picked":[],"picked":"True Grit+1","floor":40}],"player_experience":20666,"relics_obtained":[{"floor":7,"key":"Omamori"},{"floor":9,"key":"Bottled Lightning"},{"floor":10,"key":"Pocketwatch"},{"floor":23,"key":"Boot"},{"floor":25,"key":"Centennial Puzzle"},{"floor":26,"key":"Dream Catcher"},{"floor":28,"key":"Ornamental Fan"},{"floor":31,"key":"War Paint"},{"floor":42,"key":"Juzu Bracelet"},{"floor":43,"key":"Anchor"}],"event_choices":[{"damage_healed":0,"gold_gain":0,"player_choice":"Entered Light","damage_taken":18,"max_hp_gain":0,"max_hp_loss":0,"event_name":"Shining Light","floor":8,"gold_loss":0,"cards_upgraded":["Defend_R","Strike_R"]},{"damage_healed":0,"gold_gain":0,"player_choice":"Success","damage_taken":3,"relics_obtained":["Mummified Hand"],"max_hp_gain":0,"max_hp_loss":0,"event_name":"Scrap Ooze","floor":11,"gold_loss":0},{"damage_healed":0,"gold_gain":0,"player_choice":"Read","damage_taken":0,"max_hp_gain":0,"max_hp_loss":0,"event_name":"The Library","floor":19,"gold_loss":0,"cards_obtained":["Battle Trance"]},{"damage_healed":0,"gold_gain":0,"player_choice":"Upgraded","damage_taken":0,"max_hp_gain":0,"max_hp_loss":0,"event_name":"Upgrade Shrine","floor":20,"gold_loss":0,"cards_upgraded":["Armaments"]},{"damage_healed":0,"gold_gain":0,"player_choice":"Ignored","damage_taken":0,"max_hp_gain":0,"max_hp_loss":0,"event_name":"SecretPortal","floor":38,"gold_loss":0}],"is_beta":true,"boss_relics":[{"not_picked":["Tiny House","Lizard Tail"],"picked":"Busted Crown"},{"not_picked":["Coffee Dripper","Runic Dome"],"picked":"Black Star"}],"items_purged_floors":[13,24,41],"is_endless":false,"potions_floor_spawned":[1,3,10,14,16,18,25,28,33,35],"killed_by":"Reptomancer","ascension_level":2}