{"gold_per_floor":[111,386,402,418,438,464,464,494,567,567,567,717,742,753,753,753],"floor_reached":16,"playtime":469,"items_purged":[],"score":193,"play_id":"4a18f481-1b99-4f36-a1a2-b0c701f02d6b","local_time":"20190811031636","is_ascension_mode":true,"campfire_choices":[{"floor":7,"key":"REST"},{"data":"Streamline","floor":11,"key":"SMITH"},{"floor":15,"key":"REST"}],"neow_cost":"NONE","seed_source_timestamp":9484597364841,"circlet_count":0,"master_deck":["AscendersBane","Strike_B","Strike_B","Strike_B","Strike_B","Defend_B","Defend_B","Defend_B","Defend_B","Zap+1","Dualcast","Leap","Regret","Genetic Algorithm","Streamline+1","White Noise","Auto Shields","Doubt","Sweeping Beam"],"relics":["Cracked Core","NeowsBlessing","Du-Vu Doll","Shuriken","Orichalcum"],"potions_floor_usage":[6],"damage_taken":[{"damage":0,"enemies":"2 Louse","floor":1,"turns":1},{"damage":0,"enemies":"Cultist","floor":3,"turns":1},{"damage":0,"enemies":"Jaw Worm","floor":4,"turns":1},{"damage":14,"enemies":"Looter","floor":5,"turns":4},{"damage":63,"enemies":"Gremlin Nob","floor":6,"turns":5},{"damage":12,"enemies":"Lagavulin","floor":13,"turns":7},{"damage":3,"enemies":"2 Fungi Beasts","floor":14,"turns":4},{"damage":31,"enemies":"Hexaghost","floor":16,"turns":9}],"seed_played":"8882941669426342535","potions_obtained":[{"floor":4,"key":"Regen Potion"},{"floor":6,"key":"Dexterity Potion"}],"is_trial":false,"path_per_floor":["M","?","M","M","M","E","R","?","T","?","R","?","E","M","R","B"],"character_chosen":"DEFECT","items_purchased":[],"campfire_rested":2,"item_purchase_floors":[],"current_hp_per_floor":[64,64,64,64,50,1,22,22,22,22,22,22,10,7,28,0],"gold":753,"neow_bonus":"THREE_ENEMY_KILL","is_prod":false,"is_daily":false,"chose_seed":false,"campfire_upgraded":1,"win_rate":0,"timestamp":1565507796,"path_taken":["M","?","M","?","?","E","R","?","T","?","R","?","E","M","R","BOSS"],"build_version":"2019-07-17","purchased_purges":0,"victory":false,"max_hp_per_floor":[71,71,71,71,71,71,71,71,71,71,71,71,71,71,71,71],"card_choices":[{"not_picked":["Steam","Steam Power"],"picked":"Leap","floor":1},{"not_picked":["Consume","Barrage"],"picked":"Genetic Algorithm","floor":3},{"not_picked":["Coolheaded","Double Energy"],"picked":"Streamline","floor":4},{"not_picked":["Hologram","Gash"],"picked":"White Noise","floor":5},{"not_picked":["Recycle","Meteor Strike"],"picked":"Auto Shields","floor":6},{"not_picked":["Steam","Chaos","Stack"],"picked":"SKIP","floor":13},{"not_picked":["Go for the Eyes","Beam Cell"],"picked":"Sweeping Beam","floor":14}],"player_experience":716068,"relics_obtained":[{"floor":6,"key":"Du-Vu Doll"},{"floor":9,"key":"Shuriken"},{"floor":13,"key":"Orichalcum"}],"event_choices":[{"damage_healed":0,"gold_gain":275,"player_choice":"Desecrate","damage_taken":0,"max_hp_gain":0,"max_hp_loss":0,"event_name":"Golden Shrine","floor":2,"gold_loss":0,"cards_obtained":["Regret"]},{"damage_healed":0,"gold_gain":30,"player_choice":"Searched \u00271\u0027 times","damage_taken":0,"max_hp_gain":0,"max_hp_loss":0,"event_name":"Dead Adventurer","floor":8,"gold_loss":0},{"damage_healed":0,"gold_gain":0,"player_choice":"Grow","damage_taken":0,"max_hp_gain":0,"max_hp_loss":0,"event_name":"Living Wall","floor":10,"gold_loss":0,"cards_upgraded":["Zap"]},{"damage_healed":0,"gold_gain":150,"player_choice":"AGREE","damage_taken":0,"max_hp_gain":0,"max_hp_loss":0,"event_name":"Liars Game","floor":12,"gold_loss":0,"cards_obtained":["Doubt"]}],"is_beta":false,"boss_relics":[],"items_purged_floors":[],"is_endless":false,"potions_floor_spawned":[4,6],"killed_by":"Hexaghost","ascension_level":15}