{"gold_per_floor":[112,112,125,137,23,23,55,71,71,85,103,278,307,307,307,407,407,396,413,423,423,333,333,358,376,400,435,445,395,14,29,29,126,176,193,293,311,36,89,89,122,141,168,168],"floor_reached":44,"playtime":3446,"items_purged":["Strike_R","Strike_R","Twin Strike"],"score":540,"play_id":"41fc5417-25ab-4869-9cb9-94cc05f3cf57","local_time":"20181107211437","is_ascension_mode":false,"campfire_choices":[{"data":"Bash","floor":6,"key":"SMITH"},{"floor":15,"key":"REST"},{"data":"Entrench","floor":23,"key":"SMITH"},{"data":"Demon Form","floor":32,"key":"SMITH"},{"floor":40,"key":"REST"}],"neow_cost":"NONE","seed_source_timestamp":477629956579405,"circlet_count":0,"master_deck":["Defend_R+1","Defend_R","Defend_R","Defend_R","Bash+1","Entrench+1","Intimidate","Iron Wave","Carnage","Ghostly Armor","Flame Barrier","Headbutt+1","Body Slam+1","Doubt","Pummel+1","Demon Form+1","True Grit+1","Thunderclap+1","Headbutt+1","Inflame","Dropkick+1","Pommel Strike+1","Offering","Inflame","Intimidate+1","Fiend Fire+1","Burning Pact+1","Flex+1","Armaments+1","Rampage+1","Flex+1","Armaments+1"],"relics":["Burning Blood","Red Skull","Molten Egg 2","Pear","Mark of Pain","Kunai","Ancient Tea Set","Lantern","Lee\u0027s Waffle","Tiny House","Nunchaku","Pocketwatch","Blood Vial","Oddly Smooth Stone"],"potions_floor_usage":[7,7,13,16,18,19,24,31,35,36,39,42,42,44,44],"damage_taken":[{"damage":0,"enemies":"Small Slimes","floor":1,"turns":3},{"damage":1,"enemies":"Cultist","floor":3,"turns":3},{"damage":6,"enemies":"2 Louse","floor":4,"turns":4},{"damage":26,"enemies":"Lagavulin","floor":7,"turns":5},{"damage":21,"enemies":"Gremlin Gang","floor":8,"turns":6},{"damage":7,"enemies":"Blue Slaver","floor":10,"turns":3},{"damage":1,"enemies":"Large Slime","floor":11,"turns":7},{"damage":24,"enemies":"Gremlin Nob","floor":13,"turns":5},{"damage":38,"enemies":"Slime Boss","floor":16,"turns":11},{"damage":15,"enemies":"2 Thieves","floor":18,"turns":4},{"damage":0,"enemies":"3 Byrds","floor":19,"turns":7},{"damage":9,"enemies":"Centurion and Healer","floor":20,"turns":7},{"damage":25,"enemies":"Gremlin Leader","floor":24,"turns":7},{"damage":26,"enemies":"Snake Plant","floor":25,"turns":3},{"damage":14,"enemies":"Book of Stabbing","floor":27,"turns":5},{"damage":4,"enemies":"Chosen and Byrds","floor":28,"turns":5},{"damage":24,"enemies":"Centurion and Healer","floor":31,"turns":4},{"damage":58,"enemies":"Automaton","floor":33,"turns":11},{"damage":26,"enemies":"3 Darklings","floor":35,"turns":5},{"damage":6,"enemies":"Mind Bloom Boss Battle","floor":36,"turns":3},{"damage":0,"enemies":"3 Shapes","floor":37,"turns":4},{"damage":43,"enemies":"2 Orb Walkers","floor":39,"turns":6},{"damage":54,"enemies":"Nemesis","floor":41,"turns":9},{"damage":38,"enemies":"Spire Growth","floor":42,"turns":5},{"damage":14,"enemies":"4 Shapes","floor":44,"turns":1}],"seed_played":"-7677518880331178805","potions_obtained":[{"floor":1,"key":"LiquidBronze"},{"floor":3,"key":"Regen Potion"},{"floor":8,"key":"Weak Potion"},{"floor":10,"key":"GamblersBrew"},{"floor":16,"key":"SpeedPotion"},{"floor":18,"key":"AttackPotion"},{"floor":20,"key":"Explosive Potion"},{"floor":24,"key":"Fire Potion"},{"floor":33,"key":"Fire Potion"},{"floor":34,"key":"Regen Potion"},{"floor":39,"key":"Weak Potion"},{"floor":42,"key":"EssenceOfSteel"}],"is_trial":false,"path_per_floor":["M","?","M","M","$","R","E","M","T","M","M","?","E","?","R","B",null,"M","M","M","?","?","R","E","M","T","E","M","?","$","M","R","B",null,"M","?","M","$","?","R","E","M","T","M"],"character_chosen":"IRONCLAD","items_purchased":["Carnage","Lee\u0027s Waffle","Inflame","FearPotion","Energy Potion","SkillPotion"],"campfire_rested":2,"item_purchase_floors":[5,30,30,38,38,38],"current_hp_per_floor":[80,72,77,77,77,77,62,47,47,46,51,51,43,43,70,38,90,81,87,84,84,84,84,65,45,45,37,39,39,97,79,79,27,102,82,91,97,97,60,90,42,12,12,0],"gold":168,"neow_bonus":"TRANSFORM_CARD","is_prod":false,"is_daily":false,"chose_seed":false,"campfire_upgraded":3,"win_rate":0,"timestamp":1541621677,"path_taken":["M","?","?","M","$","R","E","M","T","M","M","?","E","?","R","BOSS","M","M","?","?","?","R","E","?","T","E","M","?","$","M","R","BOSS","M","?","M","$","?","R","E","M","T","M"],"build_version":"2018-11-06","purchased_purges":3,"victory":false,"max_hp_per_floor":[80,80,80,80,80,80,80,80,80,80,80,80,90,90,90,90,90,90,90,90,90,90,90,90,90,90,90,90,90,97,97,97,97,102,102,102,102,102,102,102,102,102,102,102],"card_choices":[{"not_picked":["Heavy Blade","Thunderclap"],"picked":"Entrench","floor":1},{"not_picked":["Hemokinesis","Twin Strike"],"picked":"Intimidate","floor":3},{"not_picked":["Wild Strike","Twin Strike"],"picked":"Iron Wave","floor":4},{"not_picked":["Barricade","Second Wind"],"picked":"Ghostly Armor","floor":7},{"not_picked":["Pommel Strike","Anger"],"picked":"Flame Barrier","floor":8},{"not_picked":["Sword Boomerang+1","Shrug It Off"],"picked":"Headbutt+1","floor":10},{"not_picked":["Pummel+1","Seeing Red"],"picked":"Body Slam+1","floor":11},{"not_picked":["Sword Boomerang+1","Searing Blow+1"],"picked":"Pummel+1","floor":13},{"not_picked":["Double Tap","Bludgeon+1"],"picked":"Demon Form","floor":16},{"not_picked":["Warcry","Flame Barrier"],"picked":"True Grit","floor":18},{"not_picked":["Rupture+1","Pummel+1"],"picked":"Thunderclap+1","floor":19},{"not_picked":["Barricade","Cleave+1"],"picked":"Headbutt+1","floor":20},{"not_picked":["Dual Wield","Sever Soul+1"],"picked":"Inflame","floor":24},{"not_picked":["Pommel Strike+1","Uppercut+1"],"picked":"Dropkick+1","floor":25},{"not_picked":["Cleave+1","Twin Strike+1"],"picked":"Pommel Strike+1","floor":27},{"not_picked":["Clash+1","Iron Wave+1"],"picked":"Offering","floor":28},{"not_picked":["Infernal Blade","Clothesline+1"],"picked":"Intimidate+1","floor":31},{"not_picked":["Feed+1","Barricade"],"picked":"Fiend Fire+1","floor":33},{"not_picked":["Warcry+1","Seeing Red+1"],"picked":"Burning Pact+1","floor":34},{"not_picked":["Second Wind","Cleave+1"],"picked":"Flex+1","floor":35},{"not_picked":["Body Slam+1","Rupture+1"],"picked":"Armaments+1","floor":36},{"not_picked":["Bloodletting","Armaments","Rupture+1"],"picked":"SKIP","floor":37},{"not_picked":["Power Through","Twin Strike+1"],"picked":"Rampage+1","floor":39},{"not_picked":["Searing Blow+1","Sword Boomerang+1"],"picked":"Flex+1","floor":41},{"not_picked":["Sword Boomerang+1","Blood for Blood+1"],"picked":"Armaments+1","floor":42}],"player_experience":33253,"relics_obtained":[{"floor":7,"key":"Red Skull"},{"floor":9,"key":"Molten Egg 2"},{"floor":13,"key":"Pear"},{"floor":24,"key":"Kunai"},{"floor":26,"key":"Ancient Tea Set"},{"floor":27,"key":"Lantern"},{"floor":36,"key":"Nunchaku"},{"floor":39,"key":"Pocketwatch"},{"floor":41,"key":"Blood Vial"},{"floor":43,"key":"Oddly Smooth Stone"}],"event_choices":[{"damage_healed":0,"gold_gain":0,"player_choice":"Damaged","damage_taken":8,"max_hp_gain":0,"max_hp_loss":0,"event_name":"Wheel of Change","floor":2,"gold_loss":0},{"damage_healed":0,"gold_gain":175,"player_choice":"AGREE","damage_taken":0,"max_hp_gain":0,"max_hp_loss":0,"event_name":"Liars Game","floor":12,"gold_loss":0,"cards_obtained":["Doubt"]},{"cards_removed":["Strike_R"],"damage_healed":0,"gold_gain":0,"player_choice":"Purged","damage_taken":0,"max_hp_gain":0,"max_hp_loss":0,"event_name":"Purifier","floor":14,"gold_loss":0},{"damage_healed":0,"gold_gain":0,"player_choice":"Ignored","damage_taken":0,"max_hp_gain":0,"max_hp_loss":0,"event_name":"Ghosts","floor":21,"gold_loss":0},{"cards_removed":["Strike_R"],"damage_healed":0,"gold_gain":0,"player_choice":"Upgrade and Remove","damage_taken":0,"max_hp_gain":0,"max_hp_loss":0,"event_name":"Designer","floor":22,"gold_loss":90,"cards_upgraded":["True Grit"]},{"damage_healed":0,"gold_gain":0,"player_choice":"Bet on Murderer","damage_taken":0,"max_hp_gain":0,"max_hp_loss":0,"event_name":"The Joust","floor":29,"gold_loss":50},{"damage_healed":0,"gold_gain":0,"player_choice":"Fight","damage_taken":0,"max_hp_gain":0,"max_hp_loss":0,"event_name":"MindBloom","floor":36,"gold_loss":0},{"damage_healed":0,"gold_gain":0,"player_choice":"Fight","damage_taken":0,"max_hp_gain":0,"max_hp_loss":0,"event_name":"Mysterious Sphere","floor":39,"gold_loss":0}],"is_beta":true,"boss_relics":[{"not_picked":["Philosopher\u0027s Stone","Calling Bell"],"picked":"Mark of Pain"},{"not_picked":["Runic Dome","White Beast Statue"],"picked":"Tiny House"}],"items_purged_floors":[5,30,38],"is_endless":false,"potions_floor_spawned":[1,3,8,10,16,18,20,24,33,39,42],"killed_by":"4 Shapes","ascension_level":0}