{"gold_per_floor":[124,136,165,197,209,221,267,289,375,387,413,425,451,481,493,583,595,626,563,587,599,622,634,646,658,744,756],"floor_reached":27,"playtime":1652,"items_purged":[],"score":398,"play_id":"48695458-df6e-4173-8e1d-49c937a1bd9d","local_time":"20190219204822","is_ascension_mode":true,"campfire_choices":[{"data":"Deadly Poison","floor":6,"key":"SMITH"},{"floor":12,"key":"REST"},{"floor":15,"key":"REST"},{"floor":23,"key":"REST"},{"floor":25,"key":"REST"}],"neow_cost":"NONE","seed_source_timestamp":26013768576701,"circlet_count":0,"master_deck":["AscendersBane","Defend_G","Defend_G","Defend_G","Defend_G","Defend_G","Strike_G","Strike_G","Strike_G","Strike_G","Survivor","Neutralize","Dagger Spray+1","Deadly Poison+1","Prepared","Leg Sweep","Catalyst","Crippling Poison","Tactician","Storm of Steel","Cloak And Dagger","Crippling Poison","Unload"],"relics":["Ring of the Snake","MawBank","Strawberry","Happy Flower","Ninja Scroll","WristBlade","Frozen Egg 2"],"potions_floor_usage":[16,16,22,27],"damage_taken":[{"damage":0,"enemies":"Cultist","floor":1,"turns":4},{"damage":3,"enemies":"Jaw Worm","floor":3,"turns":4},{"damage":0,"enemies":"2 Louse","floor":4,"turns":2},{"damage":37,"enemies":"Lagavulin","floor":7,"turns":7},{"damage":4,"enemies":"Red Slaver","floor":8,"turns":5},{"damage":0,"enemies":"Lots of Slimes","floor":11,"turns":1},{"damage":3,"enemies":"Looter","floor":13,"turns":4},{"damage":6,"enemies":"Gremlin Gang","floor":14,"turns":3},{"damage":64,"enemies":"Slime Boss","floor":16,"turns":15},{"damage":14,"enemies":"2 Thieves","floor":18,"turns":4},{"damage":15,"enemies":"Spheric Guardian","floor":20,"turns":4},{"damage":26,"enemies":"Snake Plant","floor":22,"turns":6},{"damage":46,"enemies":"Book of Stabbing","floor":27,"turns":6}],"seed_played":"6289554716355337503","potions_obtained":[{"floor":7,"key":"PowerPotion"},{"floor":8,"key":"Regen Potion"},{"floor":16,"key":"FearPotion"},{"floor":18,"key":"EssenceOfSteel"},{"floor":21,"key":"Strength Potion"}],"is_trial":false,"path_per_floor":["M","?","M","M","T","R","E","M","T","$","M","R","M","M","R","B",null,"M","?","M","?","M","R","$","R","T","E"],"character_chosen":"THE_SILENT","items_purchased":[],"campfire_rested":4,"item_purchase_floors":[],"current_hp_per_floor":[59,59,56,56,63,63,26,22,22,22,22,43,40,34,55,6,56,42,42,27,27,1,22,22,43,43,0],"gold":756,"neow_bonus":"RANDOM_COMMON_RELIC","is_prod":false,"is_daily":false,"chose_seed":false,"campfire_upgraded":1,"win_rate":0,"timestamp":1550627302,"path_taken":["M","?","M","M","?","R","E","M","T","$","M","R","M","M","R","BOSS","M","?","M","?","?","R","$","R","T","E"],"build_version":"2019-01-23","purchased_purges":0,"victory":false,"max_hp_per_floor":[66,66,66,66,73,73,73,73,73,73,73,73,73,73,73,73,73,73,73,73,73,73,73,73,73,73,73],"card_choices":[{"not_picked":["Sucker Punch","PiercingWail"],"picked":"Dagger Spray","floor":1},{"not_picked":["Flechettes","Poisoned Stab"],"picked":"Deadly Poison","floor":3},{"not_picked":["Flying Knee","Sucker Punch"],"picked":"Prepared","floor":4},{"not_picked":["Outmaneuver","Sucker Punch"],"picked":"Leg Sweep","floor":7},{"not_picked":["Slice","A Thousand Cuts"],"picked":"Catalyst","floor":8},{"not_picked":["Prepared","Dagger Spray"],"picked":"Crippling Poison","floor":11},{"not_picked":["Masterful Stab","Deflect","Backflip"],"picked":"SKIP","floor":13},{"not_picked":["Predator","Caltrops"],"picked":"Tactician","floor":14},{"not_picked":["Doppelganger","Wraith Form v2"],"picked":"Storm of Steel","floor":16},{"not_picked":["Flying Knee","Poisoned Stab"],"picked":"Cloak And Dagger","floor":18},{"not_picked":["Bane","Deflect"],"picked":"Crippling Poison","floor":20},{"not_picked":["PiercingWail+1","Expertise+1"],"picked":"Unload","floor":22}],"player_experience":330913,"relics_obtained":[{"floor":5,"key":"Strawberry"},{"floor":7,"key":"Happy Flower"},{"floor":9,"key":"Ninja Scroll"},{"floor":26,"key":"Frozen Egg 2"}],"event_choices":[{"damage_healed":0,"gold_gain":0,"player_choice":"Grow","damage_taken":0,"max_hp_gain":0,"max_hp_loss":0,"event_name":"Living Wall","floor":2,"gold_loss":0,"cards_upgraded":["Dagger Spray"]},{"cards_removed":["Strike_G"],"damage_healed":0,"gold_gain":0,"player_choice":"Gave Gold","damage_taken":0,"max_hp_gain":0,"max_hp_loss":0,"event_name":"Beggar","floor":19,"gold_loss":75},{"damage_healed":0,"gold_gain":0,"player_choice":"Got Potions","damage_taken":0,"max_hp_gain":0,"max_hp_loss":0,"event_name":"Lab","floor":21,"gold_loss":0}],"is_beta":false,"boss_relics":[{"not_picked":["Snecko Eye","White Beast Statue"],"picked":"WristBlade"}],"items_purged_floors":[],"is_endless":false,"potions_floor_spawned":[7,8,11,16,18,20],"killed_by":"Book of Stabbing","ascension_level":17}