{"gold_per_floor":[117,117,61,75,91,91,123,123,123,123,199,231,231,307,307,382,382,392,409,329,348,18,18,18,18,41,60,60,95,44,63,63,136,136,150,150,50,69,69,69,95,95,95,95],"floor_reached":44,"playtime":1699,"items_purged":["Strike_R","Decay"],"score":995,"play_id":"0ce92d97-03bc-4a0d-a48e-dca9b7f80cea","local_time":"20190610195301","is_ascension_mode":true,"campfire_choices":[{"data":"Bash","floor":6.0,"key":"SMITH"},{"data":"1","floor":8.0,"key":"LIFT"},{"data":"2","floor":10.0,"key":"LIFT"},{"data":"3","floor":13.0,"key":"LIFT"},{"data":"Disarm","floor":15.0,"key":"SMITH"},{"data":"Limit Break","floor":23,"key":"SMITH"},{"data":"Clothesline","floor":25,"key":"SMITH"},{"data":"Limit Break","floor":28,"key":"SMITH"},{"data":"True Grit","floor":32,"key":"SMITH"},{"floor":40,"key":"RECALL"},{"data":"Armaments","floor":42,"key":"SMITH"}],"neow_cost":"NONE","seed_source_timestamp":0,"circlet_count":0,"master_deck":["AscendersBane","Strike_R","Strike_R","Defend_R","Defend_R","Defend_R","Defend_R","Bash+1","Disarm+1","Iron Wave","Clothesline+1","Anger","Armaments+1","Limit Break+1","Shrug It Off","Sword Boomerang","Combust","Reaper","Limit Break+1","Feel No Pain","True Grit+1","Headbutt","Exhume","Decay","Shrug It Off"],"special_seed":0,"relics":["Burning Blood","Blue Candle","Girya","Meat on the Bone","Singing Bowl","Pantograph","Sozu","Vajra","Darkstone Periapt","Calling Bell","Omamori","Matryoshka","Ginger","Self Forming Clay","Smiling Mask"],"potions_floor_usage":[27],"damage_taken":[{"damage":8.0,"enemies":"Cultist","floor":1.0,"turns":4.0},{"damage":10.0,"enemies":"Jaw Worm","floor":4.0,"turns":6.0},{"damage":13.0,"enemies":"Small Slimes","floor":5.0,"turns":5.0},{"damage":21.0,"enemies":"Lagavulin","floor":7.0,"turns":6.0},{"damage":23.0,"enemies":"Gremlin Nob","floor":12.0,"turns":4.0},{"damage":7.0,"enemies":"The Guardian","floor":16.0,"turns":12.0},{"damage":19.0,"enemies":"Shell Parasite","floor":18.0,"turns":5.0},{"damage":3.0,"enemies":"Chosen","floor":19.0,"turns":4.0},{"damage":6,"enemies":"Snake Plant","floor":21,"turns":5},{"damage":22,"enemies":"Chosen and Byrds","floor":27,"turns":5},{"damage":35,"enemies":"Gremlin Leader","floor":29,"turns":6},{"damage":4,"enemies":"Sentry and Sphere","floor":31,"turns":3},{"damage":69,"enemies":"Automaton","floor":33,"turns":7},{"damage":40,"enemies":"3 Darklings","floor":35,"turns":5},{"damage":42,"enemies":"3 Shapes","floor":38,"turns":6},{"damage":88,"enemies":"Nemesis","floor":41,"turns":9},{"damage":36,"enemies":"Jaw Worm Horde","floor":44,"turns":1}],"seed_played":"-7501145933574109317","potions_obtained":[{"floor":12.0,"key":"Swift Potion"},{"floor":16.0,"key":"Ancient Potion"}],"is_trial":false,"path_per_floor":["M","T","$","M","M","R","E","R","T","R","?","E","R","T","R","B",null,"M","M","$","M","$","R","?","R","T","M","R","E","$","M","R","B",null,"M","?","$","M","$","R","E","R","T","M"],"character_chosen":"IRONCLAD","items_purchased":["Strength Potion","Combust","Reaper","Limit Break","True Grit"],"campfire_rested":0,"item_purchase_floors":[3,20,22,22,30],"current_hp_per_floor":[66,66,66,62,55,55,40,40,40,40,40,37,37,37,37,61,73,60,63,63,65,65,65,65,65,65,68,68,76,76,81,81,39,89,101,101,101,101,101,101,35,35,35,0],"gold":95,"neow_bonus":"TRANSFORM_CARD","is_prod":false,"is_daily":false,"chose_seed":false,"campfire_upgraded":7,"win_rate":0,"timestamp":1560221581,"path_taken":["M","?","$","M","M","R","E","R","T","R","?","E","R","?","R","BOSS","M","M","$","M","$","R","?","R","T","?","R","E","?","M","R","BOSS","M","?","?","?","$","R","E","R","T","M"],"build_version":"2019-06-07","purchased_purges":2,"victory":false,"max_hp_per_floor":[75,75,75,75,75,75,75,75,75,75,75,77,77,77,77,77,77,77,77,77,79,79,79,79,79,79,81,81,81,81,81,81,81,99,101,101,101,101,101,101,103,103,103,103],"card_choices":[{"not_picked":["Clash","Body Slam"],"picked":"Iron Wave","floor":1.0},{"not_picked":["Havoc","Entrench"],"picked":"Clothesline","floor":4.0},{"not_picked":["Clash","Corruption"],"picked":"Anger","floor":5.0},{"not_picked":["Body Slam","Twin Strike"],"picked":"Armaments","floor":7.0},{"not_picked":["Entrench","Dark Embrace","Seeing Red"],"picked":"Singing Bowl","floor":12.0},{"not_picked":["Feed","Exhume"],"picked":"Limit Break","floor":16.0},{"not_picked":["Clothesline","Rupture"],"picked":"Shrug It Off","floor":18.0},{"not_picked":["Fire Breathing","Pommel Strike"],"picked":"Sword Boomerang","floor":19.0},{"not_picked":["Wild Strike","Heavy Blade","Warcry"],"picked":"Singing Bowl","floor":21},{"not_picked":["Uppercut","Clash","Dark Embrace"],"picked":"Singing Bowl","floor":27},{"not_picked":["Brutality","Body Slam"],"picked":"Feel No Pain","floor":29},{"not_picked":["True Grit","Corruption"],"picked":"Headbutt","floor":31},{"not_picked":["Barricade","Fiend Fire"],"picked":"Exhume","floor":33},{"not_picked":["Cleave","Power Through","Body Slam"],"picked":"Singing Bowl","floor":35},{"not_picked":["Havoc","Bloodletting+1"],"picked":"Shrug It Off","floor":38},{"not_picked":["Barricade","Thunderclap","Cleave"],"picked":"Singing Bowl","floor":41}],"player_experience":1342471,"relics_obtained":[{"floor":2.0,"key":"Blue Candle"},{"floor":7.0,"key":"Girya"},{"floor":9.0,"key":"Meat on the Bone"},{"floor":12.0,"key":"Singing Bowl"},{"floor":14.0,"key":"Pantograph"},{"floor":26,"key":"Vajra"},{"floor":29,"key":"Darkstone Periapt"},{"floor":34,"key":"Omamori"},{"floor":34,"key":"Matryoshka"},{"floor":34,"key":"Ginger"},{"floor":41,"key":"Self Forming Clay"},{"floor":43,"key":"Smiling Mask"}],"event_choices":[{"damage_healed":0.0,"max_hp_gain":0.0,"max_hp_loss":0.0,"gold_gain":76.0,"event_name":"Golden Wing","player_choice":"Gained Gold","floor":11.0,"gold_loss":0.0,"damage_taken":0.0},{"cards_removed":["Strike_R"],"damage_healed":0,"gold_gain":0,"player_choice":"Purged","damage_taken":0,"max_hp_gain":0,"max_hp_loss":0,"event_name":"Purifier","floor":24,"gold_loss":0},{"cards_removed":["Normality"],"damage_healed":0,"gold_gain":0,"player_choice":"Purged","damage_taken":0,"max_hp_gain":0,"max_hp_loss":0,"event_name":"Purifier","floor":36,"gold_loss":0}],"is_beta":true,"boss_relics":[{"not_picked":["Orrery","Empty Cage"],"picked":"Sozu"},{"not_picked":["Astrolabe","Pandora\u0027s Box"],"picked":"Calling Bell"}],"items_purged_floors":[22,37],"is_endless":false,"potions_floor_spawned":[12,16,21,29,31,38],"killed_by":"Jaw Worm Horde","ascension_level":20}