{"gold_per_floor":[111,111,186,206,44,44,78,78,102,102,112,124,181,208,208,306,306,323,323,55,73,73,73,104,115,140,140,151,178,194,44,44,146,146,156,167,167,267,287,287,318,2,2,15,15,48,48,75,75,75],"floor_reached":51,"playtime":7098,"items_purged":["Strike_P","Writhe","Defend_P+1"],"score":1052,"play_id":"a726066d-0da0-4608-b27f-82a00b059005","local_time":"20190911162844","is_ascension_mode":true,"campfire_choices":[{"data":"Eruption","floor":6,"key":"SMITH"},{"data":"CrushJoints","floor":8,"key":"SMITH"},{"data":"Defend_P","floor":10,"key":"SMITH"},{"data":"BowlingBash","floor":15,"key":"SMITH"},{"data":"Wallop","floor":23,"key":"SMITH"},{"floor":32,"key":"REST"},{"data":"Adaptation","floor":40,"key":"SMITH"},{"data":"EmptyBody","floor":49,"key":"SMITH"}],"neow_cost":"NONE","seed_source_timestamp":428086104045774,"circlet_count":0,"master_deck":["Strike_P+1","Strike_P+1","Defend_P+1","Defend_P+1","Eruption+1","Vigilance","Crescendo+1","Flash of Steel+1","CrushJoints+1","BowlingBash+1","TalkToTheHand+1","EmptyBody+1","EmptyBody+1","LessonLearned+1","Collect+1","JustLucky+1","Wallop+1","Pray+1","MentalFortress+1","EmptyFist+1","Crescendo+1","Devotion+1","Halt+1","FearNoEvil+1","Brilliance+1","CutThroughFate+1","Sanctity+1","Protect+1","Adaptation+1","WindmillStrike+1","DevaForm+1","CrushJoints+1","Wallop+1"],"relics":["PureWater","Pantograph","Boot","Dodecahedron","Bag of Preparation","Runic Pyramid","Juzu Bracelet","Orichalcum","Lantern","Molten Egg 2","Sozu","Bird Faced Urn","Shuriken","Mercury Hourglass","Vajra","Regal Pillow","Potion Belt"],"potions_floor_usage":[7,13,14,14,24,25,28,33,50],"damage_taken":[{"damage":0,"enemies":"Cultist","floor":1,"turns":2},{"damage":0,"enemies":"Small Slimes","floor":4,"turns":1},{"damage":4,"enemies":"3 Sentries","floor":7,"turns":6},{"damage":0,"enemies":"Jaw Worm","floor":11,"turns":1},{"damage":8,"enemies":"Lots of Slimes","floor":12,"turns":2},{"damage":0,"enemies":"Gremlin Nob","floor":13,"turns":1},{"damage":0,"enemies":"Lagavulin","floor":14,"turns":4},{"damage":0,"enemies":"Slime Boss","floor":16,"turns":4},{"damage":0,"enemies":"Spheric Guardian","floor":18,"turns":3},{"damage":0,"enemies":"Chosen","floor":21,"turns":2},{"damage":0,"enemies":"Book of Stabbing","floor":24,"turns":3},{"damage":0,"enemies":"Snake Plant","floor":25,"turns":3},{"damage":12,"enemies":"Shelled Parasite and Fungi","floor":28,"turns":4},{"damage":17,"enemies":"Slavers","floor":29,"turns":5},{"damage":0,"enemies":"Cultist and Chosen","floor":30,"turns":3},{"damage":0,"enemies":"Automaton","floor":33,"turns":8},{"damage":0,"enemies":"3 Shapes","floor":35,"turns":3},{"damage":0,"enemies":"Orb Walker","floor":36,"turns":2},{"damage":0,"enemies":"Mind Bloom Boss Battle","floor":38,"turns":3},{"damage":0,"enemies":"Spire Growth","floor":39,"turns":4},{"damage":0,"enemies":"Giant Head","floor":41,"turns":5},{"damage":0,"enemies":"3 Darklings","floor":44,"turns":3},{"damage":0,"enemies":"Reptomancer","floor":46,"turns":3},{"damage":0,"enemies":"Giant Head","floor":48,"turns":5},{"damage":15,"enemies":"Time Eater","floor":50,"turns":5}],"seed_played":"8518475631841756719","potions_obtained":[{"floor":0,"key":"GamblersBrew"},{"floor":0,"key":"SkillPotion"},{"floor":0,"key":"Strength Potion"},{"floor":12,"key":"AttackPotion"},{"floor":14,"key":"SpeedPotion"},{"floor":16,"key":"Dexterity Potion"},{"floor":18,"key":"Energy Potion"},{"floor":21,"key":"Weak Potion"},{"floor":29,"key":"Weak Potion"}],"is_trial":false,"path_per_floor":["M","?","?","M","$","R","E","R","T","R","M","M","?","E","R","B",null,"M","?","$","M","?","R","E","M","T","?","M","E","M","$","R","B",null,"M","M","?","?","M","R","E","$","T","M","?","E","?","E","R","B",null],"character_chosen":"WATCHER","items_purchased":["Flash of Steel","JustLucky","Orichalcum","FearNoEvil+1","DuplicationPotion","DevaForm","CrushJoints+1"],"campfire_rested":1,"item_purchase_floors":[5,20,20,31,31,42,42],"current_hp_per_floor":[65,65,54,54,54,54,50,50,50,50,50,42,42,42,42,65,65,65,65,65,65,65,65,65,65,65,65,53,36,36,36,55,65,65,65,65,65,65,65,65,65,65,65,65,62,62,62,62,62,50],"gold":75,"neow_bonus":"THREE_SMALL_POTIONS","is_prod":false,"is_daily":false,"chose_seed":false,"campfire_upgraded":7,"win_rate":0,"timestamp":1568212124,"path_taken":["M","?","?","M","?","R","E","R","T","R","?","M","?","E","R","BOSS","M","?","$","M","?","R","E","M","T","?","M","E","M","?","R","BOSS","M","M","?","?","M","R","E","$","T","M","?","E","?","E","R","BOSS"],"build_version":"2019-09-10","purchased_purges":3,"victory":true,"max_hp_per_floor":[65,65,65,65,65,65,65,65,65,65,65,65,65,65,65,65,65,65,65,65,65,65,65,65,65,65,65,65,65,65,65,65,65,65,65,65,65,65,65,65,65,65,65,65,62,62,62,62,62,62],"card_choices":[{"not_picked":["Evaluate","Swivel"],"picked":"Crescendo","floor":1},{"not_picked":["Consecrate","Collect","Vengeance"],"picked":"SKIP","floor":4},{"not_picked":["Consecrate","Collect","Vengeance"],"picked":"SKIP","floor":4},{"not_picked":["Scrawl","Consecrate"],"picked":"CrushJoints","floor":7},{"not_picked":["Weave","CutThroughFate"],"picked":"BowlingBash","floor":11},{"not_picked":["Consecrate","EmptyFist"],"picked":"TalkToTheHand","floor":12},{"not_picked":["CrushJoints","EmptyMind"],"picked":"EmptyBody","floor":13},{"not_picked":["ThirdEye","FollowUp"],"picked":"EmptyBody","floor":14},{"not_picked":["Vault","Unraveling"],"picked":"LessonLearned","floor":16},{"not_picked":["CrushJoints","FollowUp"],"picked":"Collect+1","floor":18},{"not_picked":["Conclude+1","Halt","EmptyFist"],"picked":"SKIP","floor":21},{"not_picked":["EmptyMind","Consecrate"],"picked":"MentalFortress+1","floor":24},{"not_picked":["Sanctity","Collect"],"picked":"EmptyFist+1","floor":25},{"not_picked":["PathToVictory","Weave"],"picked":"Crescendo+1","floor":28},{"not_picked":["Collect","EmptyBody"],"picked":"Devotion","floor":29},{"not_picked":["Establishment","EmptyFist+1"],"picked":"Halt+1","floor":30},{"not_picked":["FlowState","Unraveling"],"picked":"Brilliance","floor":33},{"not_picked":["FollowUp+1","EmptyBody"],"picked":"CutThroughFate+1","floor":35},{"not_picked":["CarveReality+1","Consecrate+1"],"picked":"Sanctity+1","floor":36},{"not_picked":["CrushJoints+1","FlurryOfBlows+1"],"picked":"Protect+1","floor":38},{"not_picked":["FollowUp+1","Clarity"],"picked":"Adaptation","floor":39},{"not_picked":["Crescendo+1","EmptyFist+1"],"picked":"WindmillStrike+1","floor":41},{"not_picked":["Halt+1","Adaptation","CutThroughFate+1"],"picked":"SKIP","floor":44},{"not_picked":["Halt","Crescendo","Fasting+1"],"picked":"SKIP","floor":46},{"not_picked":["Swivel","EmptyMind"],"picked":"Wallop+1","floor":48}],"player_experience":626651,"relics_obtained":[{"floor":7,"key":"Pantograph"},{"floor":9,"key":"Boot"},{"floor":13,"key":"Dodecahedron"},{"floor":14,"key":"Bag of Preparation"},{"floor":26,"key":"Lantern"},{"floor":29,"key":"Molten Egg 2"},{"floor":38,"key":"Bird Faced Urn"},{"floor":41,"key":"Shuriken"},{"floor":43,"key":"Mercury Hourglass"},{"floor":46,"key":"Vajra"},{"floor":47,"key":"Regal Pillow"},{"floor":48,"key":"Potion Belt"}],"event_choices":[{"damage_healed":0,"gold_gain":0,"player_choice":"Grow","damage_taken":0,"max_hp_gain":0,"max_hp_loss":0,"event_name":"Living Wall","floor":2,"gold_loss":0,"cards_upgraded":["Crescendo"]},{"damage_healed":0,"gold_gain":75,"player_choice":"Gather Gold","damage_taken":11,"max_hp_gain":0,"max_hp_loss":0,"event_name":"World of Goop","floor":3,"gold_loss":0},{"damage_healed":0,"gold_gain":0,"player_choice":"Searched \u00271\u0027 times","damage_taken":0,"max_hp_gain":0,"max_hp_loss":0,"event_name":"Dead Adventurer","floor":13,"gold_loss":0},{"damage_healed":0,"gold_gain":0,"player_choice":"Opened","damage_taken":0,"relics_obtained":["Juzu Bracelet"],"max_hp_gain":0,"max_hp_loss":0,"event_name":"The Mausoleum","floor":19,"gold_loss":0,"cards_obtained":["Writhe"]},{"damage_healed":0,"gold_gain":0,"cards_transformed":["Strike_P","Defend_P"],"player_choice":"Became Test Subject","damage_taken":0,"max_hp_gain":0,"max_hp_loss":0,"event_name":"Drug Dealer","floor":22,"gold_loss":0,"cards_obtained":["Wallop","Pray"]},{"damage_healed":0,"gold_gain":0,"player_choice":"Forge","damage_taken":0,"max_hp_gain":0,"max_hp_loss":0,"event_name":"Accursed Blacksmith","floor":27,"gold_loss":0,"cards_upgraded":["JustLucky"]},{"damage_healed":0,"gold_gain":0,"player_choice":"Got Potions","damage_taken":0,"max_hp_gain":0,"max_hp_loss":0,"event_name":"Lab","floor":37,"gold_loss":0},{"damage_healed":0,"gold_gain":0,"player_choice":"Fight","damage_taken":0,"max_hp_gain":0,"max_hp_loss":0,"event_name":"MindBloom","floor":38,"gold_loss":0},{"damage_healed":0,"gold_gain":0,"player_choice":"Max HP","damage_taken":0,"max_hp_gain":0,"max_hp_loss":3,"event_name":"Winding Halls","floor":45,"gold_loss":0},{"damage_healed":0,"gold_gain":0,"player_choice":"Relic","damage_taken":0,"max_hp_gain":0,"max_hp_loss":0,"event_name":"Wheel of Change","floor":47,"gold_loss":0}],"is_beta":true,"boss_relics":[{"not_picked":["Pandora\u0027s Box","Runic Dome"],"picked":"Runic Pyramid"},{"not_picked":["HolyWater","Velvet Choker"],"picked":"Sozu"}],"items_purged_floors":[5,20,42],"is_endless":false,"potions_floor_spawned":[1,12,14,16,18,21,29,38,44],"ascension_level":2}