{"gold_per_floor":[118,30,30,30,43,43,79,79,102,126,165,165,203,8,8,8],"floor_reached":16,"playtime":805,"items_purged":["Strike_R"],"score":282,"play_id":"914ea019-1e1d-4ead-9f8d-95a16a96457d","local_time":"20190516000148","is_ascension_mode":true,"campfire_choices":[{"data":"Armaments","floor":6,"key":"SMITH"},{"data":"Bash","floor":8,"key":"SMITH"},{"floor":15,"key":"REST"}],"neow_cost":"NONE","seed_source_timestamp":1730654123029533,"circlet_count":0,"master_deck":["AscendersBane","Strike_R","Strike_R","Strike_R","Strike_R","Defend_R","Defend_R","Defend_R","Defend_R","Bash+1","Armaments+1","Inflame","Rampage","Twin Strike","True Grit+1","Shrug It Off+1","Whirlwind","Feel No Pain","Feel No Pain"],"relics":["Burning Blood","NeowsBlessing","Golden Idol","Toxic Egg 2","Potion Belt","Bottled Lightning","The Courier","Ancient Tea Set"],"potions_floor_usage":[11,16],"damage_taken":[{"damage":0,"enemies":"2 Louse","floor":1,"turns":1},{"damage":0,"enemies":"Small Slimes","floor":5,"turns":1},{"damage":0,"enemies":"3 Sentries","floor":7,"turns":1},{"damage":1,"enemies":"Cultist","floor":10,"turns":3},{"damage":23,"enemies":"Lagavulin","floor":11,"turns":6},{"damage":19,"enemies":"3 Sentries","floor":13,"turns":9},{"damage":55,"enemies":"Slime Boss","floor":16,"turns":10}],"seed_played":"-5871750675876644743","potions_obtained":[{"floor":5,"key":"PowerPotion"},{"floor":13,"key":"Swift Potion"}],"is_trial":false,"path_per_floor":["M","$","?","$","M","R","E","R","T","M","E","?","E","$","R","B"],"character_chosen":"IRONCLAD","items_purchased":["Inflame","Feel No Pain","Feel No Pain"],"campfire_rested":1,"item_purchase_floors":[2,14,14],"current_hp_per_floor":[74,74,48,48,54,54,60,60,60,65,48,43,30,30,52,0],"gold":8,"neow_bonus":"THREE_ENEMY_KILL","is_prod":false,"is_daily":false,"chose_seed":false,"campfire_upgraded":2,"win_rate":0,"timestamp":1557990108,"path_taken":["M","$","?","$","M","R","E","R","T","M","E","?","E","$","R","BOSS"],"build_version":"2019-05-07","purchased_purges":1,"victory":false,"max_hp_per_floor":[75,75,75,75,75,75,75,75,75,75,75,75,75,75,75,75],"card_choices":[{"not_picked":["Power Through","Pommel Strike"],"picked":"Armaments","floor":1},{"not_picked":["Pommel Strike","Anger"],"picked":"Rampage","floor":5},{"not_picked":["Warcry","Perfected Strike"],"picked":"Twin Strike","floor":7},{"not_picked":["Power Through+1","Wild Strike"],"picked":"True Grit+1","floor":10},{"not_picked":["Uppercut","Rage+1"],"picked":"Shrug It Off+1","floor":11},{"not_picked":["Shockwave+1","Rampage"],"picked":"Whirlwind","floor":13}],"player_experience":1256567,"relics_obtained":[{"floor":7,"key":"Toxic Egg 2"},{"floor":9,"key":"Potion Belt"},{"floor":11,"key":"Bottled Lightning"},{"floor":13,"key":"Ancient Tea Set"}],"event_choices":[{"damage_healed":0,"gold_gain":0,"player_choice":"Take Damage","damage_taken":26,"relics_obtained":["Golden Idol"],"max_hp_gain":0,"max_hp_loss":0,"event_name":"Golden Idol","floor":3,"gold_loss":0},{"damage_healed":0,"gold_gain":0,"player_choice":"Success","damage_taken":5,"relics_obtained":["The Courier"],"max_hp_gain":0,"max_hp_loss":0,"event_name":"Scrap Ooze","floor":12,"gold_loss":0}],"is_beta":true,"boss_relics":[],"items_purged_floors":[14],"is_endless":false,"potions_floor_spawned":[5,13],"killed_by":"Slime Boss","ascension_level":20}