{"gold_per_floor":[116,132,146,163,263,291,291,326,326,326,345,88,88,107,107,107],"floor_reached":16,"playtime":690,"items_purged":["Strike_R"],"score":224,"play_id":"44590874-5ce5-4771-af9b-565fa6b371d9","local_time":"20181114222036","is_ascension_mode":true,"campfire_choices":[{"floor":7,"key":"REST"},{"floor":10,"key":"REST"},{"data":"Apotheosis","floor":13,"key":"SMITH"},{"floor":15,"key":"REST"}],"neow_cost":"NONE","seed_source_timestamp":4738332150851188,"circlet_count":0,"master_deck":["AscendersBane","Strike_R","Strike_R","Strike_R","Strike_R","Defend_R","Defend_R","Defend_R","Defend_R","Bash","Clothesline","Shrug It Off","Reckless Charge","Shrug It Off","Twin Strike","True Grit","Apotheosis+1","Inflame"],"relics":["Burning Blood","Sundial","Self Forming Clay"],"potions_floor_usage":[6,16],"damage_taken":[{"damage":6,"enemies":"Jaw Worm","floor":1,"turns":5},{"damage":4,"enemies":"Cultist","floor":2,"turns":3},{"damage":11,"enemies":"Small Slimes","floor":3,"turns":5},{"damage":3,"enemies":"2 Fungi Beasts","floor":4,"turns":5},{"damage":62,"enemies":"Lagavulin","floor":6,"turns":11},{"damage":41,"enemies":"3 Sentries","floor":8,"turns":14},{"damage":3,"enemies":"Looter","floor":11,"turns":3},{"damage":15,"enemies":"Red Slaver","floor":14,"turns":4},{"damage":50,"enemies":"Slime Boss","floor":16,"turns":9}],"seed_played":"3269599158350445072","potions_obtained":[{"floor":1,"key":"Weak Potion"},{"floor":8,"key":"Strength Potion"},{"floor":11,"key":"Swift Potion"}],"is_trial":false,"path_per_floor":["M","M","M","M","?","E","R","E","T","R","M","$","R","M","R","B"],"character_chosen":"IRONCLAD","items_purchased":["Apotheosis"],"campfire_rested":3,"item_purchase_floors":[12],"current_hp_per_floor":[75,77,72,75,75,19,43,8,8,32,35,35,35,26,50,0],"gold":107,"neow_bonus":"TEN_PERCENT_HP_BONUS","is_prod":false,"is_daily":false,"chose_seed":false,"campfire_upgraded":1,"win_rate":0,"timestamp":1542262836,"path_taken":["M","M","M","M","?","E","R","E","T","R","M","$","R","M","R","BOSS"],"build_version":"2018-11-13","purchased_purges":1,"victory":false,"max_hp_per_floor":[82,82,82,82,82,82,82,82,82,82,82,82,82,82,82,82],"card_choices":[{"not_picked":["Reckless Charge","Thunderclap"],"picked":"Clothesline","floor":1},{"not_picked":["Blood for Blood","Warcry"],"picked":"Shrug It Off","floor":2},{"not_picked":["Anger","Headbutt"],"picked":"Reckless Charge","floor":3},{"not_picked":["Wild Strike","Second Wind","Warcry"],"picked":"SKIP","floor":4},{"not_picked":["Sword Boomerang","Berserk"],"picked":"Shrug It Off","floor":6},{"not_picked":["Clothesline","Ghostly Armor"],"picked":"Twin Strike","floor":8},{"not_picked":["Power Through","Cleave"],"picked":"True Grit","floor":11},{"not_picked":["Sever Soul","Anger"],"picked":"Inflame","floor":14}],"player_experience":1090905,"relics_obtained":[{"floor":6,"key":"Sundial"},{"floor":8,"key":"Self Forming Clay"}],"event_choices":[{"damage_healed":0,"gold_gain":100,"player_choice":"Gold","damage_taken":0,"max_hp_gain":0,"max_hp_loss":0,"event_name":"Wheel of Change","floor":5,"gold_loss":0}],"is_beta":true,"boss_relics":[],"items_purged_floors":[12],"is_endless":false,"potions_floor_spawned":[1,8,11,14],"killed_by":"Slime Boss","ascension_level":20}