{"gold_per_floor":[109,121,140,154,154,154,165,165,165,90,103,103,103,120,120,120],"floor_reached":16,"playtime":668,"items_purged":[],"score":188,"play_id":"b687d46c-6c4a-403c-85cb-a40144ffb4fd","local_time":"20190325151244","is_ascension_mode":true,"campfire_choices":[{"data":"True Grit","floor":6,"key":"SMITH"},{"data":"Shockwave","floor":8,"key":"SMITH"},{"data":"Juggernaut","floor":13,"key":"SMITH"},{"data":"Shrug It Off","floor":15,"key":"SMITH"}],"neow_cost":"PERCENT_DAMAGE","seed_source_timestamp":126460466458005,"circlet_count":0,"master_deck":["AscendersBane","Strike_R","Strike_R","Strike_R","Strike_R","Defend_R","Defend_R","Defend_R","Defend_R","Bash+1","Twin Strike","True Grit+1","Juggernaut+1","Shrug It Off+1","Shockwave+1","Clothesline","Exhume"],"relics":["Burning Blood","Turnip","Ornamental Fan"],"potions_floor_usage":[4,16],"damage_taken":[{"damage":1,"enemies":"Cultist","floor":1,"turns":3},{"damage":2,"enemies":"2 Louse","floor":2,"turns":3},{"damage":7,"enemies":"Jaw Worm","floor":3,"turns":5},{"damage":11,"enemies":"3 Louse","floor":4,"turns":5},{"damage":17,"enemies":"Large Slime","floor":7,"turns":7},{"damage":7,"enemies":"Blue Slaver","floor":11,"turns":4},{"damage":0,"enemies":"2 Fungi Beasts","floor":14,"turns":4},{"damage":62,"enemies":"Hexaghost","floor":16,"turns":14}],"seed_played":"3322514524940955993","potions_obtained":[{"floor":3,"key":"Weak Potion"},{"floor":14,"key":"PowerPotion"}],"is_trial":false,"path_per_floor":["M","M","M","M","?","R","M","R","T","?","M","T","R","M","R","B"],"character_chosen":"IRONCLAD","items_purchased":[],"campfire_rested":0,"item_purchase_floors":[],"current_hp_per_floor":[69,73,72,67,67,67,56,56,56,56,55,55,55,61,61,0],"gold":120,"neow_bonus":"TWENTY_PERCENT_HP_BONUS","is_prod":false,"is_daily":false,"chose_seed":false,"campfire_upgraded":4,"win_rate":0,"timestamp":1553523164,"path_taken":["M","M","M","?","?","R","M","R","T","?","M","?","R","M","R","BOSS"],"build_version":"2019-03-15","purchased_purges":0,"victory":false,"max_hp_per_floor":[89,89,89,89,89,89,89,89,89,89,89,89,89,89,89,89],"card_choices":[{"not_picked":["Sentinel","Second Wind"],"picked":"Twin Strike","floor":1},{"not_picked":["Flex","Twin Strike"],"picked":"True Grit","floor":2},{"not_picked":["Wild Strike","Havoc"],"picked":"Juggernaut","floor":3},{"not_picked":["Twin Strike","Havoc"],"picked":"Shrug It Off","floor":4},{"not_picked":["Wild Strike","Thunderclap"],"picked":"Shockwave","floor":7},{"not_picked":["Blood for Blood","Rupture"],"picked":"Clothesline","floor":11},{"not_picked":["Clothesline","Flex"],"picked":"Exhume","floor":14}],"player_experience":376470,"relics_obtained":[{"floor":9,"key":"Turnip"},{"floor":12,"key":"Ornamental Fan"}],"event_choices":[{"damage_healed":0,"gold_gain":0,"player_choice":"Grow","damage_taken":0,"max_hp_gain":0,"max_hp_loss":0,"event_name":"Living Wall","floor":5,"gold_loss":0,"cards_upgraded":["Bash"]},{"cards_removed":["Strike_R"],"damage_healed":0,"gold_gain":0,"player_choice":"Card Removal","damage_taken":0,"max_hp_gain":0,"max_hp_loss":0,"event_name":"The Cleric","floor":10,"gold_loss":75}],"is_beta":true,"boss_relics":[],"items_purged_floors":[],"is_endless":false,"potions_floor_spawned":[3,14],"killed_by":"Hexaghost","ascension_level":20}