{"gold_per_floor":[119,132,144,219,231,231,258,258,283,283,283,300,327,327,327,327],"floor_reached":16,"playtime":518,"items_purged":[],"score":220,"play_id":"136289a2-529b-406f-88fd-5dce052b0e39","local_time":"20181111002219","is_ascension_mode":true,"campfire_choices":[{"data":"Bash","floor":6,"key":"SMITH"},{"data":"Searing Blow","floor":8,"key":"SMITH"},{"data":"Searing Blow+1","floor":10,"key":"SMITH"},{"data":"Searing Blow+2","floor":15,"key":"SMITH"}],"neow_cost":"NONE","seed_source_timestamp":4400207740211993,"circlet_count":0,"master_deck":["AscendersBane","Strike_R","Strike_R","Strike_R","Strike_R","Defend_R","Defend_R","Defend_R","Defend_R","Bash+1","Searing Blow+3","Havoc","Pommel Strike","Thunderclap","Inflame","Body Slam","True Grit","Fiend Fire"],"relics":["Burning Blood","Anchor","Bronze Scales","Vajra","Regal Pillow","Boot"],"potions_floor_usage":[7,13],"damage_taken":[{"damage":5,"enemies":"Small Slimes","floor":1,"turns":4},{"damage":6,"enemies":"Cultist","floor":2,"turns":3},{"damage":2,"enemies":"Jaw Worm","floor":3,"turns":3},{"damage":14,"enemies":"Gremlin Gang","floor":5,"turns":8},{"damage":32,"enemies":"Gremlin Nob","floor":7,"turns":4},{"damage":1,"enemies":"Looter","floor":12,"turns":2},{"damage":8,"enemies":"3 Sentries","floor":13,"turns":6},{"damage":51,"enemies":"Hexaghost","floor":16,"turns":8}],"seed_played":"-4573206485514552910","potions_obtained":[{"floor":1,"key":"Regen Potion"},{"floor":2,"key":"Strength Potion"}],"is_trial":false,"path_per_floor":["M","M","M","?","M","R","E","R","T","R","?","M","E","T","R","B"],"character_chosen":"IRONCLAD","items_purchased":[],"campfire_rested":0,"item_purchase_floors":[],"current_hp_per_floor":[69,69,73,62,54,54,28,28,28,28,28,33,46,46,46,0],"gold":327,"neow_bonus":"RANDOM_COMMON_RELIC","is_prod":false,"is_daily":false,"chose_seed":false,"campfire_upgraded":4,"win_rate":0,"timestamp":1541924539,"path_taken":["M","M","M","?","M","R","E","R","T","R","?","?","E","?","R","BOSS"],"build_version":"2018-11-08","purchased_purges":0,"victory":false,"max_hp_per_floor":[75,75,75,75,75,75,75,75,75,75,75,75,75,75,75,75],"card_choices":[{"not_picked":["Burning Pact","Shrug It Off"],"picked":"Searing Blow","floor":1},{"not_picked":["Power Through","Intimidate"],"picked":"Havoc","floor":2},{"not_picked":["Body Slam","Rupture"],"picked":"Pommel Strike","floor":3},{"not_picked":["Body Slam","Perfected Strike"],"picked":"Thunderclap","floor":5},{"not_picked":["Dropkick","Anger"],"picked":"Inflame","floor":7},{"not_picked":["Sentinel","Carnage"],"picked":"True Grit","floor":12},{"not_picked":["Heavy Blade","Sentinel"],"picked":"Fiend Fire","floor":13}],"player_experience":1059423,"relics_obtained":[{"floor":7,"key":"Bronze Scales"},{"floor":9,"key":"Vajra"},{"floor":13,"key":"Regal Pillow"},{"floor":14,"key":"Boot"}],"event_choices":[{"damage_healed":0,"gold_gain":75,"player_choice":"Gather Gold","damage_taken":11,"max_hp_gain":0,"max_hp_loss":0,"event_name":"World of Goop","floor":4,"gold_loss":0},{"damage_healed":0,"gold_gain":0,"cards_transformed":["Strike_R"],"player_choice":"Transformed","damage_taken":0,"max_hp_gain":0,"max_hp_loss":0,"event_name":"Transmorgrifier","floor":11,"gold_loss":0,"cards_obtained":["Body Slam"]}],"is_beta":true,"boss_relics":[],"items_purged_floors":[],"is_endless":false,"potions_floor_spawned":[1,2,3],"killed_by":"Hexaghost","ascension_level":20}