{"gold_per_floor":[111,126,136,150,161,186,186,199,199,209,209,237,512,547,547,649,649,634,634],"floor_reached":19,"playtime":1104,"items_purged":[],"score":227,"play_id":"d0082762-8c4c-46f3-aa11-e47af9cf9eda","local_time":"20181111201104","is_ascension_mode":true,"campfire_choices":[{"floor":7,"key":"REST"},{"data":"Zap","floor":15,"key":"SMITH"}],"neow_cost":"NONE","seed_source_timestamp":821764962281918,"circlet_count":0,"master_deck":["Strike_B","Strike_B","Strike_B","Strike_B","Defend_B","Defend_B","Defend_B","Defend_B","Zap+1","Dualcast","Forethought","Ball Lightning","Beam Cell","Conserve Battery","Gash","Go for the Eyes","Rebound","Redo","Rainbow","Regret","Capacitor","Buffer","White Noise"],"relics":["Cracked Core","Singing Bowl","Bottled Flame","Boot","Pantograph","Philosopher\u0027s Stone"],"potions_floor_usage":[16,18],"damage_taken":[{"damage":0,"enemies":"Cultist","floor":1,"turns":3},{"damage":8,"enemies":"Small Slimes","floor":2,"turns":2},{"damage":0,"enemies":"2 Louse","floor":3,"turns":2},{"damage":14,"enemies":"Lots of Slimes","floor":4,"turns":4},{"damage":0,"enemies":"Blue Slaver","floor":5,"turns":2},{"damage":17,"enemies":"Gremlin Nob","floor":6,"turns":4},{"damage":7,"enemies":"3 Louse","floor":8,"turns":4},{"damage":9,"enemies":"Red Slaver","floor":10,"turns":2},{"damage":19,"enemies":"Lagavulin","floor":12,"turns":5},{"damage":0,"enemies":"Gremlin Nob","floor":14,"turns":3},{"damage":40,"enemies":"Slime Boss","floor":16,"turns":12},{"damage":38,"enemies":"2 Thieves","floor":18,"turns":4},{"damage":47,"enemies":"Shell Parasite","floor":19,"turns":6}],"seed_played":"-6084486562465166652","potions_obtained":[{"floor":5,"key":"SteroidPotion"},{"floor":6,"key":"FearPotion"},{"floor":12,"key":"SpeedPotion"},{"floor":16,"key":"Poison Potion"}],"is_trial":false,"path_per_floor":["M","M","M","M","M","E","R","M","T","M","?","E","?","E","R","B",null,"M","M"],"character_chosen":"DEFECT","items_purchased":[],"campfire_rested":1,"item_purchase_floors":[],"current_hp_per_floor":[75,67,67,53,53,38,61,54,54,45,70,51,51,51,51,36,77,39,0],"gold":634,"neow_bonus":"RANDOM_COLORLESS","is_prod":false,"is_daily":false,"chose_seed":false,"campfire_upgraded":1,"win_rate":0,"timestamp":1541963464,"path_taken":["M","M","M","M","M","E","R","M","T","M","?","E","?","E","R","BOSS","M","M"],"build_version":"2018-11-08","purchased_purges":0,"victory":false,"max_hp_per_floor":[75,75,75,75,75,77,77,77,77,77,77,77,77,77,77,77,77,77,77],"card_choices":[{"not_picked":["Beam Cell","Stack"],"picked":"Ball Lightning","floor":1},{"not_picked":["Coolheaded","Consume"],"picked":"Beam Cell","floor":2},{"not_picked":["Self Repair","Sweeping Beam"],"picked":"Conserve Battery","floor":3},{"not_picked":["Sweeping Beam","Tempest"],"picked":"Gash","floor":4},{"not_picked":["Tempest","Compile Driver"],"picked":"Go for the Eyes","floor":5},{"not_picked":["Consume","Stack","Thunder Strike"],"picked":"Singing Bowl","floor":6},{"not_picked":["Streamline","Turbo"],"picked":"Rebound","floor":8},{"not_picked":["Aggregate","Tempest"],"picked":"Redo","floor":10},{"not_picked":["Auto Shields","Chaos"],"picked":"Rainbow","floor":12},{"not_picked":["Coolheaded","Conserve Battery"],"picked":"Capacitor","floor":14},{"not_picked":["Biased Cognition","Seek"],"picked":"Buffer","floor":16},{"not_picked":["Undo","Sweeping Beam"],"picked":"White Noise","floor":18}],"player_experience":96383,"relics_obtained":[{"floor":6,"key":"Singing Bowl"},{"floor":9,"key":"Bottled Flame"},{"floor":12,"key":"Boot"},{"floor":14,"key":"Pantograph"}],"event_choices":[{"damage_healed":25,"gold_gain":0,"player_choice":"Banana","damage_taken":0,"max_hp_gain":0,"max_hp_loss":0,"event_name":"Big Fish","floor":11,"gold_loss":0},{"damage_healed":0,"gold_gain":275,"player_choice":"Desecrate","damage_taken":0,"max_hp_gain":0,"max_hp_loss":0,"event_name":"Golden Shrine","floor":13,"gold_loss":0,"cards_obtained":["Regret"]}],"is_beta":true,"boss_relics":[{"not_picked":["Lizard Tail","Runic Dome"],"picked":"Philosopher\u0027s Stone"}],"items_purged_floors":[],"is_endless":false,"potions_floor_spawned":[5,6,12,16],"killed_by":"Shell Parasite","ascension_level":1}