{"gold_per_floor":[109,127,141,104,104,136,136,163,163,178,194,194],"floor_reached":12,"playtime":525,"items_purged":[],"score":180,"play_id":"37f1384a-558e-4397-8db9-b6f80b10f4e9","local_time":"20181224221045","is_ascension_mode":true,"campfire_choices":[{"data":"Skewer","floor":7,"key":"SMITH"}],"neow_cost":"NONE","seed_source_timestamp":0,"circlet_count":0,"master_deck":["AscendersBane","Defend_G","Defend_G","Defend_G","Defend_G","Defend_G","Strike_G","Strike_G","Strike_G","Strike_G","Strike_G","Survivor","Neutralize+1","Backflip","Sucker Punch","Skewer+1","Dash","Malaise","Flechettes","Dagger Spray"],"special_seed":0,"relics":["Ring of the Snake","NeowsBlessing","Pen Nib","Unceasing Top","Matryoshka"],"potions_floor_usage":[6,8],"damage_taken":[{"damage":0.0,"enemies":"Cultist","floor":1.0,"turns":1.0},{"damage":0.0,"enemies":"2 Louse","floor":2.0,"turns":1.0},{"damage":0.0,"enemies":"Jaw Worm","floor":3.0,"turns":1.0},{"damage":26,"enemies":"3 Sentries","floor":6,"turns":15},{"damage":19,"enemies":"Lagavulin","floor":8,"turns":10},{"damage":0,"enemies":"Looter","floor":10,"turns":3},{"damage":7,"enemies":"Blue Slaver","floor":11,"turns":4},{"damage":13,"enemies":"Gremlin Gang","floor":12,"turns":3}],"seed_played":"-4617168798957124059","potions_obtained":[{"floor":2.0,"key":"GhostInAJar"},{"floor":6,"key":"SmokeBomb"},{"floor":8,"key":"Fruit Juice"},{"floor":10,"key":"EssenceOfSteel"}],"is_trial":false,"path_per_floor":["M","M","M","$","?","E","R","E","T","M","M","M"],"character_chosen":"THE_SILENT","items_purchased":["Dash"],"campfire_rested":0,"item_purchase_floors":[4],"current_hp_per_floor":[59,59,59,59,59,33,33,19,19,19,12,0],"gold":194,"neow_bonus":"THREE_ENEMY_KILL","is_prod":false,"is_daily":false,"chose_seed":false,"campfire_upgraded":1,"win_rate":0,"timestamp":1545718245,"path_taken":["M","?","M","$","?","E","R","E","T","M","?","M"],"build_version":"2018-12-20","purchased_purges":0,"victory":false,"max_hp_per_floor":[66,66,66,66,66,66,66,71,71,71,71,71],"card_choices":[{"not_picked":["Dodge and Roll","Distraction"],"picked":"Backflip","floor":1.0},{"not_picked":["Expertise","Bane"],"picked":"Sucker Punch","floor":2.0},{"not_picked":["Dagger Throw","Backflip"],"picked":"Skewer","floor":3.0},{"not_picked":["Poisoned Stab","Dagger Throw"],"picked":"Malaise","floor":6},{"not_picked":["Dodge and Roll","Outmaneuver"],"picked":"Flechettes","floor":8},{"not_picked":["Dodge and Roll","Sucker Punch","Quick Slash"],"picked":"SKIP","floor":10},{"not_picked":["Flying Knee","Outmaneuver"],"picked":"Dagger Spray","floor":11}],"player_experience":1138678,"relics_obtained":[{"floor":6,"key":"Pen Nib"},{"floor":8,"key":"Unceasing Top"},{"floor":9,"key":"Matryoshka"}],"event_choices":[{"damage_healed":0,"gold_gain":0,"player_choice":"Forge","damage_taken":0,"max_hp_gain":0,"max_hp_loss":0,"event_name":"Accursed Blacksmith","floor":5,"gold_loss":0,"cards_upgraded":["Neutralize"]}],"is_beta":true,"boss_relics":[],"items_purged_floors":[],"is_endless":false,"potions_floor_spawned":[2,6,8,10],"killed_by":"Gremlin Gang","ascension_level":20}