{"gold_per_floor":[119,133,133,146,146,146,179,196,196,196,196,225,243,16,16,92,92,109,74,88,118,92,92,123,123],"floor_reached":25,"playtime":867,"items_purged":[],"score":389,"play_id":"4e359844-b496-43c8-9513-ceedc1cae2c1","local_time":"20180716194205","is_ascension_mode":true,"campfire_choices":[{"data":"Neutralize","floor":6,"key":"SMITH"},{"floor":10,"key":"REST"},{"floor":15,"key":"REST"},{"data":"Sucker Punch","floor":23,"key":"SMITH"}],"neow_cost":"NONE","seed_source_timestamp":684877186121198,"circlet_count":0,"master_deck":["Defend_G","Defend_G","Defend_G","Defend_G","Defend_G+1","Strike_G+1","Strike_G","Strike_G","Strike_G","Strike_G","Survivor","Neutralize+1","AscendersBane","Envenom","All Out Attack","Sucker Punch+1","Cloak And Dagger","Riddle With Holes","Backstab","Deadly Poison","Wraith Form v2+1","Noxious Fumes+1","Glass Knife","Cloak And Dagger","Well Laid Plans+1","Backflip","Night Terror"],"relics":["Ring of the Snake","Frozen Egg 2","Darkstone Periapt","Ninja Scroll","Regal Pillow","Sozu","Tiny Chest","Blue Candle"],"potions_floor_usage":[7,12],"damage_taken":[{"damage":1,"enemies":"2 Louse","floor":1,"turns":6},{"damage":8,"enemies":"Jaw Worm","floor":2,"turns":4},{"damage":0,"enemies":"Small Slimes","floor":4,"turns":3},{"damage":26,"enemies":"3 Sentries","floor":7,"turns":6},{"damage":0,"enemies":"Exordium Wildlife","floor":8,"turns":3},{"damage":12,"enemies":"Lagavulin","floor":12,"turns":5},{"damage":3,"enemies":"Blue Slaver","floor":13,"turns":3},{"damage":13,"enemies":"Hexaghost","floor":16,"turns":9},{"damage":0,"enemies":"3 Byrds","floor":18,"turns":5},{"damage":26,"enemies":"2 Thieves","floor":20,"turns":3},{"damage":26,"enemies":"Book of Stabbing","floor":24,"turns":6},{"damage":13,"enemies":"Centurion and Healer","floor":25,"turns":1}],"seed_played":"-5620045721658091811","potions_obtained":[{"floor":1,"key":"Poison Potion"},{"floor":8,"key":"Strength Potion"},{"floor":12,"key":"Ancient Potion"},{"floor":13,"key":"Fire Potion"}],"is_trial":false,"path_per_floor":["M","M","?","M","?","R","E","M","T","R","?","E","M","$","R","B",null,"M","$","M","?","$","R","E"],"character_chosen":"THE_SILENT","items_purchased":["Noxious Fumes+1","Regal Pillow","Well Laid Plans+1","Backflip"],"campfire_rested":2,"item_purchase_floors":[14,14,19,22],"current_hp_per_floor":[58,50,50,50,37,37,11,11,11,30,35,23,20,20,56,43,64,64,64,38,38,38,38,12,0],"gold":123,"neow_bonus":"ONE_RANDOM_RARE_CARD","is_prod":false,"is_daily":false,"chose_seed":false,"campfire_upgraded":2,"win_rate":0,"timestamp":1531795325,"path_taken":["M","M","?","M","?","R","E","M","T","R","?","E","M","$","R","BOSS","M","$","M","?","?","R","E","M"],"build_version":"2018-07-13","purchased_purges":0,"victory":false,"max_hp_per_floor":[66,66,66,66,66,66,66,66,66,66,71,71,71,71,71,71,71,71,71,71,71,71,71,71,71],"card_choices":[{"not_picked":["Dagger Throw","Quick Slash"],"picked":"All Out Attack","floor":1},{"not_picked":["Prepared","Dodge and Roll"],"picked":"Sucker Punch","floor":2},{"not_picked":["Quick Slash","Dodge and Roll"],"picked":"Cloak And Dagger","floor":4},{"not_picked":["Reflex","Slice"],"picked":"Riddle With Holes","floor":7},{"not_picked":["Dodge and Roll","Acrobatics"],"picked":"Backstab","floor":8},{"not_picked":["Dodge and Roll","Concentrate"],"picked":"Deadly Poison","floor":12},{"not_picked":["Bane","Dagger Throw"],"picked":"Wraith Form v2+1","floor":13},{"not_picked":["Tactician","Bullet Time"],"picked":"Glass Knife","floor":16},{"not_picked":["Underhanded Strike","Outmaneuver"],"picked":"Cloak And Dagger","floor":18},{"not_picked":["Deflect","Prepared","Dodge and Roll"],"picked":"SKIP","floor":20},{"not_picked":["Distraction+1","Doppelganger"],"picked":"Night Terror","floor":24}],"player_experience":838262,"relics_obtained":[{"floor":7,"key":"Frozen Egg 2"},{"floor":9,"key":"Darkstone Periapt"},{"floor":12,"key":"Ninja Scroll"},{"floor":24,"key":"Blue Candle"}],"event_choices":[{"event_name":"Liars Game","player_choice":"disagreed","floor":3,"damage_taken":0},{"event_name":"Shining Light","player_choice":"Entered Light","floor":5,"damage_taken":0},{"event_name":"Big Fish","player_choice":"Donut","floor":11,"damage_taken":0},{"event_name":"The Mausoleum","player_choice":"Yes","floor":21,"damage_taken":0}],"boss_relics":[{"not_picked":["Coffee Dripper","Runic Pyramid"],"picked":"Sozu"}],"items_purged_floors":[],"is_endless":false,"potions_floor_spawned":[1,8,12,13,18],"killed_by":"Centurion and Healer","ascension_level":14}