{"gold_per_floor":[110,30,45,72,72,72,105,105,105,105,126,126,126,140,140,269,269,289,289,289,67,0,31,31,45,45,45,58,58,8,27,27,152,152,165,65,81,414,494,494,522,540,563,593,606,606,632,19,19,19],"floor_reached":51,"playtime":3572,"items_purged":["Strike_G+1","Strike_G+1","Strike_G+1"],"score":1061,"play_id":"cd428b6d-3c7a-425e-b95e-f295bab873c6","local_time":"20190320025357","is_ascension_mode":true,"campfire_choices":[{"data":"Leg Sweep","floor":6,"key":"SMITH"},{"data":"Blur","floor":10,"key":"SMITH"},{"data":"Deadly Poison","floor":12,"key":"SMITH"},{"floor":15,"key":"REST"},{"data":"Noxious Fumes","floor":24,"key":"SMITH"},{"data":"Catalyst","floor":27,"key":"SMITH"},{"data":"Deadly Poison","floor":29,"key":"SMITH"},{"floor":32,"key":"REST"},{"data":"Well Laid Plans","floor":40,"key":"SMITH"},{"floor":46,"key":"REST"},{"floor":49,"key":"REST"}],"neow_cost":"NONE","seed_source_timestamp":220080722968265,"circlet_count":0,"master_deck":["Defend_G+1","Defend_G+1","Defend_G+1","Defend_G+1","Defend_G+1","Strike_G+1","Strike_G+1","Survivor","Neutralize","Leg Sweep+1","Footwork+1","Blur+1","Well Laid Plans+1","Deadly Poison+1","Dodge and Roll","Malaise","Catalyst+1","Noxious Fumes+1","Backflip","Deadly Poison+1","Poisoned Stab","Deflect","Bouncing Flask+1","Tools of the Trade+1","Noxious Fumes+1","Acrobatics+1","PiercingWail+1"],"relics":["Ring of the Snake","Pen Nib","Gambling Chip","PreservedInsect","Snake Skull","Sozu","Bag of Preparation","Frozen Egg 2","Centennial Puzzle","Busted Crown","Ornamental Fan","Ancient Tea Set","Bag of Marbles","Torii","MawBank","Art of War","Chemical X","Vajra"],"potions_floor_usage":[7,7],"damage_taken":[{"damage":0,"enemies":"Cultist","floor":1,"turns":4},{"damage":0,"enemies":"2 Louse","floor":3,"turns":5},{"damage":24,"enemies":"Gremlin Nob","floor":7,"turns":5},{"damage":0,"enemies":"Small Slimes","floor":11,"turns":6},{"damage":4,"enemies":"3 Louse","floor":14,"turns":4},{"damage":17,"enemies":"Slime Boss","floor":16,"turns":19},{"damage":0,"enemies":"3 Byrds","floor":18,"turns":11},{"damage":16,"enemies":"Slavers","floor":23,"turns":6},{"damage":0,"enemies":"Shell Parasite","floor":25,"turns":4},{"damage":0,"enemies":"Cultist and Chosen","floor":28,"turns":5},{"damage":0,"enemies":"Sentry and Sphere","floor":31,"turns":5},{"damage":21,"enemies":"Automaton","floor":33,"turns":8},{"damage":0,"enemies":"Orb Walker","floor":35,"turns":4},{"damage":7,"enemies":"3 Shapes","floor":37,"turns":3},{"damage":0,"enemies":"Giant Head","floor":41,"turns":5},{"damage":0,"enemies":"Spire Growth","floor":42,"turns":4},{"damage":44,"enemies":"Reptomancer","floor":44,"turns":4},{"damage":0,"enemies":"Transient","floor":45,"turns":5},{"damage":6,"enemies":"Giant Head","floor":47,"turns":6},{"damage":2,"enemies":"Awakened One","floor":50,"turns":14}],"seed_played":"2539178464209193921","potions_obtained":[{"floor":1,"key":"FearPotion"},{"floor":3,"key":"LiquidBronze"}],"is_trial":false,"path_per_floor":["M","$","M","T","?","R","E","?","T","R","M","R","?","M","R","B",null,"M","?","?","$","?","E","R","M","T","R","M","R","$","M","R","B",null,"M","$","M","?","T","R","E","M","T","E","M","R","E","$","R","B",null],"character_chosen":"THE_SILENT","items_purchased":["Footwork","Bag of Preparation","Deflect","Art of War","Chemical X","Vajra"],"campfire_rested":4,"item_purchase_floors":[2,21,30,48,48,48],"current_hp_per_floor":[70,70,70,70,70,70,46,46,46,46,46,46,34,30,51,34,62,62,62,62,62,62,46,46,46,46,46,46,46,46,46,67,46,65,65,65,58,58,58,58,58,58,58,14,14,35,29,29,50,48],"gold":19,"neow_bonus":"TEN_PERCENT_HP_BONUS","is_prod":false,"is_daily":false,"chose_seed":false,"campfire_upgraded":7,"win_rate":0,"timestamp":1553046837,"path_taken":["M","$","M","?","?","R","E","?","T","R","M","R","?","M","R","BOSS","M","?","?","$","?","E","R","M","T","R","M","R","$","M","R","BOSS","M","$","M","?","?","R","E","M","T","E","M","R","E","$","R","BOSS"],"build_version":"2019-03-15","purchased_purges":3,"victory":true,"max_hp_per_floor":[77,77,77,77,71,71,71,71,71,71,71,71,71,71,71,71,71,71,71,71,71,71,71,71,71,71,71,71,71,71,71,71,71,71,71,71,71,71,71,71,71,71,71,71,71,71,71,71,71,71],"card_choices":[{"not_picked":["Terror","Sucker Punch"],"picked":"Leg Sweep","floor":1},{"not_picked":["Slice","Flying Knee"],"picked":"Blur","floor":3},{"not_picked":["Masterful Stab","Distraction"],"picked":"Well Laid Plans","floor":7},{"not_picked":["Quick Slash","Poisoned Stab"],"picked":"Deadly Poison","floor":11},{"not_picked":["Poisoned Stab","Masterful Stab"],"picked":"Dodge and Roll","floor":14},{"not_picked":["Bullet Time","Corpse Explosion"],"picked":"Malaise","floor":16},{"not_picked":["Riddle With Holes","Cloak And Dagger+1"],"picked":"Catalyst","floor":18},{"not_picked":["Infinite Blades","Slice"],"picked":"Backflip","floor":23},{"not_picked":["Blade Dance","Flying Knee"],"picked":"Deadly Poison","floor":25},{"not_picked":["Prepared","PiercingWail"],"picked":"Poisoned Stab","floor":28},{"not_picked":["Poisoned Stab","Skewer"],"picked":"Bouncing Flask+1","floor":31},{"not_picked":["Glass Knife","Storm of Steel"],"picked":"Tools of the Trade+1","floor":33},{"not_picked":[],"picked":"Noxious Fumes+1","floor":35},{"not_picked":[],"picked":"Acrobatics+1","floor":37},{"not_picked":[],"picked":"PiercingWail+1","floor":41},{"not_picked":["Masterful Stab+1"],"picked":"SKIP","floor":42},{"not_picked":["Sucker Punch+1"],"picked":"SKIP","floor":44},{"not_picked":["Sucker Punch+1"],"picked":"SKIP","floor":45},{"not_picked":["Setup+1"],"picked":"SKIP","floor":47}],"player_experience":345932,"relics_obtained":[{"floor":4,"key":"Pen Nib"},{"floor":7,"key":"Gambling Chip"},{"floor":9,"key":"PreservedInsect"},{"floor":23,"key":"Frozen Egg 2"},{"floor":26,"key":"Centennial Puzzle"},{"floor":39,"key":"Ornamental Fan"},{"floor":41,"key":"Ancient Tea Set"},{"floor":43,"key":"Bag of Marbles"},{"floor":44,"key":"Torii"},{"floor":47,"key":"MawBank"}],"event_choices":[{"damage_healed":0,"gold_gain":0,"player_choice":"Lose Max HP","damage_taken":0,"relics_obtained":["Golden Idol"],"max_hp_gain":0,"max_hp_loss":6,"event_name":"Golden Idol","floor":5,"gold_loss":0},{"damage_healed":0,"gold_gain":0,"player_choice":"Grow","damage_taken":0,"max_hp_gain":0,"max_hp_loss":0,"event_name":"Living Wall","floor":8,"gold_loss":0,"cards_upgraded":["Footwork"]},{"damage_healed":0,"gold_gain":0,"player_choice":"Success","damage_taken":12,"relics_obtained":["Snake Skull"],"max_hp_gain":0,"max_hp_loss":0,"event_name":"Scrap Ooze","floor":13,"gold_loss":0},{"damage_healed":0,"gold_gain":0,"player_choice":"Read","damage_taken":0,"max_hp_gain":0,"max_hp_loss":0,"event_name":"The Library","floor":19,"gold_loss":0,"cards_obtained":["Noxious Fumes"]},{"damage_healed":0,"gold_gain":0,"player_choice":"Simplicity","damage_taken":0,"max_hp_gain":0,"max_hp_loss":0,"event_name":"Back to Basics","floor":20,"gold_loss":0,"cards_upgraded":["Defend_G","Defend_G","Defend_G","Defend_G","Defend_G","Strike_G","Strike_G","Strike_G","Strike_G","Strike_G"]},{"damage_healed":0,"gold_gain":0,"player_choice":"Paid Fearfully","damage_taken":0,"max_hp_gain":0,"max_hp_loss":0,"event_name":"Masked Bandits","floor":22,"gold_loss":67},{"damage_healed":0,"gold_gain":333,"player_choice":"Gave Idol","damage_taken":0,"max_hp_gain":0,"max_hp_loss":0,"event_name":"The Moai Head","floor":38,"relics_lost":["Golden Idol"],"gold_loss":0}],"is_beta":true,"boss_relics":[{"not_picked":["Calling Bell","HoveringKite"],"picked":"Sozu"},{"not_picked":["Philosopher\u0027s Stone","Runic Dome"],"picked":"Busted Crown"}],"items_purged_floors":[21,36,48],"is_endless":false,"potions_floor_spawned":[1,3,18,25,31,44,45],"ascension_level":7}