{"gold_per_floor":[110,129,149,35,35,35,35,55,55,55,55,79,79,0,0,124,124,140,161,161,260,175,175,216,216,216,231,245,44,87,101,101,224,224,245,145,159,179,193,193,249,284,333,354,354,374,374,374,374,374],"floor_reached":51,"playtime":4451,"items_purged":["Strike_G","Strike_G"],"score":946,"play_id":"3bc35d1c-8fea-410c-beb5-1000da7b7e46","local_time":"20190318025713","is_ascension_mode":true,"campfire_choices":[{"data":"Crippling Poison","floor":7,"key":"SMITH"},{"data":"Tools of the Trade","floor":10,"key":"SMITH"},{"data":"Cloak And Dagger","floor":15,"key":"SMITH"},{"floor":23,"key":"REST"},{"floor":25,"key":"REST"},{"floor":32,"key":"REST"},{"floor":40,"key":"REST"},{"data":"Strike_G","floor":45,"key":"PURGE"},{"data":"Acrobatics","floor":47,"key":"PURGE"},{"floor":49,"key":"REST"}],"neow_cost":"NONE","seed_source_timestamp":46607181518388,"circlet_count":0,"master_deck":["Defend_G","Defend_G","Defend_G","Defend_G","Survivor","Neutralize+1","Crippling Poison+1","Cloak And Dagger+1","Footwork+1","Tools of the Trade+1","Distraction+1","Leg Sweep+1","Die Die Die","Dagger Spray+1","Blur+1","J.A.X.+1","Footwork+1","Dash+1","Infinite Blades+1","Dagger Throw+1","Phantasmal Killer+1","Blade Dance+1","Noxious Fumes","Calculated Gamble+1","Outmaneuver+1","Acrobatics+1","Prepared+1"],"relics":["Ring of the Snake","Golden Idol","Toxic Egg 2","Ninja Scroll","Fusion Hammer","Paper Crane","Thread and Needle","Dodecahedron","TwistedFunnel","Ornamental Fan","Empty Cage","Ginger","Peace Pipe","Bag of Marbles"],"potions_floor_usage":[2,12,16,30,33,42,50,50,50],"damage_taken":[{"damage":6,"enemies":"Cultist","floor":1,"turns":5},{"damage":2,"enemies":"Small Slimes","floor":2,"turns":3},{"damage":3,"enemies":"2 Louse","floor":3,"turns":3},{"damage":1,"enemies":"Blue Slaver","floor":8,"turns":5},{"damage":5,"enemies":"Large Slime","floor":12,"turns":8},{"damage":15,"enemies":"Hexaghost","floor":16,"turns":15},{"damage":8,"enemies":"2 Thieves","floor":18,"turns":3},{"damage":0,"enemies":"Spheric Guardian","floor":19,"turns":3},{"damage":7,"enemies":"Gremlin Leader","floor":24,"turns":6},{"damage":3,"enemies":"Centurion and Healer","floor":27,"turns":4},{"damage":3,"enemies":"Snecko","floor":28,"turns":4},{"damage":10,"enemies":"Slavers","floor":30,"turns":4},{"damage":3,"enemies":"Shelled Parasite and Fungi","floor":31,"turns":6},{"damage":9,"enemies":"Champ","floor":33,"turns":12},{"damage":3,"enemies":"Orb Walker","floor":35,"turns":3},{"damage":0,"enemies":"3 Darklings","floor":37,"turns":4},{"damage":0,"enemies":"Transient","floor":38,"turns":5},{"damage":3,"enemies":"Sphere and 2 Shapes","floor":39,"turns":6},{"damage":3,"enemies":"2 Orb Walkers","floor":41,"turns":4},{"damage":5,"enemies":"Reptomancer","floor":42,"turns":5},{"damage":0,"enemies":"4 Shapes","floor":44,"turns":5},{"damage":6,"enemies":"Writhing Mass","floor":46,"turns":7},{"damage":12,"enemies":"Awakened One","floor":50,"turns":13}],"seed_played":"3942382903954818160","potions_obtained":[{"floor":1,"key":"SkillPotion"},{"floor":8,"key":"Poison Potion"},{"floor":12,"key":"SteroidPotion"},{"floor":18,"key":"Dexterity Potion"},{"floor":30,"key":"FearPotion"},{"floor":33,"key":"PowerPotion"},{"floor":35,"key":"Poison Potion"},{"floor":39,"key":"Dexterity Potion"},{"floor":46,"key":"Ancient Potion"}],"is_trial":false,"path_per_floor":["M","M","M","$","?","?","R","M","T","R","?","M","?","$","R","B",null,"M","M","?","?","?","R","E","R","T","M","M","$","E","M","R","B",null,"M","$","M","M","M","R","?","E","T","M","R","M","R","?","R","B",null],"character_chosen":"THE_SILENT","items_purchased":["Footwork","Leg Sweep+1","TwistedFunnel"],"campfire_rested":5,"item_purchase_floors":[4,14,29],"current_hp_per_floor":[71,69,66,66,66,66,66,65,65,65,47,42,42,42,42,27,60,52,52,52,52,52,71,64,71,71,68,65,65,55,52,71,62,69,66,66,66,66,63,71,68,63,63,63,63,57,57,57,71,59],"gold":374,"neow_bonus":"TEN_PERCENT_HP_BONUS","is_prod":false,"is_daily":false,"chose_seed":false,"campfire_upgraded":3,"win_rate":0,"timestamp":1552874233,"path_taken":["M","M","M","$","?","?","R","?","T","R","?","M","?","?","R","BOSS","M","M","?","?","?","R","E","R","T","M","M","$","E","M","R","BOSS","M","$","M","M","M","R","?","E","T","M","R","M","R","?","R","BOSS"],"build_version":"2019-03-15","purchased_purges":2,"victory":true,"max_hp_per_floor":[77,77,77,77,71,71,71,71,71,71,71,71,71,71,71,71,71,71,71,71,71,71,71,71,71,71,71,71,71,71,71,71,71,71,71,71,71,71,71,71,71,71,71,71,71,71,71,71,71,71],"card_choices":[{"not_picked":["Reflex","Cloak And Dagger"],"picked":"Crippling Poison","floor":1},{"not_picked":["Sucker Punch","Blade Dance"],"picked":"Cloak And Dagger","floor":2},{"not_picked":["Calculated Gamble","Concentrate"],"picked":"Acrobatics","floor":3},{"not_picked":["Deadly Poison","Backflip"],"picked":"Tools of the Trade","floor":8},{"not_picked":["Sucker Punch","Choke"],"picked":"Distraction+1","floor":12},{"not_picked":["Doppelganger+1","Bullet Time+1"],"picked":"Die Die Die","floor":16},{"not_picked":["Cloak And Dagger+1","Distraction+1"],"picked":"Dagger Spray+1","floor":18},{"not_picked":["Bane+1","Deadly Poison+1"],"picked":"Blur+1","floor":19},{"not_picked":["Cloak And Dagger+1","Blur+1"],"picked":"Footwork+1","floor":24},{"not_picked":["All Out Attack","Sucker Punch+1"],"picked":"Dash+1","floor":27},{"not_picked":["Outmaneuver+1","Predator"],"picked":"Infinite Blades+1","floor":28},{"not_picked":["Blade Dance+1","Heel Hook+1","Finisher"],"picked":"SKIP","floor":30},{"not_picked":["Prepared+1","Sucker Punch"],"picked":"Dagger Throw+1","floor":31},{"not_picked":["Wraith Form v2","A Thousand Cuts"],"picked":"Phantasmal Killer+1","floor":33},{"not_picked":["Calculated Gamble+1","Dagger Throw"],"picked":"Blade Dance+1","floor":35},{"not_picked":["Leg Sweep+1","Choke+1"],"picked":"Noxious Fumes","floor":37},{"not_picked":["Noxious Fumes","PiercingWail+1"],"picked":"Calculated Gamble+1","floor":38},{"not_picked":["Slice+1","Cloak And Dagger+1"],"picked":"Outmaneuver+1","floor":39},{"not_picked":["Slice","Dagger Throw+1"],"picked":"Acrobatics+1","floor":42},{"not_picked":["Cloak And Dagger+1","Slice"],"picked":"Prepared+1","floor":44},{"not_picked":["Blade Dance+1","Acrobatics+1","Flying Knee"],"picked":"SKIP","floor":46}],"player_experience":307888,"relics_obtained":[{"floor":9,"key":"Toxic Egg 2"},{"floor":24,"key":"Thread and Needle"},{"floor":26,"key":"Dodecahedron"},{"floor":30,"key":"Ornamental Fan"},{"floor":41,"key":"Ginger"},{"floor":42,"key":"Peace Pipe"},{"floor":43,"key":"Bag of Marbles"}],"event_choices":[{"damage_healed":0,"gold_gain":0,"player_choice":"Lose Max HP","damage_taken":0,"relics_obtained":["Golden Idol"],"max_hp_gain":0,"max_hp_loss":6,"event_name":"Golden Idol","floor":5,"gold_loss":0},{"damage_healed":0,"gold_gain":0,"player_choice":"Forge","damage_taken":0,"max_hp_gain":0,"max_hp_loss":0,"event_name":"Accursed Blacksmith","floor":6,"gold_loss":0,"cards_upgraded":["Neutralize"]},{"damage_healed":0,"gold_gain":0,"player_choice":"Success","damage_taken":18,"relics_obtained":["Ninja Scroll"],"max_hp_gain":0,"max_hp_loss":0,"event_name":"Scrap Ooze","floor":11,"gold_loss":0},{"damage_healed":0,"gold_gain":0,"player_choice":"Grow","damage_taken":0,"max_hp_gain":0,"max_hp_loss":0,"event_name":"Living Wall","floor":13,"gold_loss":0,"cards_upgraded":["Footwork"]},{"damage_healed":0,"gold_gain":0,"player_choice":"Obtain J.A.X.","damage_taken":0,"max_hp_gain":0,"max_hp_loss":0,"event_name":"Drug Dealer","floor":20,"gold_loss":0,"cards_obtained":["J.A.X."]},{"damage_healed":0,"gold_gain":99,"player_choice":"Stole From Cult","damage_taken":0,"max_hp_gain":0,"max_hp_loss":0,"event_name":"Nest","floor":21,"gold_loss":0},{"damage_healed":0,"gold_gain":0,"player_choice":"Obtained Relic","damage_taken":0,"relics_obtained":["Paper Crane"],"max_hp_gain":0,"max_hp_loss":0,"event_name":"Addict","floor":22,"gold_loss":85},{"damage_healed":0,"gold_gain":0,"player_choice":"Fight","damage_taken":0,"max_hp_gain":0,"max_hp_loss":0,"event_name":"Mysterious Sphere","floor":41,"gold_loss":0},{"cards_removed":["Defend_G"],"damage_healed":0,"gold_gain":0,"player_choice":"Purged","damage_taken":0,"max_hp_gain":0,"max_hp_loss":0,"event_name":"Purifier","floor":48,"gold_loss":0}],"is_beta":true,"boss_relics":[{"not_picked":["Snecko Eye","Calling Bell"],"picked":"Fusion Hammer"},{"not_picked":["Velvet Choker","HoveringKite"],"picked":"Empty Cage"}],"items_purged_floors":[4,36],"is_endless":false,"potions_floor_spawned":[1,8,12,18,30,33,35,39,46],"ascension_level":5}