{"gold_per_floor":[109,109,129,150,166,197,197,197,224,262,286,329,360,373,373,502,502,525,254,254,254,6,6,50,50,50,0,0,0,23,48,48,174,174,195,52,65,79,103,103,147,147,198,198,198,223,254,254,254,254,254,254,34,34],"floor_reached":54,"playtime":3863,"items_purged":["Strike_B","Defend_B","Doubt"],"score":804,"play_id":"e216c660-1133-447f-a6fb-aae7ce0c3574","local_time":"20190915234935","is_ascension_mode":true,"campfire_choices":[{"floor":8.0,"key":"RECALL"},{"floor":15.0,"key":"REST"},{"data":"Chill","floor":23.0,"key":"SMITH"},{"floor":28.0,"key":"REST"},{"floor":32.0,"key":"REST"},{"floor":40.0,"key":"REST"},{"floor":42.0,"key":"REST"},{"floor":45,"key":"REST"},{"floor":49,"key":"REST"},{"data":"Panacea","floor":52,"key":"SMITH"}],"neow_cost":"NONE","seed_source_timestamp":119210423917900,"circlet_count":0,"master_deck":["Defend_B","Defend_B","Zap","Dualcast","Cold Snap","Ball Lightning+1","Conserve Battery","Gash","Melter","Cold Snap","Lockon+1","Chill+1","Skim","Streamline","Double Energy","Electrodynamics","FTL+1","Gash+1","Capacitor+1","Tempest","Panache","RitualDagger","Reboot","Glacier","Gash","Clumsy","Hyperbeam","Ball Lightning","Coolheaded","Capacitor","Biased Cognition","Heatsinks+1","White Noise","Seek","Panacea+1","Madness","Secret Technique","Double Energy+1","Tempest+1","Multi-Cast","Compile Driver","Enlightenment"],"special_seed":0,"relics":["SacredBark","Golden Idol","Ancient Tea Set","Vajra","Dream Catcher","Calipers","Odd Mushroom","Astrolabe","Bronze Scales","Singing Bowl","Whetstone","Cursed Key","Runic Capacitor","Potion Belt","Ornamental Fan"],"potions_floor_usage":[50],"damage_taken":[{"damage":7.0,"enemies":"2 Louse","floor":1.0,"turns":3.0},{"damage":0.0,"enemies":"Small Slimes","floor":3.0,"turns":3.0},{"damage":0.0,"enemies":"Jaw Worm","floor":4.0,"turns":4.0},{"damage":6.0,"enemies":"2 Fungi Beasts","floor":5.0,"turns":5.0},{"damage":6.0,"enemies":"Lagavulin","floor":6.0,"turns":4.0},{"damage":1.0,"enemies":"Gremlin Nob","floor":10.0,"turns":3.0},{"damage":15.0,"enemies":"3 Louse","floor":11.0,"turns":3.0},{"damage":7.0,"enemies":"Lagavulin","floor":12.0,"turns":5.0},{"damage":11.0,"enemies":"The Mushroom Lair","floor":13.0,"turns":5.0},{"damage":5.0,"enemies":"Red Slaver","floor":14.0,"turns":3.0},{"damage":19.0,"enemies":"Slime Boss","floor":16.0,"turns":10.0},{"damage":0.0,"enemies":"Spheric Guardian","floor":18.0,"turns":2.0},{"damage":47.0,"enemies":"Slavers","floor":24.0,"turns":5.0},{"damage":5.0,"enemies":"Chosen","floor":30.0,"turns":4.0},{"damage":7.0,"enemies":"3 Cultists","floor":31.0,"turns":3.0},{"damage":19.0,"enemies":"Collector","floor":33.0,"turns":6.0},{"damage":12.0,"enemies":"Orb Walker","floor":35.0,"turns":3.0},{"damage":20.0,"enemies":"3 Shapes","floor":37.0,"turns":3.0},{"damage":24.0,"enemies":"Maw","floor":38.0,"turns":7.0},{"damage":18.0,"enemies":"4 Shapes","floor":39.0,"turns":4.0},{"damage":25.0,"enemies":"Reptomancer","floor":41.0,"turns":5.0},{"damage":0,"enemies":"Sphere and 2 Shapes","floor":46,"turns":3},{"damage":28,"enemies":"Nemesis","floor":47,"turns":6},{"damage":20,"enemies":"Donu and Deca","floor":50,"turns":7},{"damage":148,"enemies":"Shield and Spear","floor":54,"turns":6}],"seed_played":"-5729200361003388153","potions_obtained":[{"floor":3.0,"key":"Poison Potion"},{"floor":5.0,"key":"Weak Potion"},{"floor":6.0,"key":"FearPotion"},{"floor":11.0,"key":"Dexterity Potion"},{"floor":16.0,"key":"Swift Potion"},{"floor":30.0,"key":"FocusPotion"},{"floor":31.0,"key":"SneckoOil"},{"floor":33.0,"key":"FairyPotion"},{"floor":35.0,"key":"Ancient Potion"},{"floor":38.0,"key":"SkillPotion"},{"floor":47,"key":"Energy Potion"}],"is_trial":false,"path_per_floor":["M","?","M","M","M","E","?","R","T","E","M","E","?","M","R","B",null,"M","$","?","?","$","R","E","?","T","?","R","?","M","M","R","B",null,"M","$","M","M","M","R","E","R","T","?","R","M","E","?","R","B",null,"R","$","E"],"character_chosen":"DEFECT","items_purchased":["Panache","Reboot","Runic Capacitor","Enlightenment"],"campfire_rested":7,"item_purchase_floors":[19,22,36,53],"current_hp_per_floor":[68,68,68,68,62,56,49,49,49,48,33,26,15,10,30,11,69,69,69,69,63,63,63,16,16,16,16,36,36,33,26,47,28,71,59,59,41,19,3,26,1,26,26,16,41,41,13,13,39,19,83,83,83,0],"gold":34,"neow_bonus":"BOSS_RELIC","is_prod":false,"is_daily":false,"chose_seed":false,"campfire_upgraded":2,"win_rate":0,"timestamp":1568562575,"path_taken":["M","?","M","M","M","E","?","R","T","E","M","E","?","M","R","BOSS","M","$","?","?","$","R","E","?","T","?","R","?","M","?","R","BOSS","M","?","M","?","M","R","E","R","T","?","R","M","E","?","R","BOSS","R","$","E"],"build_version":"2019-09-12","purchased_purges":3,"victory":false,"max_hp_per_floor":[75,69,69,69,69,69,69,69,69,69,69,69,69,69,69,69,69,69,69,69,69,69,69,69,69,69,69,69,69,71,71,71,71,71,71,71,73,75,77,77,77,79,79,79,81,81,81,81,83,83,83,83,83,83],"card_choices":[{"not_picked":["Beam Cell","Heatsinks"],"picked":"Cold Snap","floor":1.0},{"not_picked":["Steam","Force Field"],"picked":"Ball Lightning","floor":3.0},{"not_picked":["Scrape","Rebound"],"picked":"Conserve Battery","floor":4.0},{"not_picked":["Steam","Barrage"],"picked":"Gash","floor":5.0},{"not_picked":["Ball Lightning","Double Energy"],"picked":"Melter","floor":6.0},{"not_picked":["Redo","Rip and Tear"],"picked":"Cold Snap","floor":10.0},{"not_picked":["Tempest","Static Discharge"],"picked":"Lockon","floor":11.0},{"not_picked":["Leap","Cold Snap"],"picked":"Chill","floor":12.0},{"not_picked":["Tempest","Steam Power"],"picked":"Skim","floor":13.0},{"not_picked":["Cold Snap","Barrage"],"picked":"Streamline","floor":14.0},{"not_picked":["Undo","Leap"],"picked":"Double Energy","floor":15.0},{"not_picked":["Amplify","Biased Cognition"],"picked":"Electrodynamics","floor":16.0},{"not_picked":["Ball Lightning","Doom and Gloom"],"picked":"Tempest","floor":18.0},{"not_picked":["Stack","Redo"],"picked":"Glacier","floor":24.0},{"not_picked":["Double Energy+1","Capacitor"],"picked":"Gash","floor":28.0},{"not_picked":["Leap+1","Go for the Eyes+1","Stack"],"picked":"Singing Bowl","floor":30.0},{"not_picked":["Cold Snap","Lockon"],"picked":"Coolheaded","floor":31.0},{"not_picked":["Leap","Redo"],"picked":"Capacitor","floor":32.0},{"not_picked":["Machine Learning","Reboot"],"picked":"Biased Cognition","floor":33.0},{"not_picked":["Gash","Go for the Eyes+1"],"picked":"Heatsinks+1","floor":35.0},{"not_picked":["Hologram+1","Glacier+1","Ball Lightning+1"],"picked":"Singing Bowl","floor":37.0},{"not_picked":["Redo","Barrage+1","Doom and Gloom"],"picked":"Singing Bowl","floor":38.0},{"not_picked":["Auto Shields+1","Sweeping Beam+1","Ball Lightning+1"],"picked":"Singing Bowl","floor":39.0},{"not_picked":["Doom and Gloom+1","Ball Lightning+1"],"picked":"White Noise","floor":40.0},{"not_picked":["Cold Snap+1","Aggregate+1"],"picked":"Seek","floor":41.0},{"not_picked":["Aggregate","Scrape","Leap"],"picked":"Singing Bowl","floor":42.0},{"not_picked":["Jack Of All Trades","Secret Weapon"],"picked":"Panacea","floor":44},{"not_picked":["Deep Breath","Discovery"],"picked":"Madness","floor":44},{"not_picked":["Forethought","Bandage Up"],"picked":"Secret Technique","floor":44},{"not_picked":["White Noise+1","Ball Lightning+1","Go for the Eyes+1"],"picked":"Singing Bowl","floor":45},{"not_picked":["Streamline","Steam Power"],"picked":"Double Energy+1","floor":46},{"not_picked":["Aggregate+1","Cold Snap"],"picked":"Tempest+1","floor":47},{"not_picked":["Hologram+1","Chaos+1","Compile Driver"],"picked":"Singing Bowl","floor":49}],"player_experience":144321,"relics_obtained":[{"floor":6.0,"key":"Ancient Tea Set"},{"floor":9.0,"key":"Vajra"},{"floor":10.0,"key":"Dream Catcher"},{"floor":12.0,"key":"Calipers"},{"floor":13.0,"key":"Odd Mushroom"},{"floor":24.0,"key":"Singing Bowl"},{"floor":26.0,"key":"Whetstone"},{"floor":41.0,"key":"Potion Belt"},{"floor":47,"key":"Ornamental Fan"}],"event_choices":[{"damage_healed":0.0,"max_hp_gain":0.0,"max_hp_loss":6.0,"gold_gain":0.0,"event_name":"Golden Idol","player_choice":"Lose Max HP","floor":2.0,"gold_loss":0.0,"damage_taken":0.0,"relics_obtained":["Golden Idol"]},{"cards_removed":["Strike_B"],"damage_healed":0.0,"max_hp_gain":0.0,"max_hp_loss":0.0,"gold_gain":0.0,"event_name":"Golden Wing","player_choice":"Card Removal","floor":7.0,"gold_loss":0.0,"damage_taken":7.0},{"damage_healed":0.0,"max_hp_gain":0.0,"max_hp_loss":0.0,"gold_gain":0.0,"event_name":"Mushrooms","player_choice":"Fought Mushrooms","floor":13.0,"gold_loss":0.0,"damage_taken":0.0},{"damage_healed":0.0,"max_hp_gain":0.0,"max_hp_loss":0.0,"gold_gain":0.0,"event_name":"The Mausoleum","player_choice":"Opened","floor":20.0,"gold_loss":0.0,"damage_taken":0.0,"relics_obtained":["Bronze Scales"]},{"damage_healed":0.0,"max_hp_gain":0.0,"max_hp_loss":0.0,"gold_gain":0.0,"event_name":"Nest","player_choice":"Joined the Cult","floor":21.0,"gold_loss":0.0,"damage_taken":6.0,"cards_obtained":["RitualDagger"]},{"damage_healed":0.0,"max_hp_gain":0.0,"max_hp_loss":0.0,"gold_gain":0.0,"event_name":"Masked Bandits","player_choice":"Paid Fearfully","floor":27.0,"gold_loss":50.0,"damage_taken":0.0},{"damage_healed":0.0,"max_hp_gain":0.0,"max_hp_loss":0.0,"gold_gain":0.0,"event_name":"Match and Keep!","player_choice":"3 cards matched","floor":29.0,"gold_loss":0.0,"damage_taken":0.0,"cards_obtained":["Clumsy","Hyperbeam","Ball Lightning"]},{"damage_healed":0,"gold_gain":0,"player_choice":"Memory 3","damage_taken":10,"max_hp_gain":0,"max_hp_loss":0,"event_name":"SensoryStone","floor":44,"gold_loss":0},{"damage_healed":0,"gold_gain":0,"player_choice":"2 cards matched","damage_taken":0,"max_hp_gain":0,"max_hp_loss":0,"event_name":"Match and Keep!","floor":48,"gold_loss":0,"cards_obtained":["Multi-Cast","Compile Driver"]}],"is_beta":true,"boss_relics":[{"not_picked":["Coffee Dripper","SlaversCollar"],"picked":"Astrolabe"},{"not_picked":["Nuclear Battery","Tiny House"],"picked":"Cursed Key"}],"items_purged_floors":[19,22,53],"is_endless":false,"potions_floor_spawned":[3,5,6,11,16,30,31,33,35,38,47],"killed_by":"Shield and Spear","ascension_level":2}