{"gold_per_floor":[114,114,114,114,124,124,189,189,213,227,227,15,36,186,186,186],"floor_reached":16,"playtime":944,"items_purged":[],"score":178,"play_id":"99194162-d796-4673-8fc5-22079c6fdda7","local_time":"20190219142847","is_ascension_mode":true,"campfire_choices":[{"floor":6,"key":"REST"},{"floor":11,"key":"REST"},{"floor":15,"key":"REST"}],"neow_cost":"PERCENT_DAMAGE","seed_source_timestamp":3948613095190,"circlet_count":0,"master_deck":["AscendersBane","Defend_G","Defend_G","Defend_G","Defend_G","Strike_G","Strike_G","Strike_G","Strike_G","Survivor","Neutralize","Reflex","Regret","Choke","Deadly Poison","Apotheosis","Infinite Blades","Doubt"],"relics":["Ring of the Snake","Nunchaku","Centennial Puzzle","Tiny Chest","Anchor","Strawberry","Odd Mushroom"],"potions_floor_usage":[13,16,16],"damage_taken":[{"damage":0,"enemies":"Cultist","floor":1,"turns":5},{"damage":7,"enemies":"Small Slimes","floor":5,"turns":6},{"damage":37,"enemies":"3 Sentries","floor":7,"turns":12},{"damage":3,"enemies":"2 Louse","floor":10,"turns":3},{"damage":17,"enemies":"The Mushroom Lair","floor":13,"turns":4},{"damage":41,"enemies":"Slime Boss","floor":16,"turns":6}],"seed_played":"2290136229537672698","potions_obtained":[{"floor":7,"key":"PowerPotion"},{"floor":10,"key":"Strength Potion"},{"floor":13,"key":"SkillPotion"}],"is_trial":false,"path_per_floor":["M","?","?","?","M","R","E","T","T","M","R","$","?","?","R","B"],"character_chosen":"THE_SILENT","items_purchased":["Apotheosis"],"campfire_rested":3,"item_purchase_floors":[12],"current_hp_per_floor":[44,44,44,37,30,49,12,12,19,16,37,37,20,20,41,0],"gold":186,"neow_bonus":"ONE_RARE_RELIC","is_prod":false,"is_daily":false,"chose_seed":false,"campfire_upgraded":0,"win_rate":0,"timestamp":1550604527,"path_taken":["M","?","?","?","M","R","E","?","T","?","R","$","?","?","R","BOSS"],"build_version":"2019-01-23","purchased_purges":0,"victory":false,"max_hp_per_floor":[66,66,66,66,66,66,66,66,73,73,73,73,73,73,73,73],"card_choices":[{"not_picked":["Deflect","Prepared"],"picked":"Reflex","floor":1},{"not_picked":["PiercingWail","Poisoned Stab"],"picked":"Choke","floor":5},{"not_picked":["Endless Agony","Quick Slash","Sucker Punch"],"picked":"SKIP","floor":7},{"not_picked":["Dagger Spray","Backstab"],"picked":"Deadly Poison","floor":10},{"not_picked":["Dagger Throw","Quick Slash"],"picked":"Infinite Blades","floor":13}],"player_experience":327954,"relics_obtained":[{"floor":7,"key":"Tiny Chest"},{"floor":8,"key":"Anchor"},{"floor":9,"key":"Strawberry"},{"floor":13,"key":"Odd Mushroom"}],"event_choices":[{"cards_removed":["Strike_G"],"damage_healed":0,"gold_gain":0,"player_choice":"Forget","damage_taken":0,"max_hp_gain":0,"max_hp_loss":0,"event_name":"Living Wall","floor":2,"gold_loss":0},{"damage_healed":0,"gold_gain":0,"player_choice":"Box","damage_taken":0,"relics_obtained":["Centennial Puzzle"],"max_hp_gain":0,"max_hp_loss":0,"event_name":"Big Fish","floor":3,"gold_loss":0,"cards_obtained":["Regret"]},{"cards_removed":["Defend_G"],"damage_healed":0,"gold_gain":0,"player_choice":"Card Removal","damage_taken":7,"max_hp_gain":0,"max_hp_loss":0,"event_name":"Golden Wing","floor":4,"gold_loss":0},{"damage_healed":0,"gold_gain":0,"player_choice":"Fought Mushrooms","damage_taken":0,"max_hp_gain":0,"max_hp_loss":0,"event_name":"Mushrooms","floor":13,"gold_loss":0},{"damage_healed":0,"gold_gain":150,"player_choice":"AGREE","damage_taken":0,"max_hp_gain":0,"max_hp_loss":0,"event_name":"Liars Game","floor":14,"gold_loss":0,"cards_obtained":["Doubt"]}],"is_beta":false,"boss_relics":[],"items_purged_floors":[],"is_endless":false,"potions_floor_spawned":[7,10,13],"killed_by":"Slime Boss","ascension_level":17}