{"gold_per_floor":[209,384,80,96,113,113,113,113,113,63,63,78,78,78,78,175,175,193,174,174],"floor_reached":20,"playtime":816,"items_purged":["Doubt"],"score":162,"play_id":"08a3aa3c-a676-4e91-8fdc-e97f90592a15","local_time":"20190917001445","is_ascension_mode":false,"campfire_choices":[{"data":"Neutralize","floor":6.0,"key":"SMITH"},{"data":"Backflip","floor":8.0,"key":"SMITH"},{"data":"Backflip","floor":11.0,"key":"SMITH"},{"data":"Survivor","floor":13.0,"key":"SMITH"},{"floor":15.0,"key":"REST"}],"neow_cost":"NONE","seed_source_timestamp":396305885278200,"circlet_count":0,"master_deck":["Strike_G","Strike_G","Strike_G","Strike_G","Strike_G","Defend_G","Defend_G","Defend_G","Defend_G","Survivor+1","Neutralize+1","Backflip+1","Backstab","Backflip+1","Accuracy","Dagger Throw","Well Laid Plans","Envenom","Underhanded Strike"],"special_seed":0,"relics":["Ring of the Snake","MealTicket","Prayer Wheel","Tough Bandages","Snecko Eye"],"potions_floor_usage":[18],"damage_taken":[{"damage":0.0,"enemies":"Small Slimes","floor":1.0,"turns":4.0},{"damage":0.0,"enemies":"2 Louse","floor":4.0,"turns":1.0},{"damage":0.0,"enemies":"Cultist","floor":5.0,"turns":4.0},{"damage":1.0,"enemies":"Exordium Wildlife","floor":12.0,"turns":4.0},{"damage":30.0,"enemies":"Slime Boss","floor":16.0,"turns":18.0},{"damage":12,"enemies":"Shell Parasite","floor":18,"turns":8},{"damage":10,"enemies":"2 Thieves","floor":19,"turns":4},{"damage":16,"enemies":"Cultist and Chosen","floor":20,"turns":4}],"seed_played":"-1330921873957741354","potions_obtained":[{"floor":1.0,"key":"Fire Potion"},{"floor":4.0,"key":"Poison Potion"},{"floor":5.0,"key":"EssenceOfSteel"},{"floor":16.0,"key":"Ancient Potion"}],"is_trial":false,"path_per_floor":["M","?","$","M","M","R","?","R","T","?","R","M","R","?","R","B",null,"M","M","M"],"character_chosen":"THE_SILENT","items_purchased":["MealTicket","Backstab"],"campfire_rested":1,"item_purchase_floors":[3,3],"current_hp_per_floor":[70,70,70,70,70,70,45,45,45,45,45,44,44,37,58,28,70,58,48,32],"gold":174,"neow_bonus":"HUNDRED_GOLD","is_prod":false,"is_daily":false,"chose_seed":false,"campfire_upgraded":4,"win_rate":0,"timestamp":1568646885,"path_taken":["M","?","$","M","M","R","?","R","T","?","R","M","R","?","R","BOSS","M","M","M"],"build_version":"2019-09-12","purchased_purges":1,"victory":false,"max_hp_per_floor":[70,70,70,70,70,70,70,70,70,70,70,70,70,70,70,70,70,70,70,70],"card_choices":[{"not_picked":["Caltrops","Underhanded Strike"],"picked":"Backflip","floor":1.0},{"not_picked":["Prepared","Sucker Punch"],"picked":"Backflip","floor":4.0},{"not_picked":["Finisher","Leg Sweep"],"picked":"Accuracy","floor":5.0},{"not_picked":["Sucker Punch","Caltrops"],"picked":"Dagger Throw","floor":12.0},{"not_picked":["Endless Agony","Acrobatics"],"picked":"Well Laid Plans","floor":12.0},{"not_picked":["Phantasmal Killer","Night Terror"],"picked":"Envenom","floor":16.0},{"not_picked":["Dagger Throw","Backflip"],"picked":"Underhanded Strike","floor":18},{"not_picked":["PiercingWail","Terror","Blade Dance"],"picked":"SKIP","floor":18},{"not_picked":["Outmaneuver","Sucker Punch","Flechettes"],"picked":"SKIP","floor":19},{"not_picked":["Dodge and Roll","Distraction","Deadly Poison+1"],"picked":"SKIP","floor":19}],"player_experience":467417,"relics_obtained":[{"floor":9.0,"key":"Tough Bandages"}],"event_choices":[{"damage_healed":0.0,"max_hp_gain":0.0,"max_hp_loss":0.0,"gold_gain":175.0,"event_name":"Liars Game","player_choice":"AGREE","floor":2.0,"gold_loss":0.0,"damage_taken":0.0,"cards_obtained":["Doubt"]},{"damage_healed":0.0,"max_hp_gain":0.0,"max_hp_loss":0.0,"gold_gain":0.0,"event_name":"Scrap Ooze","player_choice":"Success","floor":7.0,"gold_loss":0.0,"damage_taken":25.0,"relics_obtained":["Prayer Wheel"]},{"cards_removed":["Defend_G"],"damage_healed":0.0,"max_hp_gain":0.0,"max_hp_loss":0.0,"gold_gain":0.0,"event_name":"The Cleric","player_choice":"Card Removal","floor":10.0,"gold_loss":50.0,"damage_taken":0.0},{"damage_healed":0.0,"max_hp_gain":0.0,"max_hp_loss":0.0,"gold_gain":0.0,"event_name":"Wheel of Change","player_choice":"Damaged","floor":14.0,"gold_loss":0.0,"damage_taken":7.0}],"is_beta":true,"boss_relics":[{"not_picked":["Pandora\u0027s Box","Runic Dome"],"picked":"Snecko Eye"}],"items_purged_floors":[3],"is_endless":false,"potions_floor_spawned":[1,4,5,16],"killed_by":"Cultist and Chosen","ascension_level":0}