{"gold_per_floor":[216,229,245,2,2,2,37,37,88,88,114,114,114,127,127,223,223,247,247,260,284,284,284,320,335,360,360,360,58,58,73,73,172,172,188,188,521,541,641,641,658,658,658,658,658,658,671,706,706,706,706],"floor_reached":52,"playtime":3666,"items_purged":["Strike_G"],"score":1812,"play_id":"34960c71-8b0b-4d54-9700-61a184123e9e","local_time":"20190515045659","is_ascension_mode":true,"campfire_choices":[{"data":"Skewer","floor":6.0,"key":"SMITH"},{"data":"Crippling Poison","floor":8.0,"key":"SMITH"},{"data":"Poisoned Stab","floor":10.0,"key":"SMITH"},{"data":"Footwork","floor":13.0,"key":"SMITH"},{"data":"Dash","floor":15.0,"key":"SMITH"},{"floor":23.0,"key":"REST"},{"floor":27.0,"key":"REST"},{"data":"Leg Sweep","floor":30.0,"key":"SMITH"},{"data":"After Image","floor":32.0,"key":"SMITH"},{"data":"Noxious Fumes","floor":40,"key":"SMITH"},{"data":"Adrenaline","floor":42,"key":"SMITH"},{"data":"Predator","floor":46,"key":"SMITH"},{"data":"Calculated Gamble","floor":49,"key":"SMITH"}],"neow_cost":"NONE","seed_source_timestamp":219864862387644,"circlet_count":0,"master_deck":["AscendersBane","Defend_G","Defend_G","Defend_G","Defend_G","Defend_G","Strike_G","Strike_G","Strike_G","Strike_G","Survivor","Neutralize+1","Poisoned Stab+1","Skewer+1","Predator+1","Crippling Poison+1","Footwork+1","PiercingWail","Cloak And Dagger","Dash+1","Adrenaline+1","PiercingWail+1","Crippling Poison+1","Escape Plan","Necronomicurse","After Image+1","Calculated Gamble+1","Leg Sweep+1","Deadly Poison+1","Backflip+1","Die Die Die","Footwork+1","Cloak And Dagger+1","Noxious Fumes+1","After Image","Skewer+1"],"special_seed":0,"relics":["Ring of the Snake","Oddly Smooth Stone","Lantern","Prayer Wheel","Philosopher\u0027s Stone","Necronomicon","Bottled Tornado","Regal Pillow","Bronze Scales","Runic Pyramid","Bird Faced Urn","Singing Bowl","Potion Belt"],"potions_floor_usage":[39,39,50,51],"damage_taken":[{"damage":1.0,"enemies":"Jaw Worm","floor":1.0,"turns":4.0},{"damage":0.0,"enemies":"Small Slimes","floor":2.0,"turns":4.0},{"damage":1.0,"enemies":"Cultist","floor":3.0,"turns":3.0},{"damage":6.0,"enemies":"Gremlin Nob","floor":7.0,"turns":3.0},{"damage":24.0,"enemies":"3 Sentries","floor":11.0,"turns":12.0},{"damage":0.0,"enemies":"2 Fungi Beasts","floor":14.0,"turns":3.0},{"damage":1.0,"enemies":"Hexaghost","floor":16.0,"turns":11.0},{"damage":8.0,"enemies":"3 Byrds","floor":18.0,"turns":6.0},{"damage":0.0,"enemies":"Shell Parasite","floor":20.0,"turns":5.0},{"damage":16.0,"enemies":"Shelled Parasite and Fungi","floor":21.0,"turns":5.0},{"damage":8.0,"enemies":"Gremlin Leader","floor":24.0,"turns":6.0},{"damage":0.0,"enemies":"Cultist and Chosen","floor":25.0,"turns":6.0},{"damage":11.0,"enemies":"Centurion and Healer","floor":31.0,"turns":4.0},{"damage":17.0,"enemies":"Automaton","floor":33.0,"turns":12.0},{"damage":0.0,"enemies":"3 Darklings","floor":35.0,"turns":4.0},{"damage":4,"enemies":"3 Shapes","floor":38,"turns":5},{"damage":0,"enemies":"Mind Bloom Boss Battle","floor":39,"turns":3},{"damage":0,"enemies":"Spire Growth","floor":41,"turns":7},{"damage":9,"enemies":"Transient","floor":47,"turns":6},{"damage":0,"enemies":"Nemesis","floor":48,"turns":9},{"damage":26,"enemies":"Awakened One","floor":50,"turns":18},{"damage":34,"enemies":"Donu and Deca","floor":51,"turns":12}],"seed_played":"-5468060724100220422","potions_obtained":[{"floor":1.0,"key":"Swift Potion"},{"floor":11.0,"key":"SkillPotion"},{"floor":14.0,"key":"FearPotion"},{"floor":16.0,"key":"Ancient Potion"},{"floor":20.0,"key":"Weak Potion"},{"floor":24.0,"key":"Block Potion"},{"floor":28.0,"key":"Regen Potion"},{"floor":35.0,"key":"Fruit Juice"},{"floor":39,"key":"Fruit Juice"},{"floor":41,"key":"SpeedPotion"},{"floor":48,"key":"Strength Potion"}],"is_trial":false,"path_per_floor":["M","M","M","$","?","R","E","R","T","R","E","?","R","M","R","B",null,"M","?","M","M","?","R","E","M","T","R","?","$","R","M","R","B",null,"M","?","?","M","?","R","M","R","T","?","?","R","M","E","R","B","B",null],"character_chosen":"THE_SILENT","items_purchased":["Crippling Poison","Footwork","Fire Potion","SteroidPotion","Leg Sweep","Bronze Scales"],"campfire_rested":2,"item_purchase_floors":[4,4,4,29,29,29],"current_hp_per_floor":[58,58,57,57,57,57,51,51,51,51,27,27,27,27,27,26,52,44,44,44,28,7,25,17,17,17,50,50,50,50,39,39,37,54,54,54,54,50,60,60,68,68,68,66,76,76,71,78,78,56,32],"gold":706,"neow_bonus":"HUNDRED_GOLD","is_prod":false,"is_daily":false,"chose_seed":false,"campfire_upgraded":11,"win_rate":0,"timestamp":1557889019,"path_taken":["M","M","M","$","?","R","E","R","T","R","E","?","R","?","R","BOSS","M","?","?","M","?","R","E","M","T","R","?","$","R","M","R","BOSS","M","?","?","M","?","R","M","R","T","?","?","R","?","E","R","BOSS","BOSS"],"build_version":"2019-05-07","purchased_purges":1,"victory":true,"max_hp_per_floor":[66,66,66,66,66,66,66,66,66,66,66,60,60,60,60,60,60,60,60,60,60,60,60,60,60,60,60,60,60,60,60,60,60,60,60,60,60,60,70,70,70,70,70,66,76,76,78,78,78,78,78],"card_choices":[{"not_picked":["Concentrate","Dagger Spray"],"picked":"Poisoned Stab","floor":1.0},{"not_picked":["Deadly Poison","Quick Slash"],"picked":"Skewer","floor":2.0},{"not_picked":["Eviscerate","Backflip"],"picked":"Predator","floor":3.0},{"not_picked":["Tactician","Glass Knife"],"picked":"PiercingWail","floor":7.0},{"not_picked":["Prepared","Crippling Poison"],"picked":"Cloak And Dagger","floor":11.0},{"not_picked":["Cloak And Dagger","Bouncing Flask"],"picked":"Dash","floor":14.0},{"not_picked":["Finisher","Underhanded Strike","Tactician"],"picked":"SKIP","floor":14.0},{"not_picked":["After Image","Tools of the Trade"],"picked":"Adrenaline","floor":16.0},{"not_picked":["Underhanded Strike","Poisoned Stab"],"picked":"PiercingWail+1","floor":18.0},{"not_picked":["Sucker Punch+1","Prepared","Deflect"],"picked":"SKIP","floor":18.0},{"not_picked":["Blade Dance","Infinite Blades"],"picked":"Doppelganger","floor":20.0},{"not_picked":["Deflect","Bane","Predator+1"],"picked":"SKIP","floor":20.0},{"not_picked":["Tactician+1","Slice"],"picked":"Escape Plan","floor":21.0},{"not_picked":["Quick Slash","Flying Knee","Sucker Punch"],"picked":"SKIP","floor":21.0},{"not_picked":["Blade Dance","Sucker Punch"],"picked":"After Image","floor":24.0},{"not_picked":["Flying Knee+1","Infinite Blades"],"picked":"Calculated Gamble","floor":25.0},{"not_picked":["PiercingWail","Heel Hook","Flechettes"],"picked":"SKIP","floor":25.0},{"not_picked":["Caltrops","Dagger Throw"],"picked":"Deadly Poison+1","floor":31.0},{"not_picked":["Underhanded Strike","Riddle With Holes+1"],"picked":"Backflip+1","floor":31.0},{"not_picked":["Night Terror","Doppelganger"],"picked":"Die Die Die","floor":33.0},{"not_picked":["All Out Attack","Choke"],"picked":"Footwork+1","floor":35.0},{"not_picked":["Endless Agony","Slice","Expertise"],"picked":"SKIP","floor":35.0},{"not_picked":["Underhanded Strike","Poisoned Stab+1"],"picked":"Cloak And Dagger+1","floor":38},{"not_picked":["Accuracy","PiercingWail","Prepared"],"picked":"SKIP","floor":38},{"not_picked":["Deflect","Dagger Throw"],"picked":"Noxious Fumes","floor":39},{"not_picked":["Poisoned Stab","Cloak And Dagger","Bane"],"picked":"SKIP","floor":41},{"not_picked":["Dagger Spray","Flying Knee","Reflex"],"picked":"SKIP","floor":41},{"not_picked":["Reflex","Cloak And Dagger+1","Slice"],"picked":"Singing Bowl","floor":47},{"not_picked":["Blade Dance","Terror"],"picked":"After Image","floor":47},{"not_picked":["Prepared","Dagger Throw"],"picked":"Skewer+1","floor":48}],"player_experience":589271,"relics_obtained":[{"floor":7.0,"key":"Oddly Smooth Stone"},{"floor":9.0,"key":"Lantern"},{"floor":11.0,"key":"Prayer Wheel"},{"floor":22.0,"key":"Necronomicon"},{"floor":24.0,"key":"Bottled Tornado"},{"floor":26.0,"key":"Regal Pillow"},{"floor":39,"key":"Bird Faced Urn"},{"floor":43,"key":"Singing Bowl"},{"floor":48,"key":"Potion Belt"}],"event_choices":[{"damage_healed":0.0,"max_hp_gain":0.0,"max_hp_loss":0.0,"gold_gain":0.0,"event_name":"Living Wall","player_choice":"Grow","floor":5.0,"gold_loss":0.0,"damage_taken":0.0,"cards_upgraded":["Neutralize"]},{"damage_healed":0.0,"max_hp_gain":0.0,"max_hp_loss":6.0,"gold_gain":0.0,"event_name":"Golden Idol","player_choice":"Lose Max HP","floor":12.0,"gold_loss":0.0,"damage_taken":0.0,"relics_obtained":["Golden Idol"]},{"damage_healed":0.0,"max_hp_gain":0.0,"max_hp_loss":0.0,"gold_gain":0.0,"event_name":"Duplicator","player_choice":"Copied","floor":19.0,"gold_loss":0.0,"damage_taken":0.0,"cards_obtained":["Crippling Poison"]},{"damage_healed":0.0,"max_hp_gain":0.0,"max_hp_loss":0.0,"gold_gain":0.0,"event_name":"Cursed Tome","player_choice":"Obtained Book","floor":22.0,"gold_loss":0.0,"damage_taken":21.0},{"damage_healed":0.0,"max_hp_gain":0.0,"max_hp_loss":0.0,"gold_gain":0.0,"event_name":"Lab","player_choice":"Got Potions","floor":28.0,"gold_loss":0.0,"damage_taken":0.0},{"damage_healed":0,"gold_gain":0,"player_choice":"Ignored","damage_taken":0,"max_hp_gain":0,"max_hp_loss":0,"event_name":"Tomb of Lord Red Mask","floor":36,"gold_loss":0},{"damage_healed":0,"gold_gain":333,"player_choice":"Gave Idol","damage_taken":0,"max_hp_gain":0,"max_hp_loss":0,"event_name":"The Moai Head","floor":37,"relics_lost":["Golden Idol"],"gold_loss":0},{"damage_healed":0,"gold_gain":0,"player_choice":"Fight","damage_taken":0,"max_hp_gain":0,"max_hp_loss":0,"event_name":"MindBloom","floor":39,"gold_loss":0},{"damage_healed":0,"gold_gain":0,"player_choice":"Max HP","damage_taken":0,"max_hp_gain":0,"max_hp_loss":4,"event_name":"Winding Halls","floor":44,"gold_loss":0},{"cards_removed":["Doppelganger"],"damage_healed":0,"gold_gain":0,"player_choice":"Offered Rare","damage_taken":0,"max_hp_gain":10,"max_hp_loss":0,"event_name":"Bonfire Elementals","floor":45,"gold_loss":0}],"is_beta":true,"boss_relics":[{"not_picked":["Eternal Feather","Orrery"],"picked":"Philosopher\u0027s Stone"},{"not_picked":["Empty Cage","Lizard Tail"],"picked":"Runic Pyramid"}],"items_purged_floors":[4],"is_endless":false,"potions_floor_spawned":[1,11,14,16,20,24,31,35,39,41,48],"ascension_level":20}