{"gold_per_floor":[214,233,233,249,269,287,287,322,322,338,352,352,386,66,66,138,138,148,162,162,28,28],"floor_reached":22,"playtime":1439,"items_purged":["Strike_R"],"score":396,"play_id":"d6810233-e813-4681-a956-da9624e50744","local_time":"20181112174250","is_ascension_mode":true,"campfire_choices":[{"data":"Bash","floor":7,"key":"SMITH"},{"data":"Havoc","floor":12,"key":"SMITH"},{"data":"Clothesline","floor":15,"key":"SMITH"}],"neow_cost":"NONE","seed_source_timestamp":4548115832722535,"circlet_count":0,"master_deck":["AscendersBane","Strike_R","Strike_R","Defend_R","Defend_R","Defend_R","Defend_R","Bash+1","Pommel Strike","Anger","Shockwave","Feel No Pain","Infernal Blade","Havoc+1","Feel No Pain","Clothesline+1","Reaper","Feed","Ghostly","Ghostly","Ghostly","Havoc"],"relics":["Burning Blood","Mummified Hand","Meat on the Bone","Dead Branch","Champion Belt","Empty Cage"],"potions_floor_usage":[13,22,22],"damage_taken":[{"damage":1,"enemies":"Small Slimes","floor":1,"turns":4},{"damage":1,"enemies":"Cultist","floor":2,"turns":3},{"damage":6,"enemies":"Jaw Worm","floor":4,"turns":4},{"damage":9,"enemies":"Looter","floor":5,"turns":3},{"damage":5,"enemies":"Blue Slaver","floor":6,"turns":4},{"damage":21,"enemies":"3 Sentries","floor":8,"turns":11},{"damage":6,"enemies":"Lots of Slimes","floor":10,"turns":4},{"damage":18,"enemies":"Exordium Wildlife","floor":11,"turns":6},{"damage":9,"enemies":"Lagavulin","floor":13,"turns":6},{"damage":23,"enemies":"The Guardian","floor":16,"turns":12},{"damage":4,"enemies":"Chosen","floor":18,"turns":6},{"damage":30,"enemies":"3 Byrds","floor":19,"turns":7},{"damage":4,"enemies":"Colosseum Slavers","floor":22,"turns":5},{"damage":55,"enemies":"Colosseum Nobs","floor":22,"turns":3}],"seed_played":"9066762879741423454","potions_obtained":[{"floor":2,"key":"EssenceOfSteel"},{"floor":3,"key":"SkillPotion"},{"floor":3,"key":"PowerPotion"},{"floor":13,"key":"Strength Potion"}],"is_trial":false,"path_per_floor":["M","M","?","M","M","M","R","E","T","M","M","R","E","$","R","B",null,"M","M","?","$","?"],"character_chosen":"IRONCLAD","items_purchased":["Champion Belt","Havoc"],"campfire_rested":0,"item_purchase_floors":[14,21],"current_hp_per_floor":[73,75,75,75,72,73,73,58,58,58,46,46,55,55,55,44,67,69,54,39,39,0],"gold":28,"neow_bonus":"HUNDRED_GOLD","is_prod":false,"is_daily":false,"chose_seed":false,"campfire_upgraded":3,"win_rate":0,"timestamp":1542073370,"path_taken":["M","M","?","M","M","M","R","E","T","?","M","R","E","$","R","BOSS","M","M","?","$","?"],"build_version":"2018-11-08","purchased_purges":1,"victory":false,"max_hp_per_floor":[75,75,75,75,75,75,75,75,75,75,75,75,75,75,75,75,75,75,78,39,39,39],"card_choices":[{"not_picked":["Iron Wave","Twin Strike"],"picked":"Pommel Strike","floor":1},{"not_picked":["Entrench","Dark Embrace"],"picked":"Anger","floor":2},{"not_picked":["Anger","Iron Wave"],"picked":"Shockwave","floor":4},{"not_picked":["Corruption","Clothesline"],"picked":"Feel No Pain","floor":5},{"not_picked":["Burning Pact","Flex"],"picked":"Infernal Blade","floor":6},{"not_picked":["Dual Wield","Warcry"],"picked":"Havoc","floor":8},{"not_picked":["Warcry","Seeing Red"],"picked":"Feel No Pain","floor":10},{"not_picked":["Dropkick","Evolve"],"picked":"Clothesline","floor":11},{"not_picked":["Pummel","Wild Strike"],"picked":"Reaper","floor":13},{"not_picked":["Brutality","Impervious"],"picked":"Feed","floor":16},{"not_picked":["Blood for Blood","Clothesline","Sword Boomerang+1"],"picked":"SKIP","floor":18},{"not_picked":["Fire Breathing","Evolve","Iron Wave"],"picked":"SKIP","floor":19}],"player_experience":1069459,"relics_obtained":[{"floor":8,"key":"Mummified Hand"},{"floor":9,"key":"Meat on the Bone"},{"floor":13,"key":"Dead Branch"}],"event_choices":[{"damage_healed":0,"gold_gain":0,"player_choice":"Got Potions","damage_taken":0,"max_hp_gain":0,"max_hp_loss":0,"event_name":"Lab","floor":3,"gold_loss":0},{"damage_healed":0,"gold_gain":0,"player_choice":"Became a Ghost","damage_taken":0,"max_hp_gain":0,"max_hp_loss":39,"event_name":"Ghosts","floor":20,"gold_loss":0,"cards_obtained":["Ghostly","Ghostly","Ghostly"]},{"damage_healed":0,"gold_gain":0,"player_choice":"Fight","damage_taken":0,"max_hp_gain":0,"max_hp_loss":0,"event_name":"Colosseum","floor":22,"gold_loss":0},{"damage_healed":0,"gold_gain":0,"player_choice":"Fought Nobs","damage_taken":0,"max_hp_gain":0,"max_hp_loss":0,"event_name":"Colosseum","floor":22,"gold_loss":0}],"is_beta":true,"boss_relics":[{"not_picked":["White Beast Statue","Black Star"],"picked":"Empty Cage"}],"items_purged_floors":[21],"is_endless":false,"potions_floor_spawned":[2,8,10,11,13,19],"killed_by":"Colosseum Nobs","ascension_level":20}