{"path_per_floor":["M","T","$","M","M","E","M","R","T","?","M","E","R","M","R","B",null,"M","?","M","M","$","R","E","R","T","T","M","R","M","?","R","B",null,"M","M","M","$","?","R","E","M","T","R","E","T","R","?","R","B"],"character_chosen":"DEFECT","items_purchased":[],"gold_per_floor":[111,111,36,46,60,92,105,105,156,156,173,205,205,220,220,296,296,266,181,181,181,181,181,181,181,181,181,181,181,181,181,181,181,181,181,181,181,101,101,101,101,101,101,101,101,101,101,101,101,101],"floor_reached":51,"campfire_rested":4,"playtime":1949,"item_purchase_floors":[],"current_hp_per_floor":[74,74,74,72,68,48,43,43,43,43,34,19,19,14,38,11,64,60,60,42,22,22,46,31,31,31,31,23,23,21,5,29,8,64,64,56,56,56,56,56,66,65,65,65,48,48,48,48,72,31],"items_purged":["Strike_B","Strike_B"],"gold":101,"score":1263,"play_id":"ca5c4e36-fcde-4db9-9420-252f05669666","local_time":"20180607014953","is_prod":false,"is_daily":false,"chose_seed":false,"is_ascension_mode":true,"campfire_upgraded":7,"win_rate":0,"timestamp":1528361393,"campfire_choices":[{"data":"Sunder","floor":8,"key":"SMITH"},{"data":"Hologram","floor":13,"key":"SMITH"},{"floor":15,"key":"REST"},{"floor":23,"key":"REST"},{"data":"Go for the Eyes","floor":25,"key":"SMITH"},{"data":"Zap","floor":29,"key":"SMITH"},{"floor":32,"key":"REST"},{"data":"Hologram","floor":40,"key":"SMITH"},{"data":"Seek","floor":44,"key":"SMITH"},{"data":"Coolheaded","floor":47,"key":"SMITH"},{"floor":49,"key":"REST"}],"path_taken":["M","?","$","M","M","E","M","R","T","?","M","E","R","M","R","BOSS","M","?","M","M","$","R","E","R","T","?","M","R","M","?","R","BOSS","M","?","M","$","?","R","E","M","T","R","E","?","R","?","R","BOSS"],"build_version":"2018-06-06","seed_source_timestamp":385372391150212,"purchased_purges":2,"victory":true,"master_deck":["Strike_B","Defend_B","Defend_B","Defend_B","Defend_B","Zap+1","Dualcast","AscendersBane","Sunder+1","Hologram+1","Coolheaded+1","Gash","Go for the Eyes+1","Gash","Conserve Battery","Steam Power","Seek+1","Steam+1","Hologram+1","Beam Cell+1","BootSequence","Necronomicurse","Meteor Strike+1","Self Repair+1","Conserve Battery+1","Hologram","Blizzard+1"],"max_hp_per_floor":[82,82,82,82,82,82,82,82,82,82,82,82,82,82,82,82,82,82,82,82,82,82,82,82,82,82,82,82,82,82,82,82,82,82,82,82,82,82,82,82,82,82,82,82,82,82,82,82,82,82],"relics":["Cracked Core","Mercury Hourglass","The Courier","DataDisk","Vajra","Ectoplasm","Molten Egg 2","Bag of Preparation","Ancient Tea Set","Pen Nib","Necronomicon","Runic Dome","Unceasing Top","Meat on the Bone","Bronze Scales","Ginger","Sundial"],"card_choices":[{"not_picked":["Barrage","Reinforced Body"],"picked":"Sunder","floor":1},{"not_picked":["Fusion","Sweeping Beam"],"picked":"Hologram","floor":4},{"not_picked":["Sweeping Beam","Barrage"],"picked":"Coolheaded","floor":5},{"not_picked":["Coolheaded","White Noise"],"picked":"Gash","floor":6},{"not_picked":["Turbo","Rainbow"],"picked":"Go for the Eyes","floor":7},{"not_picked":["Force Field","Steam"],"picked":"Gash","floor":11},{"not_picked":["Blizzard","Loop"],"picked":"Conserve Battery","floor":12},{"not_picked":["Rebound","Hello World"],"picked":"Steam Power","floor":14},{"not_picked":["Electrodynamics","Reboot"],"picked":"Seek","floor":16},{"not_picked":["Conserve Battery","Leap"],"picked":"Steam+1","floor":18},{"not_picked":["Sweeping Beam+1","Chaos"],"picked":"Hologram","floor":20},{"not_picked":["Streamline+1","Stack"],"picked":"Beam Cell+1","floor":21},{"not_picked":["Sunder+1","Seek"],"picked":"BootSequence","floor":24},{"not_picked":["Doom and Gloom+1","Compile Driver+1","Stack"],"picked":"SKIP","floor":28},{"not_picked":["Go for the Eyes+1","Auto Shields","Barrage+1"],"picked":"SKIP","floor":30},{"not_picked":["Biased Cognition","Machine Learning"],"picked":"Meteor Strike+1","floor":33},{"not_picked":["Barrage+1","Skim"],"picked":"Self Repair+1","floor":35},{"not_picked":["BootSequence+1","Redo+1"],"picked":"Conserve Battery+1","floor":36},{"not_picked":["Steam","Go for the Eyes+1","Reinforced Body"],"picked":"SKIP","floor":37},{"not_picked":["Conserve Battery","Scrape+1"],"picked":"Hologram","floor":41},{"not_picked":["Loop","Tempest+1","Sweeping Beam+1"],"picked":"SKIP","floor":42},{"not_picked":["Recycle+1","Rip and Tear+1","Auto Shields"],"picked":"SKIP","floor":45}],"player_experience":607707,"potions_floor_usage":[6,12,24,33,33,50,50,50,50],"damage_taken":[{"damage":1,"enemies":"Cultist","floor":1,"turns":4},{"damage":2,"enemies":"Small Slimes","floor":4,"turns":2},{"damage":4,"enemies":"Jaw Worm","floor":5,"turns":3},{"damage":20,"enemies":"Gremlin Nob","floor":6,"turns":4},{"damage":5,"enemies":"2 Fungi Beasts","floor":7,"turns":2},{"damage":9,"enemies":"Red Slaver","floor":11,"turns":3},{"damage":15,"enemies":"Lagavulin","floor":12,"turns":3},{"damage":5,"enemies":"Exordium Wildlife","floor":14,"turns":2},{"damage":27,"enemies":"Hexaghost","floor":16,"turns":9},{"damage":4,"enemies":"2 Thieves","floor":18,"turns":3},{"damage":18,"enemies":"Shell Parasite","floor":20,"turns":3},{"damage":20,"enemies":"Snake Plant","floor":21,"turns":4},{"damage":15,"enemies":"Book of Stabbing","floor":24,"turns":5},{"damage":8,"enemies":"Centurion and Healer","floor":28,"turns":3},{"damage":2,"enemies":"3 Cultists","floor":30,"turns":3},{"damage":21,"enemies":"Collector","floor":33,"turns":3},{"damage":0,"enemies":"Orb Walker","floor":35,"turns":2},{"damage":18,"enemies":"Flame Bruiser 1 Orb","floor":36,"turns":3},{"damage":0,"enemies":"Spire Growth","floor":37,"turns":2},{"damage":0,"floor":39,"turns":1},{"damage":0,"enemies":"Giant Head","floor":41,"turns":5},{"damage":11,"enemies":"3 Darklings","floor":42,"turns":4},{"damage":39,"enemies":"Nemesis","floor":45,"turns":5},{"damage":63,"enemies":"Awakened One","floor":50,"turns":9}],"relics_obtained":[{"floor":2,"key":"Mercury Hourglass"},{"floor":6,"key":"The Courier"},{"floor":9,"key":"DataDisk"},{"floor":12,"key":"Vajra"},{"floor":24,"key":"Bag of Preparation"},{"floor":26,"key":"Ancient Tea Set"},{"floor":27,"key":"Pen Nib"},{"floor":31,"key":"Necronomicon"},{"floor":39,"key":"Unceasing Top"},{"floor":41,"key":"Meat on the Bone"},{"floor":43,"key":"Bronze Scales"},{"floor":45,"key":"Ginger"},{"floor":46,"key":"Sundial"}],"event_choices":[{"event_name":"The Woman in Blue","player_choice":"Bought 0 Potions","floor":10,"damage_taken":0},{"event_name":"Addict","player_choice":"Obtained Relic","floor":19,"damage_taken":0},{"event_name":"Cursed Tome","player_choice":"Obtained Book","floor":31,"damage_taken":0},{"event_name":"Mysterious Sphere","player_choice":"Fight","floor":39,"damage_taken":0},{"event_name":"Transmorgrifier","player_choice":"Transform","floor":48,"damage_taken":0}],"boss_relics":[{"not_picked":["Pandora\u0027s Box","Black Star"],"picked":"Ectoplasm"},{"not_picked":["Astrolabe","Lizard Tail"],"picked":"Runic Dome"}],"items_purged_floors":[3,38],"potions_floor_spawned":[1,5,11,14,21,24,30,36,37,41,45],"seed_played":"-3132075936625984654","ascension_level":13,"potions_obtained":[{"floor":1,"key":"Ancient Potion"},{"floor":5,"key":"Weak Potion"},{"floor":11,"key":"AttackPotion"},{"floor":14,"key":"Ancient Potion"},{"floor":21,"key":"Weak Potion"},{"floor":24,"key":"SneckoOil"},{"floor":30,"key":"FearPotion"},{"floor":36,"key":"EntropicBrew"},{"floor":37,"key":"SteroidPotion"},{"floor":45,"key":"PowerPotion"}],"is_trial":false}