{"path_per_floor":["M","?","M","M","M","R","M","R","T","$","M","?","M","E","R","B",null,"M","?","M","?","M","R","E","R","T","M","M","M","E","M","R","B",null,"M","?","$","?","M","R","M","E","T","R","M","R","M","$","R","B"],"character_chosen":"DEFECT","items_purchased":["Self Repair","Bag of Preparation","Machine Learning"],"gold_per_floor":[115,115,135,154,170,170,187,187,187,45,57,107,117,117,117,192,192,203,203,219,219,238,238,265,265,265,278,293,305,336,347,347,422,422,438,438,189,189,208,208,226,255,255,255,273,273,283,14,14,14],"floor_reached":51,"campfire_rested":2,"playtime":2695,"item_purchase_floors":[10,37,48],"current_hp_per_floor":[50,32,30,29,29,29,29,29,29,29,36,36,26,33,54,25,60,62,62,63,63,53,53,36,36,36,37,13,20,24,31,67,37,63,70,57,57,71,71,71,71,56,56,56,50,50,54,54,54,45],"items_purged":["Strike_B","Strike_B","Streamline"],"gold":14,"score":1297,"play_id":"6b10ba24-388c-4e9b-8d40-f4e437cd9b98","local_time":"20180617033130","is_prod":false,"is_daily":false,"chose_seed":false,"is_ascension_mode":true,"campfire_upgraded":8,"win_rate":0,"timestamp":1529231490,"campfire_choices":[{"data":"Zap","floor":6,"key":"SMITH"},{"data":"Dualcast","floor":8,"key":"SMITH"},{"floor":15,"key":"REST"},{"data":"Beam Cell","floor":23,"key":"SMITH"},{"data":"Coolheaded","floor":25,"key":"SMITH"},{"floor":32,"key":"REST"},{"data":"Hologram","floor":40,"key":"SMITH"},{"data":"Seek","floor":44,"key":"SMITH"},{"data":"Biased Cognition","floor":46,"key":"SMITH"},{"data":"Machine Learning","floor":49,"key":"SMITH"}],"path_taken":["M","?","M","M","M","R","M","R","T","$","M","?","M","E","R","BOSS","M","?","M","?","M","R","E","R","T","M","M","M","E","?","R","BOSS","M","?","$","?","M","R","M","E","T","R","M","R","?","$","R","BOSS"],"build_version":"2018-06-14v2","seed_source_timestamp":291359475005384,"purchased_purges":3,"victory":true,"master_deck":["Defend_B","Defend_B","Defend_B","Defend_B","Zap+1","Dualcast+1","AscendersBane","Reboot","Ball Lightning","Gash","Cold Snap","Gash","Self Repair","Seek+1","Biased Cognition+1","Go for the Eyes+1","Coolheaded+1","Beam Cell+1","Gash+1","Conserve Battery","Coolheaded","Hologram+1","Defragment+1","Gash","Madness","Madness","Gash","Clumsy","Machine Learning+1"],"max_hp_per_floor":[71,71,71,71,71,71,71,71,71,71,71,71,71,71,71,71,71,71,71,71,71,71,71,71,71,71,71,71,71,71,71,71,71,71,71,71,71,71,71,71,71,71,71,71,71,71,71,71,71,71],"relics":["Cracked Core","Matryoshka","DataDisk","Turnip","Empty Cage","Unceasing Top","Regal Pillow","Pen Nib","Bottled Lightning","Cursed Key","Bag of Preparation","Bird Faced Urn","Kunai"],"card_choices":[{"not_picked":["Leap","Barrage"],"picked":"Ball Lightning","floor":1},{"not_picked":["FTL","Rebound"],"picked":"Gash","floor":3},{"not_picked":["Beam Cell","Chill"],"picked":"Cold Snap","floor":4},{"not_picked":["Redo","White Noise","Capacitor"],"picked":"SKIP","floor":5},{"not_picked":["Go for the Eyes","Compile Driver"],"picked":"Gash","floor":7},{"not_picked":["Beam Cell","Rip and Tear"],"picked":"Streamline","floor":11},{"not_picked":["Stack","Genetic Algorithm"],"picked":"Seek","floor":13},{"not_picked":["Core Surge","Hyperbeam"],"picked":"Biased Cognition","floor":16},{"not_picked":["Chaos","Stack+1"],"picked":"Go for the Eyes+1","floor":18},{"not_picked":["Heatsinks","Stack"],"picked":"Beam Cell","floor":20},{"not_picked":["Static Discharge","Sweeping Beam","Go for the Eyes+1"],"picked":"SKIP","floor":22},{"not_picked":["Ball Lightning","Capacitor"],"picked":"Gash+1","floor":24},{"not_picked":["Tempest+1","Storm"],"picked":"Conserve Battery","floor":27},{"not_picked":["Stack","Go for the Eyes"],"picked":"Coolheaded","floor":28},{"not_picked":["Chaos","Lockon","Reprogram"],"picked":"SKIP","floor":29},{"not_picked":["Gash","Self Repair"],"picked":"Hologram","floor":30},{"not_picked":["BootSequence+1","Stack"],"picked":"Defragment+1","floor":31},{"not_picked":["Steam","Melter"],"picked":"Gash","floor":35},{"not_picked":["Lockon","Blizzard","Capacitor"],"picked":"SKIP","floor":39},{"not_picked":["Leap","Cold Snap+1"],"picked":"Gash","floor":41},{"not_picked":["Hello World","Barrage","Loop"],"picked":"SKIP","floor":42},{"not_picked":["Static Discharge+1","Streamline","Beam Cell"],"picked":"SKIP","floor":45},{"not_picked":["Streamline","Coolheaded","Stack+1"],"picked":"SKIP","floor":47}],"player_experience":617526,"potions_floor_usage":[7,14,24,30,33,33,50,50],"damage_taken":[{"damage":14,"enemies":"Small Slimes","floor":1,"turns":5},{"damage":2,"enemies":"2 Louse","floor":3,"turns":2},{"damage":1,"enemies":"Cultist","floor":4,"turns":3},{"damage":0,"enemies":"Blue Slaver","floor":5,"turns":3},{"damage":0,"enemies":"Gremlin Gang","floor":7,"turns":3},{"damage":0,"enemies":"2 Fungi Beasts","floor":11,"turns":2},{"damage":10,"enemies":"Blue Slaver","floor":13,"turns":2},{"damage":0,"enemies":"Gremlin Nob","floor":14,"turns":2},{"damage":36,"enemies":"Slime Boss","floor":16,"turns":10},{"damage":5,"enemies":"Spheric Guardian","floor":18,"turns":4},{"damage":6,"enemies":"3 Byrds","floor":20,"turns":4},{"damage":17,"enemies":"Snecko","floor":22,"turns":5},{"damage":24,"enemies":"Slavers","floor":24,"turns":5},{"damage":6,"enemies":"Centurion and Healer","floor":27,"turns":4},{"damage":31,"enemies":"Snake Plant","floor":28,"turns":3},{"damage":0,"enemies":"Snecko","floor":29,"turns":5},{"damage":3,"enemies":"Book of Stabbing","floor":30,"turns":5},{"damage":0,"enemies":"3 Cultists","floor":31,"turns":4},{"damage":37,"enemies":"Collector","floor":33,"turns":12},{"damage":0,"enemies":"Orb Walker","floor":35,"turns":3},{"damage":0,"enemies":"3 Shapes","floor":39,"turns":5},{"damage":0,"enemies":"Flame Bruiser 2 Orb","floor":41,"turns":5},{"damage":15,"enemies":"2 Orb Walkers","floor":42,"turns":5},{"damage":19,"enemies":"Maw","floor":45,"turns":6},{"damage":9,"enemies":"Sphere and 2 Shapes","floor":47,"turns":4},{"damage":24,"enemies":"Donu and Deca","floor":50,"turns":10}],"relics_obtained":[{"floor":9,"key":"DataDisk"},{"floor":9,"key":"Turnip"},{"floor":24,"key":"Unceasing Top"},{"floor":26,"key":"Regal Pillow"},{"floor":26,"key":"Pen Nib"},{"floor":30,"key":"Bottled Lightning"},{"floor":42,"key":"Bird Faced Urn"},{"floor":43,"key":"Kunai"}],"event_choices":[{"event_name":"Scrap Ooze","player_choice":"success","floor":2,"damage_taken":18},{"event_name":"Golden Shrine","player_choice":"Pray","floor":12,"damage_taken":0},{"event_name":"The Library","player_choice":"Read","floor":19,"damage_taken":0},{"event_name":"Ghosts","player_choice":"Ignored","floor":21,"damage_taken":0},{"event_name":"Winding Halls","player_choice":"Embrace Madness","floor":36,"damage_taken":0},{"event_name":"Wheel of Change","player_choice":"Full Heal","floor":38,"damage_taken":0}],"boss_relics":[{"not_picked":["Pandora\u0027s Box","Black Star"],"picked":"Empty Cage"},{"not_picked":["Lizard Tail","Calling Bell"],"picked":"Cursed Key"}],"items_purged_floors":[10,37,48],"is_endless":false,"potions_floor_spawned":[3,13,16,24,29,30,39,41,45,47],"seed_played":"-5822808577219417909","ascension_level":15,"potions_obtained":[{"floor":3,"key":"Energy Potion"},{"floor":13,"key":"SmokeBomb"},{"floor":16,"key":"Dexterity Potion"},{"floor":24,"key":"FearPotion"},{"floor":29,"key":"Weak Potion"},{"floor":30,"key":"EssenceOfSteel"},{"floor":39,"key":"FocusPotion"},{"floor":41,"key":"Dexterity Potion"}],"is_trial":false}