{"gold_per_floor":[15,15,35,53,53,81,81,101,178,7,41,41,41,16,16,16],"floor_reached":16,"playtime":847,"items_purged":[],"score":216,"play_id":"b8ab966c-48f6-4b61-8226-37e37875968b","local_time":"20190814234237","is_ascension_mode":true,"campfire_choices":[{"data":"Neutralize","floor":7,"key":"SMITH"},{"floor":12,"key":"REST"},{"data":"Footwork","floor":15,"key":"SMITH"}],"neow_cost":"NO_GOLD","seed_source_timestamp":4488833967645900,"circlet_count":0,"master_deck":["AscendersBane","Strike_G","Strike_G","Defend_G","Defend_G","Defend_G","Defend_G","Defend_G","Survivor","Neutralize+1","Heel Hook","Quick Slash","Predator","Dodge and Roll","Crippling Poison","Choke","Footwork+1","Footwork","Dagger Spray+1","Riddle With Holes+1","Tactician","Quick Slash+1"],"special_seed":0,"relics":["Ring of the Snake","CultistMask","Mango","Molten Egg 2","Pen Nib","Blue Candle"],"potions_floor_usage":[6,11,16],"damage_taken":[{"damage":0.0,"enemies":"2 Louse","floor":1.0,"turns":2.0},{"damage":0.0,"enemies":"Cultist","floor":3.0,"turns":3.0},{"damage":0.0,"enemies":"Jaw Worm","floor":4.0,"turns":4.0},{"damage":31,"enemies":"Gremlin Nob","floor":6,"turns":5},{"damage":9,"enemies":"Exordium Wildlife","floor":8,"turns":7},{"damage":17,"enemies":"Lagavulin","floor":11,"turns":6},{"damage":34,"enemies":"Hexaghost","floor":16,"turns":11}],"seed_played":"-746509312349729582","potions_obtained":[{"floor":1.0,"key":"Ancient Potion"},{"floor":8,"key":"Poison Potion"},{"floor":11,"key":"PowerPotion"}],"is_trial":false,"path_per_floor":["M","?","M","M","?","E","R","M","T","$","E","R","T","$","R","B"],"character_chosen":"THE_SILENT","items_purchased":["Footwork","Dagger Spray+1","Riddle With Holes+1","Quick Slash+1"],"campfire_rested":1,"item_purchase_floors":[10,10,10,14],"current_hp_per_floor":[59,59,59,59,52,35,35,26,26,26,9,33,33,33,33,0],"gold":16,"neow_bonus":"TRANSFORM_TWO_CARDS","is_prod":false,"is_daily":false,"chose_seed":false,"campfire_upgraded":2,"win_rate":0,"timestamp":1565851357,"path_taken":["M","?","M","?","?","E","R","M","T","$","E","R","?","?","R","BOSS"],"build_version":"2019-07-18","purchased_purges":0,"victory":false,"max_hp_per_floor":[66,66,66,66,66,80,80,80,80,80,80,80,80,80,80,80],"card_choices":[{"not_picked":["Concentrate","Deadly Poison"],"picked":"Predator","floor":1.0},{"not_picked":["Underhanded Strike","Blade Dance"],"picked":"Dodge and Roll","floor":3.0},{"not_picked":["Flying Knee","Outmaneuver"],"picked":"Crippling Poison","floor":4.0},{"not_picked":["Infinite Blades","Dagger Spray"],"picked":"Choke","floor":6},{"not_picked":["Blade Dance","Endless Agony"],"picked":"Footwork","floor":8},{"not_picked":["Concentrate","Reflex"],"picked":"Tactician","floor":11}],"player_experience":3528940,"relics_obtained":[{"floor":6,"key":"Mango"},{"floor":9,"key":"Molten Egg 2"},{"floor":11,"key":"Pen Nib"},{"floor":13,"key":"Blue Candle"}],"event_choices":[{"damage_healed":0.0,"max_hp_gain":0.0,"max_hp_loss":0.0,"gold_gain":0.0,"event_name":"FaceTrader","player_choice":"Trade","floor":2.0,"gold_loss":0.0,"damage_taken":0.0,"relics_obtained":["CultistMask"]},{"cards_removed":["Strike_G"],"damage_healed":0.0,"max_hp_gain":0.0,"max_hp_loss":0.0,"gold_gain":0.0,"event_name":"Golden Wing","player_choice":"Card Removal","floor":5.0,"gold_loss":0.0,"damage_taken":7.0}],"is_beta":true,"boss_relics":[],"items_purged_floors":[],"is_endless":false,"potions_floor_spawned":[1,8,11],"killed_by":"Hexaghost","ascension_level":20}