{"gold_per_floor":[119,130,130,148,158,186,201,220,220,220,276,286,286,306,306,409,409,419,429,429,18,29,54,54,87,167,167,177,192,192],"floor_reached":30,"playtime":1672,"items_purged":[],"score":315,"play_id":"dc1ec92a-6fe1-4a34-bcd2-420e4bde74de","local_time":"20190915224353","is_ascension_mode":true,"campfire_choices":[{"floor":10.0,"key":"REST"},{"floor":15.0,"key":"REST"},{"floor":27,"key":"REST"}],"neow_cost":"NONE","seed_source_timestamp":0,"circlet_count":0,"master_deck":["Strike_B","Strike_B","Strike_B","Defend_B","Defend_B","Defend_B","Zap","Dualcast+1","Cold Snap","Redo","Conserve Battery+1","Self Repair","Biased Cognition","Sweeping Beam","Loop","Ball Lightning","Go for the Eyes","Streamline","Fission","Cold Snap+1","Double Energy","Loop","Conserve Battery","Barrage+1","Coolheaded","RitualDagger+1","FTL+1","All For One+1"],"special_seed":0,"relics":["Cracked Core","PreservedInsect","Orichalcum","Tiny Chest","Black Star","Molten Egg 2","HandDrill","Mercury Hourglass","Potion Belt","Ancient Tea Set","TungstenRod","Gremlin Horn"],"potions_floor_usage":[18,19,22,22,29],"damage_taken":[{"damage":4.0,"enemies":"Small Slimes","floor":1.0,"turns":3.0},{"damage":8.0,"enemies":"Jaw Worm","floor":2.0,"turns":4.0},{"damage":2.0,"enemies":"2 Louse","floor":4.0,"turns":2.0},{"damage":9.0,"enemies":"Exordium Wildlife","floor":5.0,"turns":7.0},{"damage":37.0,"enemies":"Gremlin Nob","floor":6.0,"turns":6.0},{"damage":10.0,"enemies":"Exordium Thugs","floor":7.0,"turns":3.0},{"damage":1.0,"enemies":"2 Fungi Beasts","floor":8.0,"turns":3.0},{"damage":18.0,"enemies":"3 Sentries","floor":11.0,"turns":8.0},{"damage":3.0,"enemies":"Blue Slaver","floor":12.0,"turns":3.0},{"damage":1.0,"enemies":"Exordium Thugs","floor":14.0,"turns":4.0},{"damage":21.0,"enemies":"The Guardian","floor":16.0,"turns":9.0},{"damage":2,"enemies":"Shell Parasite","floor":18,"turns":6},{"damage":30,"enemies":"2 Thieves","floor":19,"turns":4},{"damage":15,"enemies":"Snake Plant","floor":22,"turns":6},{"damage":30,"enemies":"Slavers","floor":23,"turns":5},{"damage":26,"enemies":"Gremlin Leader","floor":25,"turns":5},{"damage":9,"enemies":"Shelled Parasite and Fungi","floor":28,"turns":6},{"damage":25,"enemies":"Centurion and Healer","floor":29,"turns":5},{"damage":15,"enemies":"Book of Stabbing","floor":30,"turns":2}],"seed_played":"-3612009284865432834","potions_obtained":[{"floor":2.0,"key":"Regen Potion"},{"floor":4.0,"key":"SkillPotion"},{"floor":5.0,"key":"AttackPotion"},{"floor":14.0,"key":"Regen Potion"},{"floor":16,"key":"AttackPotion"},{"floor":18,"key":"Swift Potion"},{"floor":19,"key":"Block Potion"},{"floor":23,"key":"FearPotion"}],"is_trial":false,"path_per_floor":["M","M","?","M","M","E","M","M","T","R","E","M","?","M","R","B",null,"M","M","?","$","M","E","?","E","T","R","M","M","E"],"character_chosen":"DEFECT","items_purchased":["Molten Egg 2","HandDrill"],"campfire_rested":3,"item_purchase_floors":[21,21],"current_hp_per_floor":[78,70,63,61,52,22,28,34,34,58,47,51,35,41,65,51,82,82,59,59,59,66,43,37,11,11,35,33,15,0],"gold":192,"neow_bonus":"TEN_PERCENT_HP_BONUS","is_prod":false,"is_daily":false,"chose_seed":false,"campfire_upgraded":0,"win_rate":0,"timestamp":1568558633,"path_taken":["M","M","?","M","M","E","M","M","T","R","E","M","?","M","R","BOSS","BOSS","M","M","?","$","M","E","?","E","T","R","M","M","E"],"build_version":"2019-09-12","purchased_purges":0,"victory":false,"max_hp_per_floor":[82,82,82,82,82,82,82,82,82,82,82,82,82,82,82,82,82,82,82,82,82,82,82,82,82,82,82,82,82,82],"card_choices":[{"not_picked":["Go for the Eyes","Barrage"],"picked":"Cold Snap","floor":1.0},{"not_picked":["Tempest","Rip and Tear"],"picked":"Redo","floor":2.0},{"not_picked":["Reprogram","Compile Driver"],"picked":"Conserve Battery","floor":4.0},{"not_picked":["Aggregate","Cold Snap"],"picked":"Self Repair","floor":5.0},{"not_picked":["Redo","Echo Form"],"picked":"Biased Cognition","floor":6.0},{"not_picked":["Doom and Gloom","Conserve Battery"],"picked":"Sweeping Beam","floor":7.0},{"not_picked":["Reprogram","Aggregate"],"picked":"Loop","floor":8.0},{"not_picked":["Undo","Darkness"],"picked":"Ball Lightning","floor":11.0},{"not_picked":["Genetic Algorithm","Conserve Battery"],"picked":"Go for the Eyes","floor":12.0},{"not_picked":["Loop","BootSequence"],"picked":"Streamline","floor":14.0},{"not_picked":["Seek","Biased Cognition"],"picked":"Fission","floor":16},{"not_picked":["Recycle","Steam"],"picked":"Cold Snap+1","floor":18},{"not_picked":["Streamline+1","BootSequence+1"],"picked":"Double Energy","floor":19},{"not_picked":["Streamline+1","Steam"],"picked":"Barrage+1","floor":22},{"not_picked":["Redo","Melter+1"],"picked":"Coolheaded","floor":23},{"not_picked":["Redo","Fusion"],"picked":"FTL+1","floor":25},{"not_picked":["Gash+1","Rebound+1"],"picked":"All For One+1","floor":28},{"not_picked":["Coolheaded","Sweeping Beam+1","Leap+1"],"picked":"SKIP","floor":29}],"player_experience":142649,"relics_obtained":[{"floor":6.0,"key":"Orichalcum"},{"floor":11.0,"key":"Tiny Chest"},{"floor":23,"key":"Mercury Hourglass"},{"floor":23,"key":"Potion Belt"},{"floor":25,"key":"Ancient Tea Set"},{"floor":25,"key":"TungstenRod"},{"floor":26,"key":"Gremlin Horn"}],"event_choices":[{"damage_healed":0.0,"max_hp_gain":0.0,"max_hp_loss":0.0,"gold_gain":0.0,"event_name":"Scrap Ooze","player_choice":"Success","floor":3.0,"gold_loss":0.0,"damage_taken":7.0,"relics_obtained":["PreservedInsect"]},{"damage_healed":0.0,"max_hp_gain":0.0,"max_hp_loss":0.0,"gold_gain":0.0,"event_name":"Shining Light","player_choice":"Entered Light","floor":13.0,"gold_loss":0.0,"damage_taken":16.0,"cards_upgraded":["Conserve Battery","Dualcast"]},{"damage_healed":0,"gold_gain":0,"cards_transformed":["Strike_B","Defend_B"],"player_choice":"Became Test Subject","damage_taken":0,"max_hp_gain":0,"max_hp_loss":0,"event_name":"Drug Dealer","floor":20,"gold_loss":0,"cards_obtained":["Loop","Conserve Battery"]},{"damage_healed":0,"gold_gain":0,"player_choice":"Joined the Cult","damage_taken":6,"max_hp_gain":0,"max_hp_loss":0,"event_name":"Nest","floor":24,"gold_loss":0,"cards_obtained":["RitualDagger"]}],"is_beta":true,"boss_relics":[{"not_picked":["Astrolabe","Cursed Key"],"picked":"Black Star"}],"items_purged_floors":[],"is_endless":false,"potions_floor_spawned":[2,4,5,14,16,18,19,23],"killed_by":"Book of Stabbing","ascension_level":2}