{"gold_per_floor":[119,135,145,165,165,165,198,198,269,295,310,385,402,463,463,540,540,558,571,486,78,98,98],"floor_reached":23,"playtime":1044,"items_purged":["Strike_R"],"score":526,"play_id":"1a5a46c0-67f7-4e9e-bf02-f7b7fcd232cf","local_time":"20190205014726","is_ascension_mode":true,"campfire_choices":[{"data":"Whirlwind","floor":6,"key":"SMITH"},{"floor":8,"key":"REST"},{"data":"Demon Form","floor":15,"key":"SMITH"}],"neow_cost":"NONE","seed_source_timestamp":2517698162915370,"circlet_count":0,"master_deck":["AscendersBane","Strike_R","Strike_R","Strike_R","Defend_R","Defend_R","Defend_R","Defend_R","Bash","Carnage","Whirlwind+1","Headbutt","Evolve","True Grit","Demon Form+1","Metallicize","Battle Trance","Reaper","Heavy Blade","Havoc+1","Shrug It Off"],"relics":["Burning Blood","Champion Belt","Pear","Pen Nib","Tiny Chest","Cursed Key","Dream Catcher","Magic Flower"],"potions_floor_usage":[7,14,14,22,23],"damage_taken":[{"damage":12,"enemies":"Cultist","floor":1,"turns":5},{"damage":5,"enemies":"Small Slimes","floor":2,"turns":3},{"damage":6,"enemies":"2 Louse","floor":3,"turns":2},{"damage":20,"enemies":"Looter","floor":4,"turns":4},{"damage":30,"enemies":"Lagavulin","floor":7,"turns":6},{"damage":26,"enemies":"Gremlin Nob","floor":10,"turns":4},{"damage":0,"enemies":"3 Louse","floor":11,"turns":1},{"damage":8,"enemies":"Large Slime","floor":13,"turns":6},{"damage":15,"enemies":"3 Sentries","floor":14,"turns":5},{"damage":0,"enemies":"Slime Boss","floor":16,"turns":6},{"damage":35,"enemies":"Shell Parasite","floor":18,"turns":6},{"damage":1,"enemies":"3 Byrds","floor":19,"turns":6},{"damage":16,"enemies":"Snake Plant","floor":22,"turns":4},{"damage":86,"enemies":"Slavers","floor":23,"turns":4}],"seed_played":"245128694073165354","potions_obtained":[{"floor":3,"key":"FearPotion"},{"floor":7,"key":"SkillPotion"},{"floor":13,"key":"EssenceOfSteel"},{"floor":14,"key":"Block Potion"},{"floor":19,"key":"PowerPotion"}],"is_trial":false,"path_per_floor":["M","M","M","M","?","R","E","R","T","E","M","?","M","E","R","B",null,"M","M","?","$","M","E"],"character_chosen":"IRONCLAD","items_purchased":["Magic Flower"],"campfire_rested":1,"item_purchase_floors":[21],"current_hp_per_floor":[69,70,70,56,49,49,25,49,59,39,45,34,32,23,23,29,76,47,57,57,57,71,0],"gold":98,"neow_bonus":"TEN_PERCENT_HP_BONUS","is_prod":false,"is_daily":false,"chose_seed":false,"campfire_upgraded":2,"win_rate":0,"timestamp":1549360046,"path_taken":["M","M","M","?","?","R","E","R","T","E","M","?","M","E","R","BOSS","M","M","?","$","M","E"],"build_version":"2019-01-23","purchased_purges":1,"victory":false,"max_hp_per_floor":[82,82,82,82,82,82,82,82,92,92,92,92,92,92,92,92,92,92,92,92,92,92,92],"card_choices":[{"not_picked":["Headbutt","Body Slam"],"picked":"Carnage","floor":1},{"not_picked":["Pommel Strike","Sever Soul"],"picked":"Whirlwind","floor":2},{"not_picked":["Blood for Blood","Sword Boomerang"],"picked":"Headbutt","floor":3},{"not_picked":["Heavy Blade","Armaments"],"picked":"Evolve","floor":4},{"not_picked":["Cleave","Reckless Charge"],"picked":"True Grit","floor":7},{"not_picked":["Limit Break","Headbutt"],"picked":"Demon Form","floor":10},{"not_picked":["Rupture","Body Slam"],"picked":"Metallicize","floor":11},{"not_picked":["Bloodletting","Armaments","Hemokinesis"],"picked":"SKIP","floor":13},{"not_picked":["Shrug It Off","Sentinel"],"picked":"Battle Trance","floor":14},{"not_picked":["Fiend Fire","Barricade"],"picked":"Reaper","floor":16},{"not_picked":["Dropkick","True Grit"],"picked":"Heavy Blade","floor":18},{"not_picked":["Thunderclap","Heavy Blade"],"picked":"Havoc+1","floor":19},{"not_picked":["Hemokinesis","Heavy Blade"],"picked":"Shrug It Off","floor":22}],"player_experience":1219197,"relics_obtained":[{"floor":7,"key":"Champion Belt"},{"floor":9,"key":"Pear"},{"floor":10,"key":"Pen Nib"},{"floor":14,"key":"Tiny Chest"}],"event_choices":[{"cards_removed":["Strike_R"],"damage_healed":0,"gold_gain":0,"player_choice":"Card Removal","damage_taken":7,"max_hp_gain":0,"max_hp_loss":0,"event_name":"Golden Wing","floor":5,"gold_loss":0},{"damage_healed":0,"gold_gain":75,"player_choice":"Gather Gold","damage_taken":11,"max_hp_gain":0,"max_hp_loss":0,"event_name":"World of Goop","floor":12,"gold_loss":0},{"damage_healed":0,"gold_gain":0,"player_choice":"Obtained Relic","damage_taken":0,"relics_obtained":["Dream Catcher"],"max_hp_gain":0,"max_hp_loss":0,"event_name":"Addict","floor":20,"gold_loss":85}],"is_beta":true,"boss_relics":[{"not_picked":["Runic Dome","Pandora\u0027s Box"],"picked":"Cursed Key"}],"items_purged_floors":[21],"is_endless":false,"potions_floor_spawned":[3,7,13,14,19],"killed_by":"Slavers","ascension_level":20}