{"gold_per_floor":[116,62,73,73,73,105,121,121,121,139,158,10,30,43,43,141,141,154,154,170,185,198,209,170,170,224,85,97,130,130,143,143,240,240,257,277,30,30,30,30,30,30,108,119,136,154,154,174,174,174],"floor_reached":50,"playtime":5466,"items_purged":[],"score":595,"play_id":"416a0508-c591-4705-a117-8a0a79b108c4","local_time":"20190803155051","is_ascension_mode":false,"campfire_choices":[{"data":"Sunder","floor":8.0,"key":"SMITH"},{"data":"White Noise","floor":15.0,"key":"SMITH"},{"data":"All For One","floor":30.0,"key":"SMITH"},{"floor":32.0,"key":"REST"},{"data":"Buffer","floor":40,"key":"SMITH"},{"floor":47,"key":"REST"},{"floor":49,"key":"REST"}],"neow_cost":"NONE","seed_source_timestamp":0,"circlet_count":0,"master_deck":["Strike_B+1","Strike_B+1","Strike_B+1","Strike_B+1","Defend_B+1","Defend_B+1","Defend_B+1","Defend_B+1","Zap","Dualcast","Go for the Eyes+1","Cold Snap","Ball Lightning","Sunder+1","Chill","White Noise+1","White Noise","Cold Snap","Buffer+1","Turbo","Cold Snap+1","Undo+1","Double Energy","Ball Lightning","Static Discharge","All For One+1","Capacitor","Rainbow","Beam Cell+1","Multi-Cast","Normality","Pain","Clumsy","Gash","Auto Shields+1","Go for the Eyes","Amplify","White Noise+1","Sweeping Beam+1","Conserve Battery+1","Undo","White Noise+1"],"special_seed":0,"relics":["FrozenCore","NeowsBlessing","Torii","Sundial","Gremlin Horn","Strawberry","Centennial Puzzle","Pen Nib","Bag of Preparation","Calling Bell","Dream Catcher","Pantograph","WingedGreaves","Toolbox","Mango","Pear"],"potions_floor_usage":[50,50],"damage_taken":[{"damage":0.0,"enemies":"Jaw Worm","floor":1.0,"turns":1.0},{"damage":0.0,"enemies":"Cultist","floor":3.0,"turns":1.0},{"damage":0.0,"enemies":"Gremlin Nob","floor":6.0,"turns":1.0},{"damage":0.0,"enemies":"Small Slimes","floor":7.0,"turns":2.0},{"damage":0.0,"enemies":"3 Louse","floor":10.0,"turns":2.0},{"damage":0.0,"enemies":"Exordium Thugs","floor":11.0,"turns":3.0},{"damage":9.0,"enemies":"2 Fungi Beasts","floor":13.0,"turns":2.0},{"damage":1.0,"enemies":"Exordium Wildlife","floor":14.0,"turns":2.0},{"damage":16.0,"enemies":"Hexaghost","floor":16.0,"turns":12.0},{"damage":2.0,"enemies":"Shell Parasite","floor":18.0,"turns":5.0},{"damage":0.0,"enemies":"Spheric Guardian","floor":20.0,"turns":5.0},{"damage":1.0,"enemies":"Shelled Parasite and Fungi","floor":21.0,"turns":6.0},{"damage":12.0,"enemies":"Cultist and Chosen","floor":22.0,"turns":9.0},{"damage":0.0,"enemies":"3 Cultists","floor":23.0,"turns":7.0},{"damage":16.0,"enemies":"Centurion and Healer","floor":28.0,"turns":4.0},{"damage":1.0,"enemies":"Gremlin Leader","floor":29.0,"turns":6.0},{"damage":0.0,"enemies":"Snecko","floor":31.0,"turns":2.0},{"damage":41.0,"enemies":"Collector","floor":33.0,"turns":15.0},{"damage":13,"enemies":"3 Darklings","floor":35,"turns":6},{"damage":3,"enemies":"Orb Walker","floor":36,"turns":5},{"damage":12,"enemies":"Transient","floor":44,"turns":5},{"damage":3,"enemies":"Maw","floor":45,"turns":9},{"damage":26,"enemies":"3 Darklings","floor":46,"turns":8},{"damage":25,"enemies":"Spire Growth","floor":48,"turns":7},{"damage":110,"enemies":"Donu and Deca","floor":50,"turns":10}],"seed_played":"5611787623529733304","potions_obtained":[{"floor":3.0,"key":"Dexterity Potion"},{"floor":6.0,"key":"EssenceOfSteel"},{"floor":13.0,"key":"Weak Potion"},{"floor":16.0,"key":"Energy Potion"},{"floor":18.0,"key":"FearPotion"},{"floor":22.0,"key":"Energy Potion"},{"floor":44,"key":"Strength Potion"},{"floor":46,"key":"AttackPotion"}],"is_trial":false,"path_per_floor":["M","?","M","?","?","E","M","R","T","M","M","$","M","M","R","B",null,"M","?","M","M","M","M","$","?","T","$","M","E","R","M","R","B",null,"M","M","$","T","$","R","?","$","T","M","M","M","R","M","R","B"],"character_chosen":"DEFECT","items_purchased":["Strawberry","Static Discharge","All For One","Capacitor","Go for the Eyes","Toolbox"],"campfire_rested":3,"item_purchase_floors":[12,24,27,27,37,37],"current_hp_per_floor":[75,75,75,75,75,75,75,75,75,75,75,82,73,72,72,56,82,80,80,80,79,67,67,67,67,67,67,51,50,50,50,74,33,82,69,66,66,80,80,80,80,80,90,78,75,49,80,55,86,0],"gold":174,"neow_bonus":"THREE_ENEMY_KILL","is_prod":false,"is_daily":false,"chose_seed":false,"campfire_upgraded":4,"win_rate":0.0,"timestamp":1564836651,"path_taken":["M","?","?","?","?","E","M","R","T","M","M","$","M","M","R","BOSS","M","?","M","M","M","M","$","?","T","?","M","E","R","M","R","BOSS","M","M","$","?","$","R","?","?","T","M","?","M","R","M","R","BOSS"],"build_version":"2019-07-17","purchased_purges":0,"victory":false,"max_hp_per_floor":[75,75,75,75,75,75,75,75,75,75,75,82,82,82,82,82,82,82,82,82,82,82,82,82,82,82,82,82,82,82,82,82,82,82,82,82,82,96,96,96,96,96,106,106,106,106,106,106,106,106],"card_choices":[{"not_picked":["Storm","Consume"],"picked":"Go for the Eyes","floor":1.0},{"not_picked":["Go for the Eyes","Ball Lightning"],"picked":"Cold Snap","floor":3.0},{"not_picked":["Stack","Buffer"],"picked":"Ball Lightning","floor":6.0},{"not_picked":["Hologram","Leap"],"picked":"Sunder","floor":7.0},{"not_picked":["Coolheaded","Redo"],"picked":"Chill","floor":10.0},{"not_picked":["Double Energy","Compile Driver"],"picked":"White Noise","floor":11.0},{"not_picked":["Sweeping Beam","Darkness"],"picked":"White Noise","floor":13.0},{"not_picked":["Aggregate","Beam Cell"],"picked":"Cold Snap","floor":14.0},{"not_picked":["Thunder Strike","Amplify"],"picked":"Buffer","floor":16.0},{"not_picked":["Rebound","Streamline"],"picked":"Turbo","floor":18.0},{"not_picked":["Doom and Gloom","Chill"],"picked":"Cold Snap+1","floor":20.0},{"not_picked":["Heatsinks","Rebound+1"],"picked":"Undo+1","floor":21.0},{"not_picked":["Conserve Battery","Rebound"],"picked":"Double Energy","floor":22.0},{"not_picked":["Steam Power","Rebound"],"picked":"Ball Lightning","floor":23.0},{"not_picked":["Beam Cell","Compile Driver"],"picked":"Rainbow","floor":28.0},{"not_picked":["Turbo","Rebound"],"picked":"Beam Cell+1","floor":29.0},{"not_picked":["Aggregate","Amplify"],"picked":"Reinforced Body","floor":31.0},{"not_picked":["Amplify","Fission"],"picked":"Multi-Cast","floor":33.0},{"not_picked":["Cold Snap","Coolheaded+1"],"picked":"Gash","floor":35},{"not_picked":["Doom and Gloom","Redo"],"picked":"Auto Shields+1","floor":36},{"not_picked":["Tempest","Barrage+1"],"picked":"Amplify","floor":44},{"not_picked":["Stack+1","Turbo+1"],"picked":"White Noise+1","floor":45},{"not_picked":["Double Energy","Capacitor"],"picked":"Sweeping Beam+1","floor":46},{"not_picked":["Redo","BootSequence"],"picked":"Conserve Battery+1","floor":47},{"not_picked":["Hologram","Rip and Tear"],"picked":"Undo","floor":48},{"not_picked":["Gash","Sweeping Beam+1"],"picked":"White Noise+1","floor":49}],"player_experience":24674,"relics_obtained":[{"floor":6.0,"key":"Sundial"},{"floor":9.0,"key":"Gremlin Horn"},{"floor":26.0,"key":"Pen Nib"},{"floor":29.0,"key":"Bag of Preparation"},{"floor":34.0,"key":"Dream Catcher"},{"floor":34.0,"key":"Pantograph"},{"floor":34.0,"key":"WingedGreaves"},{"floor":38,"key":"Mango"},{"floor":43,"key":"Pear"}],"event_choices":[{"damage_healed":0.0,"max_hp_gain":0.0,"max_hp_loss":0.0,"gold_gain":0.0,"event_name":"WeMeetAgain","player_choice":"Paid Gold","floor":2.0,"gold_loss":54.0,"damage_taken":0.0,"relics_obtained":["Torii"]},{"damage_healed":0.0,"max_hp_gain":0.0,"max_hp_loss":0.0,"gold_gain":0.0,"event_name":"Golden Wing","player_choice":"Ignored","floor":4.0,"gold_loss":0.0,"damage_taken":0.0},{"damage_healed":0.0,"max_hp_gain":0.0,"max_hp_loss":0.0,"gold_gain":0.0,"event_name":"Upgrade Shrine","player_choice":"Upgraded","floor":5.0,"gold_loss":0.0,"damage_taken":0.0,"cards_upgraded":["Go for the Eyes"]},{"damage_healed":0.0,"max_hp_gain":0.0,"max_hp_loss":0.0,"gold_gain":0.0,"event_name":"Back to Basics","player_choice":"Simplicity","floor":19.0,"gold_loss":0.0,"damage_taken":0.0,"cards_upgraded":["Strike_B","Strike_B","Strike_B","Strike_B","Defend_B","Defend_B","Defend_B","Defend_B"]},{"damage_healed":0.0,"max_hp_gain":0.0,"max_hp_loss":0.0,"gold_gain":0.0,"event_name":"The Mausoleum","player_choice":"Opened","floor":25.0,"gold_loss":0.0,"damage_taken":0.0,"relics_obtained":["Centennial Puzzle"]},{"cards_removed":["Reinforced Body"],"damage_healed":0,"gold_gain":0,"player_choice":"Removed Skill","damage_taken":0,"max_hp_gain":0,"max_hp_loss":0,"event_name":"Falling","floor":41,"gold_loss":0}],"is_beta":false,"boss_relics":[{"not_picked":["Nuclear Battery","Fusion Hammer"],"picked":"FrozenCore"},{"not_picked":["Tiny House","Snecko Eye"],"picked":"Calling Bell"}],"items_purged_floors":[],"is_endless":false,"potions_floor_spawned":[3,6,13,16,18,22,28,31,44,46,48],"killed_by":"Donu and Deca","ascension_level":0}