{"gold_per_floor":[116,116,391,404,418,418,256,272,272,272,311,22,22,63,63,184,184,173,173,191,29,42,42,65,65,65,65,103,103,128,128,128,252,252,275,298,423,442,442,442,299,299,299,299,632,632,655,688,688,688],"floor_reached":51,"playtime":5000,"items_purged":["Regret","Strike_B","Strike_B","Strike_B"],"score":919,"play_id":"262d4826-25cf-4476-9d4b-efa37e16a479","local_time":"20190326170245","is_ascension_mode":true,"campfire_choices":[{"data":"Zap","floor":6.0,"key":"SMITH"},{"data":"Defragment","floor":10.0,"key":"SMITH"},{"data":"Panacea","floor":13.0,"key":"SMITH"},{"floor":15.0,"key":"REST"},{"data":"Seek","floor":23.0,"key":"SMITH"},{"data":"Reinforced Body","floor":27.0,"key":"SMITH"},{"data":"Coolheaded","floor":29.0,"key":"SMITH"},{"data":"Capacitor","floor":32.0,"key":"SMITH"},{"data":"Biased Cognition","floor":40,"key":"SMITH"},{"data":"Thunder Strike","floor":42,"key":"SMITH"},{"data":"White Noise","floor":44,"key":"SMITH"},{"floor":46,"key":"REST"},{"data":"Defragment","floor":49,"key":"SMITH"}],"neow_cost":"NONE","seed_source_timestamp":4931907452030,"circlet_count":0,"master_deck":["Strike_B+1","Defend_B","Defend_B","Defend_B","Defend_B","Zap+1","Dualcast","Cold Snap+1","Biased Cognition+1","Defragment+1","Rebound","Defragment+1","Panacea+1","Seek+1","Storm+1","White Noise+1","Coolheaded+1","Reinforced Body+1","Glacier+1","Capacitor+1","Thunder Strike+1","Conserve Battery+1","Undo+1","Reboot+1","Chill+1"],"special_seed":0,"relics":["FrozenCore","NeowsBlessing","Singing Bowl","Gremlin Horn","Membership Card","Whetstone","OrangePellets","Toxic Egg 2","Pantograph","Inserter","Ice Cream","Blue Candle","Potion Belt","Pear"],"potions_floor_usage":[33,50],"damage_taken":[{"damage":0.0,"enemies":"Jaw Worm","floor":1.0,"turns":1.0},{"damage":0.0,"enemies":"Small Slimes","floor":4.0,"turns":2.0},{"damage":0.0,"enemies":"Cultist","floor":5.0,"turns":1.0},{"damage":7.0,"enemies":"2 Fungi Beasts","floor":8.0,"turns":3.0},{"damage":13.0,"enemies":"Gremlin Nob","floor":11.0,"turns":4.0},{"damage":31.0,"enemies":"Lagavulin","floor":14.0,"turns":6.0},{"damage":0.0,"enemies":"The Guardian","floor":16.0,"turns":9.0},{"damage":16.0,"enemies":"2 Thieves","floor":18.0,"turns":4.0},{"damage":4.0,"enemies":"Chosen","floor":20.0,"turns":3.0},{"damage":3.0,"enemies":"Centurion and Healer","floor":22.0,"turns":5.0},{"damage":6.0,"enemies":"Snake Plant","floor":24.0,"turns":3.0},{"damage":17.0,"enemies":"Book of Stabbing","floor":28.0,"turns":6.0},{"damage":2.0,"enemies":"Sentry and Sphere","floor":30.0,"turns":3.0},{"damage":25,"enemies":"Automaton","floor":33,"turns":9},{"damage":46,"enemies":"3 Darklings","floor":35,"turns":7},{"damage":8,"enemies":"3 Shapes","floor":36,"turns":4},{"damage":0,"enemies":"Mind Bloom Boss Battle","floor":37,"turns":6},{"damage":0,"enemies":"3 Darklings","floor":38,"turns":5},{"damage":0,"enemies":"Nemesis","floor":48,"turns":9},{"damage":8,"enemies":"Awakened One","floor":50,"turns":17}],"seed_played":"-4409509429899469010","potions_obtained":[{"floor":5.0,"key":"EssenceOfSteel"},{"floor":8.0,"key":"Regen Potion"},{"floor":11.0,"key":"LiquidBronze"},{"floor":28.0,"key":"Dexterity Potion"},{"floor":30.0,"key":"Fruit Juice"},{"floor":36,"key":"GamblersBrew"},{"floor":38,"key":"AttackPotion"}],"is_trial":false,"path_per_floor":["M","?","?","M","M","R","$","M","T","R","E","$","R","E","R","B",null,"M","?","M","$","M","R","M","?","T","R","E","R","M","?","R","B",null,"M","M","?","M","T","R","$","R","T","R","?","R","T","E","R","B",null],"character_chosen":"DEFECT","items_purchased":["Defragment","Fire Potion","Membership Card","Panacea","OrangePellets","Reboot+1"],"campfire_rested":2,"item_purchase_floors":[7,7,12,12,21,41],"current_hp_per_floor":[75,57,57,57,57,57,57,50,50,50,37,37,37,23,46,46,77,61,61,57,57,56,56,50,50,50,50,33,33,31,31,31,36,84,38,32,57,59,59,59,59,59,59,59,59,85,85,95,95,90],"gold":688,"neow_bonus":"THREE_ENEMY_KILL","is_prod":false,"is_daily":false,"chose_seed":false,"campfire_upgraded":11,"win_rate":0,"timestamp":1553634165,"path_taken":["M","?","?","M","?","R","$","M","T","R","E","$","R","E","R","BOSS","M","?","M","$","M","R","M","?","T","R","E","R","M","?","R","BOSS","M","M","?","M","?","R","$","R","T","R","?","R","?","E","R","BOSS"],"build_version":"2019-01-23","purchased_purges":4,"victory":true,"max_hp_per_floor":[75,75,75,75,75,75,75,75,75,75,75,75,75,77,77,77,77,77,77,77,77,79,79,79,79,79,79,79,79,79,79,79,84,84,84,86,86,88,88,88,88,88,88,88,88,88,88,98,98,98],"card_choices":[{"not_picked":["Hologram","Loop","Redo"],"picked":"SKIP","floor":1.0},{"not_picked":["Loop","Compile Driver"],"picked":"Cold Snap","floor":4.0},{"not_picked":["Go for the Eyes","Defragment"],"picked":"Biased Cognition","floor":5.0},{"not_picked":["Gash","Hello World"],"picked":"Rebound","floor":8.0},{"not_picked":["Conserve Battery","Coolheaded"],"picked":"Defragment","floor":11.0},{"not_picked":["FTL","Heatsinks","Sunder"],"picked":"Singing Bowl","floor":14.0},{"not_picked":["Multi-Cast","Amplify"],"picked":"Seek","floor":16.0},{"not_picked":["Double Energy","Auto Shields"],"picked":"Storm+1","floor":18.0},{"not_picked":["Beam Cell","Undo"],"picked":"Coolheaded","floor":20.0},{"not_picked":["Stack","Chaos","Rip and Tear"],"picked":"Singing Bowl","floor":22.0},{"not_picked":["Cold Snap","White Noise"],"picked":"Reinforced Body","floor":24.0},{"not_picked":["Gash+1","Redo+1"],"picked":"Glacier+1","floor":28.0},{"not_picked":["Sunder","Tempest+1"],"picked":"Capacitor","floor":30.0},{"not_picked":["Multi-Cast+1","Fission+1"],"picked":"Thunder Strike","floor":33},{"not_picked":["Barrage+1","BootSequence+1"],"picked":"Conserve Battery+1","floor":35},{"not_picked":["Barrage+1","Loop+1","Conserve Battery+1"],"picked":"Singing Bowl","floor":36},{"not_picked":["White Noise+1","Compile Driver"],"picked":"Undo+1","floor":37},{"not_picked":["Self Repair+1","Aggregate+1","Beam Cell+1"],"picked":"Singing Bowl","floor":38},{"not_picked":["Tempest+1","Turbo+1"],"picked":"Chill+1","floor":48}],"player_experience":466039,"relics_obtained":[{"floor":9.0,"key":"Singing Bowl"},{"floor":11.0,"key":"Gremlin Horn"},{"floor":14.0,"key":"Whetstone"},{"floor":26.0,"key":"Toxic Egg 2"},{"floor":28.0,"key":"Pantograph"},{"floor":37,"key":"Ice Cream"},{"floor":39,"key":"Blue Candle"},{"floor":47,"key":"Potion Belt"},{"floor":48,"key":"Pear"}],"event_choices":[{"damage_healed":0.0,"max_hp_gain":0.0,"max_hp_loss":0.0,"gold_gain":0.0,"event_name":"Golden Idol","player_choice":"Take Damage","floor":2.0,"gold_loss":0.0,"damage_taken":18.0,"relics_obtained":["Golden Idol"]},{"damage_healed":0.0,"max_hp_gain":0.0,"max_hp_loss":0.0,"gold_gain":275.0,"event_name":"Golden Shrine","player_choice":"Desecrate","floor":3.0,"gold_loss":0.0,"damage_taken":0.0,"cards_obtained":["Regret"]},{"damage_healed":0.0,"max_hp_gain":0.0,"max_hp_loss":0.0,"gold_gain":0.0,"event_name":"The Library","player_choice":"Read","floor":19.0,"gold_loss":0.0,"damage_taken":0.0,"cards_obtained":["White Noise"]},{"damage_healed":0.0,"max_hp_gain":0.0,"max_hp_loss":0.0,"gold_gain":0.0,"event_name":"Beggar","player_choice":"Ignored","floor":25.0,"gold_loss":0.0,"damage_taken":0.0},{"damage_healed":0.0,"max_hp_gain":0.0,"max_hp_loss":0.0,"gold_gain":0.0,"event_name":"Lab","player_choice":"Got Potions","floor":31.0,"gold_loss":0.0,"damage_taken":0.0},{"damage_healed":0,"gold_gain":0,"player_choice":"Fight","damage_taken":0,"max_hp_gain":0,"max_hp_loss":0,"event_name":"MindBloom","floor":37,"gold_loss":0},{"damage_healed":0,"gold_gain":333,"player_choice":"Gave Idol","damage_taken":0,"max_hp_gain":0,"max_hp_loss":0,"event_name":"The Moai Head","floor":45,"relics_lost":["Golden Idol"],"gold_loss":0}],"is_beta":false,"boss_relics":[{"not_picked":["Ectoplasm","Orrery"],"picked":"FrozenCore"},{"not_picked":["Black Star","Tiny House"],"picked":"Inserter"}],"items_purged_floors":[7,12,21,41],"is_endless":false,"potions_floor_spawned":[5,8,11,28,30,36,38],"ascension_level":4}