{"gold_per_floor":[114,132,132,142,102,102,133,147,147,181,181,210,225,225,225,315,315,333,356,119,142,57,57,57,57,57,1,1,26,26,42,42,42],"floor_reached":33,"playtime":2921,"items_purged":["Berserk+1"],"score":630,"play_id":"a267d6dc-7424-4f44-b796-246d4149261e","local_time":"20190505000631","is_ascension_mode":true,"campfire_choices":[{"data":"Clothesline","floor":6.0,"key":"SMITH"},{"data":"Anger","floor":15,"key":"SMITH"},{"data":"True Grit","floor":23,"key":"SMITH"},{"floor":28,"key":"REST"},{"data":"Heavy Blade","floor":32,"key":"SMITH"}],"neow_cost":"NONE","seed_source_timestamp":0,"circlet_count":0,"master_deck":["AscendersBane","Strike_R","Strike_R","Defend_R","Defend_R","Defend_R","Defend_R","Bash+1","Clothesline+1","Battle Trance","Shockwave","Anger+1","Immolate","Demon Form","Reaper","Power Through+1","Rage+1","True Grit+1","Battle Trance","Heavy Blade+1"],"special_seed":0,"relics":["Burning Blood","Pen Nib","Kunai","Matryoshka","Blue Candle","Juzu Bracelet","Bloody Idol","Astrolabe","Art of War","Nunchaku","MutagenicStrength","Centennial Puzzle","Du-Vu Doll"],"potions_floor_usage":[10,16,16,18,21,33],"damage_taken":[{"damage":6.0,"enemies":"Small Slimes","floor":1.0,"turns":4.0},{"damage":0.0,"enemies":"Cultist","floor":2.0,"turns":3.0},{"damage":7.0,"enemies":"2 Louse","floor":4.0,"turns":3.0},{"damage":8.0,"enemies":"Gremlin Nob","floor":7.0,"turns":3.0},{"damage":6,"enemies":"Looter","floor":8,"turns":4},{"damage":10,"enemies":"Lagavulin","floor":10,"turns":7},{"damage":0,"enemies":"Gremlin Nob","floor":12,"turns":2},{"damage":0,"enemies":"2 Fungi Beasts","floor":13,"turns":2},{"damage":25,"enemies":"The Guardian","floor":16,"turns":12},{"damage":40,"enemies":"Spheric Guardian","floor":18,"turns":6},{"damage":26,"enemies":"2 Thieves","floor":19,"turns":4},{"damage":20,"enemies":"Centurion and Healer","floor":21,"turns":10},{"damage":19,"enemies":"Sentry and Sphere","floor":29,"turns":5},{"damage":15,"enemies":"Snake Plant","floor":31,"turns":4},{"damage":42,"enemies":"Automaton","floor":33,"turns":8}],"seed_played":"-4251934803999308234","potions_obtained":[{"floor":2.0,"key":"SkillPotion"},{"floor":5.0,"key":"Explosive Potion"},{"floor":5.0,"key":"SteroidPotion"},{"floor":8,"key":"Block Potion"},{"floor":13,"key":"Poison Potion"},{"floor":16,"key":"SpeedPotion"},{"floor":19,"key":"Regen Potion"}],"is_trial":false,"path_per_floor":["M","M","?","M","?","R","E","M","T","E","?","E","M","?","R","B",null,"M","M","$","M","?","R","?","?","T","$","R","M","?","M","R","B"],"character_chosen":"IRONCLAD","items_purchased":["Art of War","SpeedPotion"],"campfire_rested":1,"item_purchase_floors":[20,27],"current_hp_per_floor":[68,74,74,73,73,73,71,71,71,67,67,73,75,49,49,30,64,30,10,10,29,29,29,29,29,29,29,51,38,38,34,34,0],"gold":42,"neow_bonus":"RANDOM_COMMON_RELIC","is_prod":false,"is_daily":false,"chose_seed":false,"campfire_upgraded":4,"win_rate":0,"timestamp":1557007591,"path_taken":["M","M","?","M","?","R","E","?","T","E","?","E","M","?","R","BOSS","M","M","$","M","?","R","?","?","T","$","R","M","?","M","R","BOSS"],"build_version":"2019-04-23","purchased_purges":1,"victory":false,"max_hp_per_floor":[75,75,75,75,75,75,75,75,75,75,75,75,75,75,75,75,75,75,75,75,75,75,75,75,75,75,75,75,75,75,75,75,75],"card_choices":[{"not_picked":["Wild Strike","Twin Strike"],"picked":"Clothesline","floor":1.0},{"not_picked":["Intimidate","Body Slam"],"picked":"Battle Trance","floor":2.0},{"not_picked":["Searing Blow","Burning Pact"],"picked":"Shockwave","floor":4.0},{"not_picked":["Havoc","Infernal Blade","Fire Breathing"],"picked":"SKIP","floor":7},{"not_picked":["Sword Boomerang","Warcry"],"picked":"Anger","floor":8},{"not_picked":["Clash","Cleave"],"picked":"Immolate","floor":10},{"not_picked":["Fire Breathing","Clothesline"],"picked":"Demon Form","floor":12},{"not_picked":["Body Slam","Hemokinesis","Infernal Blade"],"picked":"SKIP","floor":13},{"not_picked":["Dark Embrace","Limit Break"],"picked":"Reaper","floor":16},{"not_picked":["Armaments","Iron Wave"],"picked":"True Grit","floor":18},{"not_picked":["Metallicize","Pummel"],"picked":"Battle Trance","floor":19},{"not_picked":["Carnage","Flex","Thunderclap"],"picked":"SKIP","floor":21},{"not_picked":["Clothesline","Body Slam","Battle Trance"],"picked":"SKIP","floor":29},{"not_picked":["Warcry+1","Thunderclap"],"picked":"Heavy Blade","floor":31}],"player_experience":538806,"relics_obtained":[{"floor":7,"key":"Kunai"},{"floor":9,"key":"Matryoshka"},{"floor":10,"key":"Blue Candle"},{"floor":12,"key":"Juzu Bracelet"},{"floor":26,"key":"Centennial Puzzle"},{"floor":26,"key":"Du-Vu Doll"}],"event_choices":[{"damage_healed":0.0,"max_hp_gain":0.0,"max_hp_loss":0.0,"gold_gain":0.0,"event_name":"Living Wall","player_choice":"Grow","floor":3.0,"gold_loss":0.0,"damage_taken":0.0,"cards_upgraded":["Bash"]},{"damage_healed":0.0,"max_hp_gain":0.0,"max_hp_loss":0.0,"gold_gain":0.0,"event_name":"The Woman in Blue","player_choice":"Bought 3 Potions","floor":5.0,"gold_loss":0.0,"damage_taken":0.0},{"damage_healed":0,"gold_gain":0,"player_choice":"Searched \u00270\u0027 times","damage_taken":0,"max_hp_gain":0,"max_hp_loss":0,"event_name":"Dead Adventurer","floor":11,"gold_loss":0},{"damage_healed":0,"gold_gain":0,"player_choice":"Take Damage","damage_taken":26,"relics_obtained":["Golden Idol"],"max_hp_gain":0,"max_hp_loss":0,"event_name":"Golden Idol","floor":14,"gold_loss":0},{"damage_healed":0,"gold_gain":0,"player_choice":"Obtained Relic","damage_taken":0,"relics_obtained":["Nunchaku"],"max_hp_gain":0,"max_hp_loss":0,"event_name":"Addict","floor":22,"gold_loss":85},{"damage_healed":0,"gold_gain":0,"player_choice":"Ignored","damage_taken":0,"max_hp_gain":0,"max_hp_loss":0,"event_name":"N\u0027loth","floor":24,"gold_loss":0},{"damage_healed":0,"gold_gain":0,"player_choice":"Inject Mutagens","damage_taken":0,"relics_obtained":["MutagenicStrength"],"max_hp_gain":0,"max_hp_loss":0,"event_name":"Drug Dealer","floor":25,"gold_loss":0},{"damage_healed":0,"gold_gain":0,"player_choice":"Gave Idol","damage_taken":0,"relics_obtained":["Bloody Idol"],"max_hp_gain":0,"max_hp_loss":0,"event_name":"Forgotten Altar","floor":30,"relics_lost":["Golden Idol"],"gold_loss":0}],"is_beta":true,"boss_relics":[{"not_picked":["Fusion Hammer","Runic Pyramid"],"picked":"Astrolabe"}],"items_purged_floors":[20],"is_endless":false,"potions_floor_spawned":[2,8,13,16,19],"killed_by":"Automaton","ascension_level":20}