{"gold_per_floor":[109,59,234,83,94,128,144,144,144,144,178,178,6,24,24,119,119,136,11,27,27,27,27,55,55,112,141,157,157,7,20,20,122,122,134,134,153,153,153,153],"floor_reached":40,"playtime":2451,"items_purged":["Doubt","Strike_B","Strike_B+1","Writhe"],"score":498,"play_id":"bebbf7b0-a57b-4402-9b3a-7f7c61d66005","local_time":"20190330173623","is_ascension_mode":true,"campfire_choices":[{"data":"Zap","floor":8,"key":"SMITH"},{"data":"Fusion","floor":12,"key":"SMITH"},{"floor":15,"key":"REST"},{"data":"Defragment","floor":23,"key":"SMITH"},{"data":"Conserve Battery","floor":25,"key":"SMITH"},{"floor":32,"key":"REST"}],"neow_cost":"NONE","seed_source_timestamp":190358657997583,"circlet_count":0,"master_deck":["Strike_B+1","Defend_B","Defend_B","Defend_B","Dualcast","Cold Snap","Conserve Battery+1","Redo+1","Coolheaded","Streamline","Fusion+1","Defragment+1","Loop","Cold Snap","Electrodynamics","Rebound+1","Defragment","Loop+1","Skim","Ball Lightning","Buffer","Coolheaded+1"],"relics":["Cracked Core","Strawberry","Blue Candle","Dream Catcher","Whetstone","Cursed Key","Darkstone Periapt","Mango","Tiny Chest","Pantograph","Runic Dome"],"potions_floor_usage":[16,27,28,31],"damage_taken":[{"damage":2,"enemies":"Jaw Worm","floor":1,"turns":3},{"damage":0,"enemies":"2 Louse","floor":5,"turns":3},{"damage":23,"enemies":"Lagavulin","floor":6,"turns":8},{"damage":5,"enemies":"Small Slimes","floor":7,"turns":2},{"damage":20,"enemies":"Gremlin Nob","floor":11,"turns":4},{"damage":8,"enemies":"Blue Slaver","floor":14,"turns":4},{"damage":21,"enemies":"Hexaghost","floor":16,"turns":11},{"damage":10,"enemies":"Spheric Guardian","floor":18,"turns":4},{"damage":5,"enemies":"Chosen","floor":20,"turns":4},{"damage":28,"enemies":"Slavers","floor":24,"turns":5},{"damage":23,"enemies":"Book of Stabbing","floor":27,"turns":8},{"damage":2,"enemies":"Snecko","floor":28,"turns":4},{"damage":15,"enemies":"Shelled Parasite and Fungi","floor":31,"turns":6},{"damage":61,"enemies":"Champ","floor":33,"turns":14},{"damage":21,"enemies":"3 Shapes","floor":35,"turns":3},{"damage":38,"enemies":"3 Darklings","floor":37,"turns":4},{"damage":48,"enemies":"Nemesis","floor":40,"turns":9}],"seed_played":"-1706141450829402063","potions_obtained":[{"floor":6,"key":"Swift Potion"},{"floor":14,"key":"LiquidBronze"},{"floor":18,"key":"Energy Potion"},{"floor":20,"key":"Energy Potion"},{"floor":28,"key":"Ancient Potion"}],"is_trial":false,"path_per_floor":["M","?","?","$","M","E","M","R","T","?","E","R","$","M","R","B",null,"M","$","M","?","?","R","E","R","T","E","M","?","$","M","R","B",null,"M","?","M","$","?","E"],"character_chosen":"DEFECT","items_purchased":["Conserve Battery","Redo","Defragment"],"campfire_rested":2,"item_purchase_floors":[4,4,13],"current_hp_per_floor":[80,80,80,80,80,57,52,52,52,52,32,32,32,24,48,27,82,72,72,67,67,67,67,53,53,59,36,34,34,34,19,49,13,102,81,81,43,43,43,0],"gold":153,"neow_bonus":"RANDOM_COMMON_RELIC","is_prod":false,"is_daily":false,"chose_seed":false,"campfire_upgraded":4,"win_rate":0,"timestamp":1553963783,"path_taken":["M","?","?","$","M","E","M","R","T","?","E","R","?","M","R","BOSS","M","$","M","?","?","R","E","R","T","E","M","?","$","?","R","BOSS","M","?","?","$","?","E"],"build_version":"2019-03-15","purchased_purges":4,"victory":false,"max_hp_per_floor":[82,82,82,82,82,82,82,82,82,82,82,82,82,82,82,82,82,82,82,82,82,82,82,96,96,102,102,102,102,102,102,102,102,102,102,102,102,102,102,102],"card_choices":[{"not_picked":["Go for the Eyes","Beam Cell"],"picked":"Cold Snap","floor":1},{"not_picked":["Leap","Conserve Battery"],"picked":"Coolheaded","floor":5},{"not_picked":["Gash","Redo"],"picked":"Streamline","floor":6},{"not_picked":["Rip and Tear","Stack","Force Field"],"picked":"SKIP","floor":7},{"not_picked":["Reboot","Stack"],"picked":"Fusion","floor":11},{"not_picked":["Conserve Battery","Doom and Gloom"],"picked":"Loop","floor":14},{"not_picked":["Stack","Beam Cell"],"picked":"Cold Snap","floor":15},{"not_picked":["Thunder Strike","Meteor Strike"],"picked":"Electrodynamics","floor":16},{"not_picked":["Go for the Eyes","Lockon+1"],"picked":"Rebound+1","floor":18},{"not_picked":["Rebound","Go for the Eyes","FTL"],"picked":"SKIP","floor":20},{"not_picked":["Turbo","Steam+1"],"picked":"Loop+1","floor":24},{"not_picked":["Scrape","Leap","Rip and Tear"],"picked":"SKIP","floor":27},{"not_picked":["Scrape","Leap","Rip and Tear"],"picked":"SKIP","floor":27},{"not_picked":["Melter","Redo"],"picked":"Skim","floor":28},{"not_picked":["Reprogram","Rebound"],"picked":"Ball Lightning","floor":31},{"not_picked":["Thunder Strike","Hyperbeam"],"picked":"Buffer","floor":33},{"not_picked":["Barrage+1","Turbo+1"],"picked":"Coolheaded+1","floor":35},{"not_picked":["Ball Lightning+1","Gash","Turbo+1"],"picked":"SKIP","floor":37}],"player_experience":412489,"relics_obtained":[{"floor":6,"key":"Blue Candle"},{"floor":9,"key":"Dream Catcher"},{"floor":11,"key":"Whetstone"},{"floor":24,"key":"Mango"},{"floor":26,"key":"Tiny Chest"},{"floor":27,"key":"Pantograph"}],"event_choices":[{"cards_removed":["Strike_B"],"damage_healed":0,"gold_gain":0,"player_choice":"Card Removal","damage_taken":0,"max_hp_gain":0,"max_hp_loss":0,"event_name":"The Cleric","floor":2,"gold_loss":50},{"damage_healed":0,"gold_gain":175,"player_choice":"AGREE","damage_taken":0,"max_hp_gain":0,"max_hp_loss":0,"event_name":"Liars Game","floor":3,"gold_loss":0,"cards_obtained":["Doubt"]},{"damage_healed":0,"gold_gain":0,"player_choice":"Grow","damage_taken":0,"max_hp_gain":0,"max_hp_loss":0,"event_name":"Living Wall","floor":10,"gold_loss":0,"cards_upgraded":["Redo"]},{"damage_healed":0,"gold_gain":0,"player_choice":"Read","damage_taken":0,"max_hp_gain":0,"max_hp_loss":0,"event_name":"The Library","floor":21,"gold_loss":0,"cards_obtained":["Defragment"]},{"damage_healed":0,"gold_gain":0,"player_choice":"Opened","damage_taken":0,"relics_obtained":["Darkstone Periapt"],"max_hp_gain":0,"max_hp_loss":0,"event_name":"The Mausoleum","floor":22,"gold_loss":0},{"damage_healed":0,"gold_gain":0,"player_choice":"Ignored","damage_taken":0,"max_hp_gain":0,"max_hp_loss":0,"event_name":"Ghosts","floor":29,"gold_loss":0},{"cards_removed":["Defend_B"],"damage_healed":0,"gold_gain":0,"player_choice":"Card Removal","damage_taken":0,"max_hp_gain":0,"max_hp_loss":0,"event_name":"Wheel of Change","floor":36,"gold_loss":0},{"cards_removed":["Zap"],"damage_healed":0,"gold_gain":0,"player_choice":"Removed Skill","damage_taken":0,"max_hp_gain":0,"max_hp_loss":0,"event_name":"Falling","floor":39,"gold_loss":0}],"is_beta":true,"boss_relics":[{"not_picked":["Ectoplasm","Astrolabe"],"picked":"Cursed Key"},{"not_picked":["White Beast Statue","Runic Pyramid"],"picked":"Runic Dome"}],"items_purged_floors":[4,13,19,30],"is_endless":false,"potions_floor_spawned":[6,14,18,20,28],"killed_by":"Nemesis","ascension_level":2}