{"gold_per_floor":[364,10,27,27,39,68,68,81,81,106,118,118,137,155,155,227,227,238,258,258,276,123,123,157,157,157,157,157,190,105,135,135,135],"floor_reached":33,"playtime":1766,"items_purged":["Strike_R"],"score":730,"play_id":"fecd815c-3d06-4841-a444-97adf849d1d9","local_time":"20190124032235","is_ascension_mode":true,"campfire_choices":[{"data":"Armaments","floor":12,"key":"SMITH"},{"data":"True Grit","floor":15,"key":"SMITH"},{"data":"Immolate","floor":23,"key":"SMITH"},{"data":"Uppercut","floor":25,"key":"SMITH"},{"data":"Shockwave","floor":27,"key":"SMITH"},{"data":"Iron Wave","floor":32,"key":"SMITH"}],"neow_cost":"TEN_PERCENT_HP_LOSS","seed_source_timestamp":1485884233152895,"circlet_count":0,"master_deck":["AscendersBane","Strike_R+1","Defend_R+1","Defend_R+1","Defend_R+1","Defend_R+1","Bash","Shockwave+1","Iron Wave+1","Armaments+1","Immolate+1","True Grit+1","Body Slam","Uppercut+1","Headbutt","Burning Pact+1","Reaper","Flame Barrier+1","Bloodletting+1","Entrench+1","Corruption","Barricade"],"relics":["Burning Blood","Ginger","Magic Flower","Singing Bowl","Toxic Egg 2","Snecko Eye","Lantern","Matryoshka","Incense Burner","Pear","Shuriken"],"potions_floor_usage":[16,24,33],"damage_taken":[{"damage":9,"enemies":"Jaw Worm","floor":1,"turns":5},{"damage":4,"enemies":"Cultist","floor":3,"turns":4},{"damage":1,"enemies":"Small Slimes","floor":5,"turns":3},{"damage":21,"enemies":"Lagavulin","floor":6,"turns":6},{"damage":6,"enemies":"Blue Slaver","floor":8,"turns":3},{"damage":19,"enemies":"Gremlin Nob","floor":10,"turns":4},{"damage":7,"enemies":"Looter","floor":11,"turns":3},{"damage":6,"enemies":"2 Fungi Beasts","floor":13,"turns":3},{"damage":8,"enemies":"Large Slime","floor":14,"turns":4},{"damage":77,"enemies":"Hexaghost","floor":16,"turns":13},{"damage":11,"enemies":"Spheric Guardian","floor":18,"turns":3},{"damage":5,"enemies":"Shell Parasite","floor":19,"turns":5},{"damage":30,"enemies":"Shelled Parasite and Fungi","floor":21,"turns":6},{"damage":3,"enemies":"Book of Stabbing","floor":24,"turns":4},{"damage":33,"enemies":"Gremlin Leader","floor":29,"turns":5},{"damage":0,"enemies":"Book of Stabbing","floor":31,"turns":3},{"damage":84,"enemies":"Automaton","floor":33,"turns":8}],"seed_played":"-8448093061502474926","potions_obtained":[{"floor":6,"key":"Fire Potion"},{"floor":11,"key":"PowerPotion"},{"floor":13,"key":"Regen Potion"},{"floor":19,"key":"LiquidBronze"},{"floor":24,"key":"LiquidBronze"}],"is_trial":false,"path_per_floor":["M","$","M","?","M","E","$","M","T","E","M","R","M","M","R","B",null,"M","M","?","M","$","R","E","R","T","R","?","E","?","E","R","B"],"character_chosen":"IRONCLAD","items_purchased":["Ginger","Iron Wave","Corruption"],"campfire_rested":0,"item_purchase_floors":[2,2,22],"current_hp_per_floor":[65,65,67,67,68,53,53,56,56,46,50,50,55,56,56,10,57,55,72,72,56,56,56,75,75,75,75,75,56,66,75,75,0],"gold":135,"neow_bonus":"TWO_FIFTY_GOLD","is_prod":false,"is_daily":false,"chose_seed":false,"campfire_upgraded":6,"win_rate":0,"timestamp":1548328955,"path_taken":["M","$","M","?","M","E","?","?","T","E","M","R","M","M","R","BOSS","M","M","?","M","$","R","E","R","T","R","?","E","?","E","R","BOSS"],"build_version":"2019-01-23","purchased_purges":1,"victory":false,"max_hp_per_floor":[68,68,68,68,68,68,68,68,68,68,70,70,72,72,72,72,72,72,74,74,76,76,76,78,78,78,78,78,80,90,90,90,90],"card_choices":[{"not_picked":["Havoc","Clash"],"picked":"Shockwave","floor":1},{"not_picked":["Cleave","Havoc"],"picked":"Armaments","floor":3},{"not_picked":["Limit Break","Clothesline"],"picked":"True Grit","floor":5},{"not_picked":["Barricade","Dropkick"],"picked":"Body Slam","floor":6},{"not_picked":["Whirlwind","Armaments"],"picked":"Uppercut","floor":8},{"not_picked":["Warcry","Sever Soul"],"picked":"Headbutt","floor":10},{"not_picked":["Carnage","Corruption","Pommel Strike"],"picked":"Singing Bowl","floor":11},{"not_picked":["Wild Strike","Body Slam","Cleave"],"picked":"Singing Bowl","floor":13},{"not_picked":["Clothesline","Sever Soul"],"picked":"Burning Pact+1","floor":14},{"not_picked":["Immolate","Juggernaut"],"picked":"Reaper","floor":16},{"not_picked":["Clash","Havoc+1"],"picked":"Flame Barrier+1","floor":18},{"not_picked":["Power Through+1","Pommel Strike+1","Reckless Charge"],"picked":"Singing Bowl","floor":19},{"not_picked":["Clash","Pommel Strike","Flex+1"],"picked":"Singing Bowl","floor":21},{"not_picked":["Armaments+1","Anger","Perfected Strike"],"picked":"Singing Bowl","floor":24},{"not_picked":["Intimidate+1","Cleave","Whirlwind"],"picked":"Singing Bowl","floor":29},{"not_picked":["Shrug It Off+1","Evolve+1"],"picked":"Barricade","floor":31}],"player_experience":1201546,"relics_obtained":[{"floor":6,"key":"Magic Flower"},{"floor":9,"key":"Singing Bowl"},{"floor":10,"key":"Toxic Egg 2"},{"floor":24,"key":"Lantern"},{"floor":26,"key":"Matryoshka"},{"floor":29,"key":"Incense Burner"},{"floor":31,"key":"Shuriken"}],"event_choices":[{"damage_healed":0,"gold_gain":0,"cards_transformed":["Strike_R"],"player_choice":"Transformed","damage_taken":0,"max_hp_gain":0,"max_hp_loss":0,"event_name":"Transmorgrifier","floor":4,"gold_loss":0,"cards_obtained":["Immolate"]},{"damage_healed":0,"gold_gain":0,"cards_transformed":["Strike_R","Strike_R"],"player_choice":"Became Test Subject","damage_taken":0,"max_hp_gain":0,"max_hp_loss":0,"event_name":"Drug Dealer","floor":20,"gold_loss":0,"cards_obtained":["Bloodletting","Entrench"]},{"damage_healed":0,"gold_gain":0,"player_choice":"Simplicity","damage_taken":0,"max_hp_gain":0,"max_hp_loss":0,"event_name":"Back to Basics","floor":28,"gold_loss":0,"cards_upgraded":["Strike_R","Defend_R","Defend_R","Defend_R","Defend_R"]},{"damage_healed":0,"gold_gain":0,"player_choice":"Obtained Relic","damage_taken":0,"relics_obtained":["Pear"],"max_hp_gain":0,"max_hp_loss":0,"event_name":"Addict","floor":30,"gold_loss":85}],"is_beta":true,"boss_relics":[{"not_picked":["Runic Dome","White Beast Statue"],"picked":"Snecko Eye"}],"items_purged_floors":[22],"is_endless":false,"potions_floor_spawned":[6,11,13,14,19,21,24],"killed_by":"Automaton","ascension_level":20}