{"gold_per_floor":[109,109,127,127,8,41,116,116,165,165,180,195,13,39,39,116,116,133,133,58,58,58,58,58,58,58,58,58,76,104,121,121,193,193,206,106,106,106,116,116,443,462,462,462],"floor_reached":44,"playtime":1774,"items_purged":["Strike_G","Strike_G"],"score":947,"play_id":"5013efa0-fe52-43c0-b264-a0f24deae831","local_time":"20181110013402","is_ascension_mode":true,"campfire_choices":[{"floor":8,"key":"REST"},{"data":"Infinite Blades","floor":10,"key":"SMITH"},{"data":"Panache","floor":15,"key":"SMITH"},{"data":"After Image","floor":23,"key":"SMITH"},{"data":"Sucker Punch","floor":25,"key":"SMITH"},{"floor":32,"key":"REST"},{"data":"Wraith Form v2","floor":40,"key":"SMITH"}],"neow_cost":"NONE","seed_source_timestamp":4316851949380206,"circlet_count":0,"master_deck":["AscendersBane","Defend_G","Defend_G","Defend_G","Defend_G","Defend_G","Strike_G","Strike_G","Strike_G","Survivor","Neutralize+1","Finesse","Poisoned Stab","Flying Knee","Predator","Infinite Blades+1","Corpse Explosion","Sucker Punch+1","Panache+1","Deflect","After Image+1","Catalyst+1","Catalyst","Noxious Fumes","Wraith Form v2+1","PiercingWail","Catalyst+1","Malaise","Catalyst"],"relics":["Ring of the Snake","Pocketwatch","Strawberry","Bronze Scales","Cursed Key","Bag of Marbles","Philosopher\u0027s Stone","Old Coin"],"potions_floor_usage":[6,30,44,44],"damage_taken":[{"damage":4,"enemies":"Cultist","floor":1,"turns":6},{"damage":0,"enemies":"2 Louse","floor":3,"turns":3},{"damage":18,"enemies":"3 Sentries","floor":6,"turns":7},{"damage":0,"enemies":"Jaw Worm","floor":11,"turns":3},{"damage":3,"enemies":"Blue Slaver","floor":12,"turns":4},{"damage":24,"enemies":"Gremlin Nob","floor":14,"turns":4},{"damage":11,"enemies":"Hexaghost","floor":16,"turns":9},{"damage":0,"enemies":"3 Byrds","floor":18,"turns":2},{"damage":12,"enemies":"Spheric Guardian","floor":29,"turns":4},{"damage":25,"enemies":"Book of Stabbing","floor":30,"turns":5},{"damage":3,"enemies":"Chosen and Byrds","floor":31,"turns":4},{"damage":40,"enemies":"Automaton","floor":33,"turns":9},{"damage":24,"enemies":"3 Darklings","floor":35,"turns":3},{"damage":14,"enemies":"Orb Walker","floor":39,"turns":5},{"damage":17,"enemies":"Nemesis","floor":41,"turns":5},{"damage":0,"enemies":"3 Darklings","floor":42,"turns":3},{"damage":43,"enemies":"Jaw Worm Horde","floor":44,"turns":2}],"seed_played":"-3226011555054737960","potions_obtained":[{"floor":3,"key":"SteroidPotion"},{"floor":12,"key":"Fire Potion"},{"floor":14,"key":"Weak Potion"},{"floor":33,"key":"AttackPotion"},{"floor":39,"key":"Dexterity Potion"},{"floor":41,"key":"Dexterity Potion"}],"is_trial":false,"path_per_floor":["M","?","M","?","$","E","?","R","T","R","M","M","$","E","R","B",null,"M","?","$","T","$","R","?","R","T","?","$","M","E","M","R","B",null,"M","$","?","?","M","R","E","M","T","M"],"character_chosen":"THE_SILENT","items_purchased":["Predator","Infinite Blades","Panache"],"campfire_rested":2,"item_purchase_floors":[5,5,13],"current_hp_per_floor":[55,55,55,60,60,42,31,52,59,59,59,56,56,32,32,21,64,64,64,64,64,64,64,64,64,64,64,64,52,27,24,47,7,60,36,36,64,64,50,50,33,33,33,0],"gold":462,"neow_bonus":"RANDOM_COLORLESS","is_prod":false,"is_daily":false,"chose_seed":false,"campfire_upgraded":5,"win_rate":0,"timestamp":1541842442,"path_taken":["M","?","M","?","$","E","?","R","T","R","M","M","$","E","R","BOSS","M","?","?","?","?","R","?","R","T","?","$","M","E","M","R","BOSS","M","$","?","?","?","R","E","M","T","M"],"build_version":"2018-11-08","purchased_purges":2,"victory":false,"max_hp_per_floor":[66,66,66,71,71,71,71,71,78,78,78,78,78,78,78,78,78,78,78,78,78,78,78,78,78,78,78,78,78,78,78,78,78,78,78,78,64,64,64,64,64,64,64,64],"card_choices":[{"not_picked":["Slice","Blade Dance"],"picked":"Poisoned Stab","floor":1},{"not_picked":["Dodge and Roll","Outmaneuver"],"picked":"Flying Knee","floor":3},{"not_picked":["Accuracy","Blade Dance"],"picked":"Corpse Explosion","floor":6},{"not_picked":["Expertise","Bane"],"picked":"Sucker Punch","floor":11},{"not_picked":["Dagger Spray","Sucker Punch","Infinite Blades"],"picked":"SKIP","floor":12},{"not_picked":["Bane","Dodge and Roll","Deflect"],"picked":"SKIP","floor":14},{"not_picked":["Bane","Dodge and Roll"],"picked":"Deflect","floor":14},{"not_picked":["Phantasmal Killer","Wraith Form v2"],"picked":"After Image","floor":16},{"not_picked":["Acrobatics+1","Terror"],"picked":"Catalyst","floor":18},{"not_picked":["Dagger Spray","Reflex"],"picked":"Noxious Fumes","floor":29},{"not_picked":["Dodge and Roll","Die Die Die","Deadly Poison"],"picked":"SKIP","floor":30},{"not_picked":["Outmaneuver","Bane","Backflip"],"picked":"SKIP","floor":31},{"not_picked":["Night Terror","Grand Finale"],"picked":"Wraith Form v2","floor":33},{"not_picked":["All Out Attack","Deflect"],"picked":"PiercingWail","floor":35},{"not_picked":["Cloak And Dagger","Outmaneuver","Deadly Poison"],"picked":"SKIP","floor":39},{"not_picked":["Deadly Poison+1","Quick Slash"],"picked":"Malaise","floor":41},{"not_picked":["Finisher","PiercingWail"],"picked":"Catalyst","floor":42}],"player_experience":1041744,"relics_obtained":[{"floor":6,"key":"Pocketwatch"},{"floor":9,"key":"Strawberry"},{"floor":14,"key":"Bronze Scales"},{"floor":30,"key":"Bag of Marbles"},{"floor":41,"key":"Old Coin"}],"event_choices":[{"damage_healed":0,"gold_gain":0,"player_choice":"Grow","damage_taken":0,"max_hp_gain":0,"max_hp_loss":0,"event_name":"Living Wall","floor":2,"gold_loss":0,"cards_upgraded":["Neutralize"]},{"damage_healed":0,"gold_gain":0,"player_choice":"Donut","damage_taken":0,"max_hp_gain":5,"max_hp_loss":0,"event_name":"Big Fish","floor":4,"gold_loss":0},{"damage_healed":0,"gold_gain":75,"player_choice":"Gather Gold","damage_taken":11,"max_hp_gain":0,"max_hp_loss":0,"event_name":"World of Goop","floor":7,"gold_loss":0},{"damage_healed":0,"gold_gain":0,"player_choice":"Upgraded","damage_taken":0,"max_hp_gain":0,"max_hp_loss":0,"event_name":"Upgrade Shrine","floor":19,"gold_loss":0,"cards_upgraded":["Catalyst"]},{"damage_healed":0,"gold_gain":0,"player_choice":"Ignored","damage_taken":0,"max_hp_gain":0,"max_hp_loss":0,"event_name":"The Mausoleum","floor":24,"gold_loss":0},{"damage_healed":0,"gold_gain":0,"player_choice":"Read","damage_taken":0,"max_hp_gain":0,"max_hp_loss":0,"event_name":"The Library","floor":27,"gold_loss":0,"cards_obtained":["Catalyst"]},{"damage_healed":64,"gold_gain":0,"player_choice":"Heal","damage_taken":0,"max_hp_gain":0,"max_hp_loss":14,"event_name":"The Moai Head","floor":37,"gold_loss":0},{"damage_healed":0,"gold_gain":0,"player_choice":"Copied","damage_taken":0,"max_hp_gain":0,"max_hp_loss":0,"event_name":"Duplicator","floor":38,"gold_loss":0,"cards_obtained":["Catalyst"]}],"is_beta":true,"boss_relics":[{"not_picked":["Fusion Hammer","Calling Bell"],"picked":"Cursed Key"},{"not_picked":["Lizard Tail","HoveringKite"],"picked":"Philosopher\u0027s Stone"}],"items_purged_floors":[20,36],"is_endless":false,"potions_floor_spawned":[3,12,14,16,18,33,39,41],"killed_by":"Jaw Worm Horde","ascension_level":18}