{"gold_per_floor":[109,109,109,124,141,141,11,36,61,61,61,71,36,36,36,36],"floor_reached":16,"playtime":280,"items_purged":[],"score":167,"play_id":"48607f8d-d7eb-488c-9385-9bc0caa3f445","local_time":"20190917230634","is_ascension_mode":true,"campfire_choices":[{"data":"Fusion","floor":6.0,"key":"SMITH"},{"floor":11.0,"key":"REST"},{"data":"Zap","floor":15.0,"key":"SMITH"}],"neow_cost":"NONE","seed_source_timestamp":63644168200,"circlet_count":0,"master_deck":["AscendersBane","Strike_B","Strike_B","Strike_B","Strike_B","Defend_B","Defend_B","Defend_B","Defend_B","Zap+1","Dualcast","Reinforced Body","Fusion+1","Meteor Strike","Go for the Eyes","Capacitor","Doom and Gloom"],"special_seed":0,"relics":["Cracked Core","NeowsBlessing","Oddly Smooth Stone","CultistMask","Ornamental Fan","Juzu Bracelet","Regal Pillow"],"potions_floor_usage":[],"damage_taken":[{"damage":0.0,"enemies":"Small Slimes","floor":1.0,"turns":1.0},{"damage":0.0,"enemies":"Cultist","floor":4.0,"turns":1.0},{"damage":0.0,"enemies":"Jaw Worm","floor":5.0,"turns":1.0},{"damage":53.0,"enemies":"Gremlin Nob","floor":8.0,"turns":6.0},{"damage":9.0,"enemies":"Large Slime","floor":12.0,"turns":7.0},{"damage":48,"enemies":"The Guardian","floor":16,"turns":9}],"seed_played":"-3537005821562315803","potions_obtained":[{"floor":1.0,"key":"Regen Potion"},{"floor":4.0,"key":"Block Potion"}],"is_trial":false,"path_per_floor":["M","?","?","M","M","R","$","E","T","$","R","M","?","?","R","B"],"character_chosen":"DEFECT","items_purchased":["Go for the Eyes","Capacitor"],"campfire_rested":1,"item_purchase_floors":[7,7],"current_hp_per_floor":[64,61,61,61,61,61,61,17,17,17,38,29,46,46,46,0],"gold":36,"neow_bonus":"THREE_ENEMY_KILL","is_prod":false,"is_daily":false,"chose_seed":false,"campfire_upgraded":2,"win_rate":0,"timestamp":1568779594,"path_taken":["M","?","?","M","?","R","$","E","T","$","R","M","?","?","R","BOSS"],"build_version":"2019-09-17","purchased_purges":0,"victory":false,"max_hp_per_floor":[71,71,71,71,71,71,71,71,71,71,71,71,71,71,71,71],"card_choices":[{"not_picked":["Consume","Streamline"],"picked":"Reinforced Body","floor":1.0},{"not_picked":["Ball Lightning","Rebound"],"picked":"Fusion","floor":4.0},{"not_picked":["Sweeping Beam","Gash"],"picked":"Meteor Strike","floor":5.0},{"not_picked":["Conserve Battery","Sweeping Beam"],"picked":"Doom and Gloom","floor":8.0},{"not_picked":["Darkness","Streamline","Compile Driver"],"picked":"SKIP","floor":12.0}],"player_experience":1379796,"relics_obtained":[{"floor":8.0,"key":"Ornamental Fan"},{"floor":9.0,"key":"Juzu Bracelet"}],"event_choices":[{"damage_healed":0.0,"max_hp_gain":0.0,"max_hp_loss":0.0,"gold_gain":0.0,"event_name":"Scrap Ooze","player_choice":"Success","floor":2.0,"gold_loss":0.0,"damage_taken":3.0,"relics_obtained":["Oddly Smooth Stone"]},{"damage_healed":0.0,"max_hp_gain":0.0,"max_hp_loss":0.0,"gold_gain":0.0,"event_name":"FaceTrader","player_choice":"Trade","floor":3.0,"gold_loss":0.0,"damage_taken":0.0,"relics_obtained":["CultistMask"]},{"damage_healed":17.0,"max_hp_gain":0.0,"max_hp_loss":0.0,"gold_gain":0.0,"event_name":"The Cleric","player_choice":"Healed","floor":13.0,"gold_loss":35.0,"damage_taken":0.0},{"damage_healed":0.0,"max_hp_gain":0.0,"max_hp_loss":0.0,"gold_gain":0.0,"event_name":"Dead Adventurer","player_choice":"Searched \u00271\u0027 times","floor":14.0,"gold_loss":0.0,"damage_taken":0.0,"relics_obtained":["Regal Pillow"]}],"is_beta":true,"boss_relics":[],"items_purged_floors":[],"is_endless":false,"potions_floor_spawned":[1,4,5],"killed_by":"The Guardian","ascension_level":14}