{"gold_per_floor":[119,3,19,33,33,33,62,62,62,88,2,2],"floor_reached":12,"playtime":410,"items_purged":[],"score":172,"play_id":"82e01777-bb49-47bb-911c-f63f2bef4244","local_time":"20190112022611","is_ascension_mode":true,"campfire_choices":[{"data":"Flechettes","floor":6,"key":"SMITH"},{"floor":8,"key":"REST"}],"neow_cost":"NONE","seed_source_timestamp":447056370389164,"circlet_count":0,"master_deck":["AscendersBane","Defend_G","Defend_G","Defend_G","Defend_G","Defend_G","Strike_G","Strike_G","Strike_G","Strike_G","Survivor","Neutralize","Deflect","Flechettes+1","Caltrops","Bouncing Flask","Dagger Spray","PiercingWail","Expertise","Caltrops"],"relics":["Ring of the Snake","Bottled Tornado","Pear","Happy Flower"],"potions_floor_usage":[7],"damage_taken":[{"damage":9,"enemies":"Cultist","floor":1,"turns":6},{"damage":1,"enemies":"2 Louse","floor":3,"turns":3},{"damage":7,"enemies":"Jaw Worm","floor":4,"turns":4},{"damage":28,"enemies":"Gremlin Nob","floor":7,"turns":4},{"damage":42,"enemies":"3 Sentries","floor":10,"turns":7},{"damage":3,"enemies":"Gremlin Gang","floor":12,"turns":1}],"seed_played":"1165229909155326072","potions_obtained":[{"floor":3,"key":"FearPotion"},{"floor":10,"key":"GamblersBrew"}],"is_trial":false,"path_per_floor":["M","$","M","M","?","R","E","R","T","E","$","M"],"character_chosen":"THE_SILENT","items_purchased":["Caltrops","Bouncing Flask","Caltrops"],"campfire_rested":1,"item_purchase_floors":[2,2,11],"current_hp_per_floor":[50,50,49,42,42,42,14,33,43,1,1,0],"gold":2,"neow_bonus":"TRANSFORM_CARD","is_prod":false,"is_daily":false,"chose_seed":false,"campfire_upgraded":1,"win_rate":0,"timestamp":1547288771,"path_taken":["M","$","?","?","?","R","E","R","T","E","$","M"],"build_version":"2019-01-10","purchased_purges":0,"victory":false,"max_hp_per_floor":[66,66,66,66,66,66,66,66,76,76,76,76],"card_choices":[{"not_picked":["Prepared","Bane"],"picked":"Flechettes","floor":1},{"not_picked":["Acrobatics","Expertise"],"picked":"Dagger Spray","floor":3},{"not_picked":["Distraction","Dagger Spray"],"picked":"PiercingWail","floor":4},{"not_picked":["Dagger Spray","Bane","Deflect"],"picked":"SKIP","floor":7},{"not_picked":["PiercingWail","Flying Knee"],"picked":"Expertise","floor":10}],"player_experience":1167706,"relics_obtained":[{"floor":7,"key":"Bottled Tornado"},{"floor":9,"key":"Pear"},{"floor":10,"key":"Happy Flower"}],"event_choices":[{"damage_healed":0,"gold_gain":0,"player_choice":"Leave","damage_taken":0,"max_hp_gain":0,"max_hp_loss":0,"event_name":"The Cleric","floor":5,"gold_loss":0}],"is_beta":true,"boss_relics":[],"items_purged_floors":[],"is_endless":false,"potions_floor_spawned":[3,10],"killed_by":"Gremlin Gang","ascension_level":20}