{"gold_per_floor":[110,124,144,154,154,154,181,181,234,248,248,266,292,165,165,242,242,254,39,39,43,55,55,55],"floor_reached":24,"playtime":1466,"items_purged":["Strike_B","Defend_B"],"score":354,"play_id":"c2b9b7dc-9fd6-42a9-b37f-ac0ae44502fc","local_time":"20181230211614","is_ascension_mode":true,"campfire_choices":[{"data":"Go for the Eyes","floor":6.0,"key":"SMITH"},{"data":"Zap","floor":8.0,"key":"SMITH"},{"floor":11.0,"key":"REST"},{"floor":15.0,"key":"REST"},{"floor":23,"key":"REST"}],"neow_cost":"NONE","seed_source_timestamp":0,"circlet_count":0,"master_deck":["AscendersBane","Strike_B","Strike_B","Strike_B","Defend_B","Defend_B","Defend_B","Zap+1","Dualcast","Conserve Battery","Ball Lightning","Go for the Eyes+1","Sweeping Beam","Leap","Leap","Cold Snap","Multi-Cast","Consume","Loop","Zap","Sunder+1","Defragment"],"special_seed":0,"relics":["Cracked Core","Pantograph","Blood Vial","Philosopher\u0027s Stone"],"potions_floor_usage":[],"damage_taken":[{"damage":8.0,"enemies":"Small Slimes","floor":1.0,"turns":3.0},{"damage":1.0,"enemies":"Cultist","floor":2.0,"turns":3.0},{"damage":7.0,"enemies":"Jaw Worm","floor":3.0,"turns":3.0},{"damage":14.0,"enemies":"Lots of Slimes","floor":4.0,"turns":5.0},{"damage":13.0,"enemies":"Lagavulin","floor":7.0,"turns":5.0},{"damage":11.0,"enemies":"Exordium Thugs","floor":10.0,"turns":4.0},{"damage":0.0,"enemies":"Looter","floor":12.0,"turns":3.0},{"damage":38.0,"enemies":"Gremlin Nob","floor":13.0,"turns":4.0},{"damage":33.0,"enemies":"Slime Boss","floor":16.0,"turns":11.0},{"damage":14.0,"enemies":"Shell Parasite","floor":18.0,"turns":8.0},{"damage":19,"enemies":"2 Thieves","floor":21,"turns":4},{"damage":25,"enemies":"Shelled Parasite and Fungi","floor":22,"turns":7},{"damage":40,"enemies":"Book of Stabbing","floor":24,"turns":4}],"seed_played":"344744787771498348","potions_obtained":[{"floor":1.0,"key":"SkillPotion"},{"floor":4.0,"key":"Fire Potion"},{"floor":5.0,"key":"PowerPotion"},{"floor":5.0,"key":"AttackPotion"},{"floor":12.0,"key":"SpeedPotion"},{"floor":22,"key":"SteroidPotion"}],"is_trial":false,"path_per_floor":["M","M","M","M","?","R","E","R","T","M","R","M","E","$","R","B",null,"M","$","?","M","M","R","E"],"character_chosen":"DEFECT","items_purchased":["AttackPotion","Consume","Loop"],"campfire_rested":3,"item_purchase_floors":[14,19,19],"current_hp_per_floor":[63,62,55,41,41,41,28,28,28,17,40,40,2,2,25,19,63,51,51,51,34,11,34,0],"gold":55,"neow_bonus":"TEN_PERCENT_HP_BONUS","is_prod":false,"is_daily":false,"chose_seed":false,"campfire_upgraded":2,"win_rate":0,"timestamp":1546233374,"path_taken":["M","M","M","M","?","R","E","R","T","M","R","M","E","?","R","BOSS","M","$","?","?","M","R","E"],"build_version":"2018-12-20","purchased_purges":2,"victory":false,"max_hp_per_floor":[78,78,78,78,78,78,78,78,78,78,78,78,78,78,78,78,78,78,78,78,78,78,78,78],"card_choices":[{"not_picked":["Storm","Doom and Gloom"],"picked":"Conserve Battery","floor":1.0},{"not_picked":["Rebound","Streamline"],"picked":"Ball Lightning","floor":2.0},{"not_picked":["Streamline","Redo"],"picked":"Go for the Eyes","floor":3.0},{"not_picked":["Stack","Leap"],"picked":"Sweeping Beam","floor":4.0},{"not_picked":["Turbo","Hologram"],"picked":"Leap","floor":7.0},{"not_picked":["Turbo","Stack"],"picked":"Leap","floor":10.0},{"not_picked":["Ball Lightning","Hyperbeam","Scrape"],"picked":"SKIP","floor":12.0},{"not_picked":["Gash","Beam Cell"],"picked":"Cold Snap","floor":13.0},{"not_picked":["All For One","Reboot"],"picked":"Multi-Cast","floor":16.0},{"not_picked":["Turbo","Hologram","Ball Lightning"],"picked":"SKIP","floor":18.0},{"not_picked":["Compile Driver+1","Conserve Battery"],"picked":"Sunder+1","floor":21},{"not_picked":["Gash","Hologram"],"picked":"Defragment","floor":22}],"player_experience":836688,"relics_obtained":[{"floor":7.0,"key":"Pantograph"},{"floor":13.0,"key":"Blood Vial"}],"event_choices":[{"damage_healed":0.0,"max_hp_gain":0.0,"max_hp_loss":0.0,"gold_gain":0.0,"event_name":"Lab","player_choice":"Got Potions","floor":5.0,"gold_loss":0.0,"damage_taken":0.0},{"damage_healed":0,"gold_gain":0,"player_choice":"1 cards matched","damage_taken":0,"max_hp_gain":0,"max_hp_loss":0,"event_name":"Match and Keep!","floor":20,"gold_loss":0,"cards_obtained":["Zap"]}],"is_beta":false,"boss_relics":[{"not_picked":["Orrery","White Beast Statue"],"picked":"Philosopher\u0027s Stone"}],"items_purged_floors":[14,19],"is_endless":false,"potions_floor_spawned":[1,4,12,22],"killed_by":"Book of Stabbing","ascension_level":14}