{"gold_per_floor":[111,111,42,42,42,42,70,87,112,126,126,157,44,44,44,119,119,132,146,146,146,165,165,193,212,212,212,212,247,264,314,314,385,385,398,418,434,447,498,498],"floor_reached":40,"playtime":1073,"items_purged":[],"score":780,"play_id":"4c286821-ce2b-44c8-aa03-8dba17a252d2","local_time":"20190918020819","is_ascension_mode":true,"campfire_choices":[{"data":"Zap","floor":6.0,"key":"SMITH"},{"data":"Static Discharge","floor":11.0,"key":"SMITH"},{"data":"Defragment","floor":15.0,"key":"SMITH"},{"data":"Biased Cognition","floor":23.0,"key":"SMITH"},{"data":"Creative AI","floor":28.0,"key":"SMITH"},{"data":"Electrodynamics","floor":32.0,"key":"SMITH"}],"neow_cost":"NONE","seed_source_timestamp":9708182064500,"circlet_count":0,"master_deck":["AscendersBane","Strike_B","Strike_B","Strike_B","Strike_B","Defend_B","Defend_B","Defend_B","Defend_B","Zap+1","Dualcast","Chill","Static Discharge+1","Rip and Tear+1","Streamline+1","Genetic Algorithm","Defragment+1","Biased Cognition+1","FTL+1","Barrage+1","Electrodynamics+1","Glacier","Creative AI+1","Thunder Strike+1","Thunder Strike+1","Coolheaded","Echo Form","Go for the Eyes+1"],"special_seed":0,"relics":["Cracked Core","NeowsBlessing","Ancient Tea Set","Molten Egg 2","Bag of Preparation","Toy Ornithopter","Eternal Feather","Ginger","Inserter","Potion Belt","Dream Catcher","Meat on the Bone","Black Star","Akabeko"],"potions_floor_usage":[],"damage_taken":[{"damage":0.0,"enemies":"Jaw Worm","floor":1.0,"turns":1.0},{"damage":0.0,"enemies":"Lagavulin","floor":7.0,"turns":1.0},{"damage":0.0,"enemies":"Cultist","floor":8.0,"turns":1.0},{"damage":2.0,"enemies":"2 Louse","floor":10.0,"turns":2.0},{"damage":18.0,"enemies":"3 Sentries","floor":12.0,"turns":5.0},{"damage":17.0,"enemies":"The Guardian","floor":16.0,"turns":8.0},{"damage":10.0,"enemies":"3 Byrds","floor":18.0,"turns":2.0},{"damage":12.0,"enemies":"Spheric Guardian","floor":19.0,"turns":3.0},{"damage":6.0,"enemies":"Cultist and Chosen","floor":22.0,"turns":3.0},{"damage":5.0,"enemies":"Book of Stabbing","floor":24.0,"turns":2.0},{"damage":0.0,"enemies":"Centurion and Healer","floor":25.0,"turns":5.0},{"damage":29.0,"enemies":"Slavers","floor":29.0,"turns":5.0},{"damage":0.0,"enemies":"Chosen and Byrds","floor":30.0,"turns":4.0},{"damage":29.0,"enemies":"Automaton","floor":33.0,"turns":6.0},{"damage":0.0,"enemies":"3 Shapes","floor":35.0,"turns":4.0},{"damage":26.0,"enemies":"3 Darklings","floor":36.0,"turns":4.0},{"damage":16.0,"enemies":"Transient","floor":37.0,"turns":5.0},{"damage":25.0,"enemies":"Spire Growth","floor":38.0,"turns":6.0},{"damage":40,"enemies":"Reptomancer","floor":40,"turns":3}],"seed_played":"-2498196374642782026","potions_obtained":[{"floor":1.0,"key":"Energy Potion"},{"floor":7.0,"key":"Dexterity Potion"},{"floor":10.0,"key":"EntropicBrew"},{"floor":19.0,"key":"AttackPotion"},{"floor":29.0,"key":"Block Potion"},{"floor":30.0,"key":"Regen Potion"},{"floor":33.0,"key":"EssenceOfSteel"},{"floor":35.0,"key":"Explosive Potion"},{"floor":36.0,"key":"Regen Potion"}],"is_trial":false,"path_per_floor":["M","?","$","T","$","R","E","M","T","M","R","E","$","?","R","B",null,"M","M","?","?","M","R","E","M","T","?","R","E","M","?","R","B",null,"M","M","M","M","T","E"],"character_chosen":"DEFECT","items_purchased":["Static Discharge","Genetic Algorithm","Defragment"],"campfire_rested":0,"item_purchase_floors":[3,13,13],"current_hp_per_floor":[64,64,64,64,64,64,64,64,64,62,62,44,44,32,41,34,62,57,45,45,45,39,51,56,56,56,56,68,39,39,39,51,47,65,65,44,53,40,40,0],"gold":498,"neow_bonus":"THREE_ENEMY_KILL","is_prod":false,"is_daily":false,"chose_seed":false,"campfire_upgraded":6,"win_rate":0,"timestamp":1568790499,"path_taken":["M","?","?","?","$","R","E","?","T","M","R","E","?","?","R","BOSS","M","M","?","?","M","R","E","?","T","?","R","E","M","?","R","BOSS","M","M","M","M","?","E"],"build_version":"2019-09-17","purchased_purges":0,"victory":false,"max_hp_per_floor":[71,71,71,71,71,71,71,71,71,71,71,71,71,71,71,71,71,71,71,71,71,71,71,71,71,71,71,71,71,71,71,71,71,71,71,71,71,71,71,71],"card_choices":[{"not_picked":["Go for the Eyes","Scrape"],"picked":"Chill","floor":1.0},{"not_picked":["Heatsinks","Loop"],"picked":"Rip and Tear+1","floor":7.0},{"not_picked":["Redo","Stack"],"picked":"Streamline+1","floor":8.0},{"not_picked":["Gash+1","Recycle","Rebound+1"],"picked":"SKIP","floor":10.0},{"not_picked":["Gash+1","Redo","Self Repair"],"picked":"SKIP","floor":12.0},{"not_picked":["Machine Learning","Rainbow"],"picked":"Biased Cognition","floor":16.0},{"not_picked":["Darkness","Conserve Battery","Gash+1"],"picked":"SKIP","floor":18.0},{"not_picked":["Ball Lightning+1","Force Field"],"picked":"FTL+1","floor":19.0},{"not_picked":["Stack","Sweeping Beam+1"],"picked":"Glacier","floor":22.0},{"not_picked":["Barrage+1","Hologram"],"picked":"Creative AI","floor":24.0},{"not_picked":["Redo","Aggregate","Barrage+1"],"picked":"SKIP","floor":25.0},{"not_picked":["Sunder+1","Compile Driver+1"],"picked":"Thunder Strike+1","floor":29.0},{"not_picked":["Double Energy","Capacitor","Cold Snap+1"],"picked":"SKIP","floor":30.0},{"not_picked":["Buffer","All For One+1"],"picked":"Thunder Strike+1","floor":33.0},{"not_picked":["Lockon+1","Streamline+1","Hologram"],"picked":"SKIP","floor":35.0},{"not_picked":["Stack+1","Hologram+1"],"picked":"Coolheaded","floor":36.0},{"not_picked":["Conserve Battery","Scrape+1"],"picked":"Echo Form","floor":37.0},{"not_picked":["Doom and Gloom+1","Rebound+1"],"picked":"Go for the Eyes+1","floor":38.0}],"player_experience":1383046,"relics_obtained":[{"floor":4.0,"key":"Molten Egg 2"},{"floor":7.0,"key":"Bag of Preparation"},{"floor":9.0,"key":"Toy Ornithopter"},{"floor":12.0,"key":"Eternal Feather"},{"floor":24.0,"key":"Potion Belt"},{"floor":26.0,"key":"Dream Catcher"},{"floor":29.0,"key":"Meat on the Bone"},{"floor":39.0,"key":"Akabeko"}],"event_choices":[{"damage_healed":0.0,"max_hp_gain":0.0,"max_hp_loss":0.0,"gold_gain":0.0,"event_name":"WeMeetAgain","player_choice":"Gave Potion","floor":2.0,"gold_loss":0.0,"damage_taken":0.0,"relics_obtained":["Ancient Tea Set"]},{"damage_healed":0.0,"max_hp_gain":0.0,"max_hp_loss":0.0,"gold_gain":0.0,"event_name":"Scrap Ooze","player_choice":"Success","floor":14.0,"gold_loss":0.0,"damage_taken":12.0,"relics_obtained":["Ginger"]},{"damage_healed":0.0,"max_hp_gain":0.0,"max_hp_loss":0.0,"gold_gain":0.0,"event_name":"The Library","player_choice":"Read","floor":20.0,"gold_loss":0.0,"damage_taken":0.0,"cards_obtained":["Barrage"]},{"damage_healed":0.0,"max_hp_gain":0.0,"max_hp_loss":0.0,"gold_gain":0.0,"event_name":"Match and Keep!","player_choice":"1 cards matched","floor":21.0,"gold_loss":0.0,"damage_taken":0.0,"cards_obtained":["Electrodynamics"]},{"damage_healed":0.0,"max_hp_gain":0.0,"max_hp_loss":0.0,"gold_gain":0.0,"event_name":"The Mausoleum","player_choice":"Ignored","floor":27.0,"gold_loss":0.0,"damage_taken":0.0},{"damage_healed":0.0,"max_hp_gain":0.0,"max_hp_loss":0.0,"gold_gain":100.0,"event_name":"The Joust","player_choice":"Bet on Murderer","floor":31.0,"gold_loss":50.0,"damage_taken":0.0}],"is_beta":true,"boss_relics":[{"not_picked":["Calling Bell","Pandora\u0027s Box"],"picked":"Inserter"},{"not_picked":["Runic Dome","FrozenCore"],"picked":"Black Star"}],"items_purged_floors":[],"is_endless":false,"potions_floor_spawned":[1,7,10,19,29,30,33,35,36],"killed_by":"Reptomancer","ascension_level":14}