{"gold_per_floor":[109,184,184,334,352,378,378,411,482,482,514,514,514,514,514,586,586,600,295,295,14,32,58,68,68,68,68,68,68,87,44,44,44],"floor_reached":33,"playtime":1613,"items_purged":["Strike_B","Strike_B"],"score":544,"play_id":"585e259c-02e7-4e95-bb83-8a90394dd151","local_time":"20190827171919","is_ascension_mode":true,"campfire_choices":[{"data":"Zap","floor":7.0,"key":"SMITH"},{"data":"Redo","floor":10.0,"key":"SMITH"},{"floor":13.0,"key":"REST"},{"data":"Electrodynamics","floor":15.0,"key":"SMITH"},{"floor":27.0,"key":"REST"},{"floor":32,"key":"REST"}],"neow_cost":"NONE","seed_source_timestamp":101403706758500,"circlet_count":0,"master_deck":["AscendersBane","Strike_B+1","Defend_B","Defend_B","Defend_B+1","Defend_B","Zap+1","Dualcast","Redo+1","Electrodynamics+1","FTL","Darkness+1","Meteor Strike","Sweeping Beam","Chill+1","Tempest+1","Rainbow+1","BootSequence+1","Compile Driver","Core Surge"],"special_seed":0,"relics":["Cracked Core","NeowsBlessing","Omamori","Ice Cream","Toxic Egg 2","Happy Flower","WarpedTongs","Fusion Hammer","Membership Card","Bronze Scales","Strange Spoon","Centennial Puzzle","Sundial","Oddly Smooth Stone","Nilry\u0027s Codex"],"potions_floor_usage":[33],"damage_taken":[{"damage":0.0,"enemies":"Jaw Worm","floor":1.0,"turns":1.0},{"damage":0.0,"enemies":"2 Louse","floor":5.0,"turns":1.0},{"damage":0.0,"enemies":"3 Sentries","floor":6.0,"turns":1.0},{"damage":10.0,"enemies":"Gremlin Nob","floor":8.0,"turns":3.0},{"damage":10.0,"enemies":"3 Sentries","floor":11.0,"turns":3.0},{"damage":17.0,"enemies":"Slime Boss","floor":16.0,"turns":7.0},{"damage":4.0,"enemies":"Chosen","floor":18.0,"turns":3.0},{"damage":4.0,"enemies":"Shell Parasite","floor":22.0,"turns":3.0},{"damage":20.0,"enemies":"Book of Stabbing","floor":23.0,"turns":5.0},{"damage":0.0,"enemies":"Centurion and Healer","floor":24.0,"turns":3.0},{"damage":0,"enemies":"3 Cultists","floor":30,"turns":5},{"damage":33,"enemies":"Champ","floor":33,"turns":9}],"seed_played":"9064359134159152787","potions_obtained":[{"floor":5.0,"key":"Swift Potion"},{"floor":6.0,"key":"EssenceOfSteel"},{"floor":23.0,"key":"Block Potion"},{"floor":24.0,"key":"SteroidPotion"}],"is_trial":false,"path_per_floor":["M","?","?","?","M","E","R","E","T","R","E","?","R","?","R","B",null,"M","$","?","$","M","E","M","T","T","R","?","?","M","$","R","B"],"character_chosen":"DEFECT","items_purchased":["Membership Card","Chill+1","Dexterity Potion","Tempest+1","Bronze Scales","Strange Spoon","Core Surge"],"campfire_rested":3,"item_purchase_floors":[19,19,19,21,21,21,31],"current_hp_per_floor":[64,53,32,32,32,32,32,22,22,22,12,12,33,33,33,16,57,53,53,33,33,29,9,9,9,9,31,31,10,10,10,32,0],"gold":44,"neow_bonus":"THREE_ENEMY_KILL","is_prod":false,"is_daily":false,"chose_seed":false,"campfire_upgraded":3,"win_rate":0,"timestamp":1566940759,"path_taken":["M","?","?","?","?","E","R","E","T","R","E","?","R","?","R","BOSS","M","$","?","$","M","E","M","?","T","R","?","?","M","$","R","BOSS"],"build_version":"2019-07-17","purchased_purges":2,"victory":false,"max_hp_per_floor":[71,71,71,71,71,71,71,71,71,71,71,71,71,71,71,71,71,71,71,76,76,76,76,76,76,76,76,76,76,76,76,76,76],"card_choices":[{"not_picked":["Reprogram","Stack"],"picked":"Redo","floor":1.0},{"not_picked":["Barrage","Gash","Beam Cell"],"picked":"SKIP","floor":5.0},{"not_picked":["Turbo","Steam"],"picked":"Electrodynamics","floor":6.0},{"not_picked":["Fusion","Scrape"],"picked":"FTL","floor":8.0},{"not_picked":["Turbo+1","Barrage"],"picked":"Darkness+1","floor":11.0},{"not_picked":["Electrodynamics","Machine Learning"],"picked":"Meteor Strike","floor":16.0},{"not_picked":["Beam Cell","Compile Driver"],"picked":"Sweeping Beam","floor":18.0},{"not_picked":["Barrage","Beam Cell","Gash"],"picked":"SKIP","floor":22.0},{"not_picked":["Compile Driver","Scrape"],"picked":"Rainbow+1","floor":23.0},{"not_picked":["Redo+1","Steam+1"],"picked":"BootSequence+1","floor":24.0},{"not_picked":["Stack+1","Storm"],"picked":"Compile Driver","floor":30}],"player_experience":737386,"relics_obtained":[{"floor":6.0,"key":"Omamori"},{"floor":8.0,"key":"Ice Cream"},{"floor":9.0,"key":"Toxic Egg 2"},{"floor":11.0,"key":"Happy Flower"},{"floor":23.0,"key":"Centennial Puzzle"},{"floor":25.0,"key":"Sundial"},{"floor":26.0,"key":"Oddly Smooth Stone"},{"floor":29,"key":"Nilry\u0027s Codex"}],"event_choices":[{"damage_healed":0.0,"max_hp_gain":0.0,"max_hp_loss":0.0,"gold_gain":75.0,"event_name":"World of Goop","player_choice":"Gather Gold","floor":2.0,"gold_loss":0.0,"damage_taken":11.0},{"damage_healed":0.0,"max_hp_gain":0.0,"max_hp_loss":0.0,"gold_gain":0.0,"event_name":"Shining Light","player_choice":"Entered Light","floor":3.0,"gold_loss":0.0,"damage_taken":21.0,"cards_upgraded":["Strike_B","Defend_B"]},{"damage_healed":0.0,"max_hp_gain":0.0,"max_hp_loss":0.0,"gold_gain":150.0,"event_name":"Liars Game","player_choice":"AGREE","floor":4.0,"gold_loss":0.0,"damage_taken":0.0,"cards_obtained":["Doubt"]},{"cards_removed":["Doubt"],"damage_healed":0.0,"max_hp_gain":0.0,"max_hp_loss":0.0,"gold_gain":0.0,"event_name":"Living Wall","player_choice":"Forget","floor":12.0,"gold_loss":0.0,"damage_taken":0.0},{"damage_healed":0.0,"max_hp_gain":0.0,"max_hp_loss":0.0,"gold_gain":0.0,"event_name":"Accursed Blacksmith","player_choice":"Rummage","floor":14.0,"gold_loss":0.0,"damage_taken":0.0,"relics_obtained":["WarpedTongs"],"cards_obtained":["Pain"]},{"damage_healed":0.0,"max_hp_gain":5.0,"max_hp_loss":0.0,"gold_gain":0.0,"event_name":"Forgotten Altar","player_choice":"Shed Blood","floor":20.0,"gold_loss":0.0,"damage_taken":25.0},{"cards_removed":["Strike_B"],"damage_healed":0.0,"max_hp_gain":0.0,"max_hp_loss":0.0,"gold_gain":0.0,"event_name":"Back to Basics","player_choice":"Elegance","floor":28.0,"gold_loss":0.0,"damage_taken":0.0},{"damage_healed":0,"gold_gain":0,"player_choice":"Obtained Book","damage_taken":21,"max_hp_gain":0,"max_hp_loss":0,"event_name":"Cursed Tome","floor":29,"gold_loss":0}],"is_beta":false,"boss_relics":[{"not_picked":["Velvet Choker","Tiny House"],"picked":"Fusion Hammer"}],"items_purged_floors":[19,21],"is_endless":false,"potions_floor_spawned":[5,6,22,23,24],"killed_by":"Champ","ascension_level":16}