{"gold_per_floor":[109,127,138,149,149,149,176,176,253,253,253,92,108,120,120,224,224,235,255,59,70,80,80,80,80,80,80,5,5,5,39,39,142,142,159,159,79,79,90,90,15,15,15,15,15,27,27,27,27,27],"floor_reached":51,"playtime":1463,"items_purged":["Regret","Strike_G","Shame","Strike_G"],"score":676,"play_id":"5437c03b-7172-45bb-908a-665cf644795a","local_time":"20190916111741","is_ascension_mode":false,"campfire_choices":[{"data":"Neutralize","floor":6,"key":"SMITH"},{"data":"Slice","floor":8,"key":"SMITH"},{"data":"Survivor","floor":10,"key":"SMITH"},{"data":"Noxious Fumes","floor":15,"key":"SMITH"},{"data":"Cloak And Dagger","floor":23,"key":"SMITH"},{"data":"Blade Dance","floor":27,"key":"SMITH"},{"data":"Cloak And Dagger","floor":32,"key":"SMITH"},{"data":"After Image","floor":40,"key":"SMITH"},{"data":"Blade Dance","floor":44,"key":"SMITH"},{"data":"Accuracy","floor":47,"key":"SMITH"},{"data":"Accuracy","floor":49,"key":"SMITH"}],"neow_cost":"NONE","seed_source_timestamp":349056033956000,"circlet_count":0,"master_deck":["Strike_G","Strike_G","Defend_G","Defend_G","Defend_G","Defend_G","Survivor+1","Neutralize+1","Noxious Fumes+1","Cloak And Dagger+1","Quick Slash","Adrenaline","Noxious Fumes+1","Flying Knee","Deadly Poison","Blade Dance+1","Accuracy+1","Cloak And Dagger+1","After Image+1","Blade Dance+1","Accuracy+1","Jack Of All Trades","Madness","Madness"],"relics":["Ring of the Snake","Vajra","Bronze Scales","Bag of Marbles","Blue Candle","WristBlade","Membership Card","Shovel","MealTicket","Mango","Sozu","TungstenRod"],"potions_floor_usage":[31,31,50,50],"damage_taken":[{"damage":0,"enemies":"Cultist","floor":1,"turns":3},{"damage":0,"enemies":"Jaw Worm","floor":2,"turns":5},{"damage":0,"enemies":"2 Louse","floor":3,"turns":3},{"damage":0,"enemies":"Looter","floor":4,"turns":5},{"damage":0,"enemies":"2 Fungi Beasts","floor":13,"turns":2},{"damage":4,"enemies":"Exordium Wildlife","floor":14,"turns":5},{"damage":12,"enemies":"The Guardian","floor":16,"turns":11},{"damage":2,"enemies":"Shell Parasite","floor":18,"turns":1},{"damage":0,"enemies":"2 Thieves","floor":19,"turns":4},{"damage":21,"enemies":"Snecko","floor":21,"turns":6},{"damage":9,"enemies":"Cultist and Chosen","floor":22,"turns":5},{"damage":11,"enemies":"Gremlin Leader","floor":31,"turns":4},{"damage":34,"enemies":"Automaton","floor":33,"turns":8},{"damage":9,"enemies":"3 Darklings","floor":35,"turns":4},{"damage":2,"enemies":"Orb Walker","floor":39,"turns":2},{"damage":0,"enemies":"Writhing Mass","floor":46,"turns":4},{"damage":51,"enemies":"Awakened One","floor":50,"turns":10}],"seed_played":"1589417383888576410","potions_obtained":[{"floor":1,"key":"Weak Potion"},{"floor":3,"key":"GamblersBrew"},{"floor":4,"key":"Block Potion"},{"floor":21,"key":"SkillPotion"},{"floor":31,"key":"Strength Potion"}],"is_trial":false,"path_per_floor":["M","M","M","M","?","R","T","R","T","R","?","$","M","M","R","B",null,"M","M","$","M","M","R","?","?","T","R","?","$","?","E","R","B",null,"M","?","$","?","M","R","$","?","T","R","$","M","R","?","R","B",null],"character_chosen":"THE_SILENT","items_purchased":["Noxious Fumes","Cloak And Dagger","Membership Card","Accuracy"],"campfire_rested":0,"item_purchase_floors":[12,12,20,37],"current_hp_per_floor":[70,70,70,70,70,70,70,70,70,70,63,63,63,59,59,47,70,68,68,68,47,38,38,38,38,38,38,38,53,40,43,43,9,89,80,80,89,89,87,87,89,78,78,78,89,89,89,89,89,38],"gold":27,"neow_bonus":"RANDOM_COMMON_RELIC","is_prod":false,"is_daily":false,"chose_seed":false,"campfire_upgraded":11,"win_rate":0,"timestamp":1568600261,"path_taken":["M","M","M","?","?","R","?","R","T","R","?","$","M","M","R","BOSS","M","M","$","M","M","R","?","?","T","R","?","$","?","E","R","BOSS","M","?","$","?","M","R","$","?","T","R","?","M","R","?","R","BOSS"],"build_version":"2019-09-12","purchased_purges":4,"victory":true,"max_hp_per_floor":[70,70,70,70,70,70,70,70,70,70,70,70,70,70,70,70,70,70,70,70,70,70,70,70,70,70,70,70,70,75,89,89,89,89,89,89,89,89,89,89,89,89,89,89,89,89,89,89,89,89],"card_choices":[{"not_picked":["Setup","Calculated Gamble","Skewer"],"picked":"SKIP","floor":1},{"not_picked":["Sucker Punch","Underhanded Strike","Blade Dance"],"picked":"SKIP","floor":2},{"not_picked":["Storm of Steel","Acrobatics"],"picked":"Slice","floor":3},{"not_picked":["Calculated Gamble","Riddle With Holes","Flechettes"],"picked":"SKIP","floor":4},{"not_picked":["Skewer","Dagger Spray","Expertise"],"picked":"SKIP","floor":13},{"not_picked":["Sucker Punch","Endless Agony"],"picked":"Quick Slash","floor":14},{"not_picked":["Grand Finale","Malaise"],"picked":"Adrenaline","floor":16},{"not_picked":["Masterful Stab+1","Cloak And Dagger"],"picked":"Noxious Fumes+1","floor":18},{"not_picked":["Distraction","Dagger Throw"],"picked":"Flying Knee","floor":19},{"not_picked":["Dagger Throw","Acrobatics"],"picked":"Deadly Poison","floor":21},{"not_picked":["Leg Sweep","Well Laid Plans"],"picked":"Blade Dance","floor":22},{"not_picked":["Deadly Poison+1","Flying Knee"],"picked":"Cloak And Dagger","floor":31},{"not_picked":["Envenom","A Thousand Cuts"],"picked":"After Image","floor":33},{"not_picked":["Dodge and Roll","Tactician+1"],"picked":"Blade Dance","floor":35},{"not_picked":["Thinking Ahead","PanicButton"],"picked":"Jack Of All Trades","floor":38},{"not_picked":["Flying Knee","Underhanded Strike","Bane+1"],"picked":"SKIP","floor":39},{"not_picked":["Outmaneuver","Eviscerate","Deadly Poison+1"],"picked":"SKIP","floor":46}],"player_experience":461346,"relics_obtained":[{"floor":7,"key":"Bag of Marbles"},{"floor":9,"key":"Blue Candle"},{"floor":26,"key":"MealTicket"},{"floor":31,"key":"Mango"},{"floor":43,"key":"TungstenRod"}],"event_choices":[{"damage_healed":0,"gold_gain":0,"player_choice":"Box","damage_taken":0,"relics_obtained":["Bronze Scales"],"max_hp_gain":0,"max_hp_loss":0,"event_name":"Big Fish","floor":5,"gold_loss":0,"cards_obtained":["Regret"]},{"cards_removed":["Strike_G"],"damage_healed":0,"gold_gain":0,"player_choice":"Card Removal","damage_taken":7,"max_hp_gain":0,"max_hp_loss":0,"event_name":"Golden Wing","floor":11,"gold_loss":0},{"damage_healed":0,"gold_gain":0,"player_choice":"Read","damage_taken":0,"max_hp_gain":0,"max_hp_loss":0,"event_name":"The Library","floor":24,"gold_loss":0,"cards_obtained":["Accuracy"]},{"damage_healed":0,"gold_gain":0,"player_choice":"Stole Relic","damage_taken":0,"relics_obtained":["Shovel"],"max_hp_gain":0,"max_hp_loss":0,"event_name":"Addict","floor":25,"gold_loss":0,"cards_obtained":["Shame"]},{"cards_removed":["Defend_G"],"damage_healed":0,"gold_gain":0,"player_choice":"Gave Gold","damage_taken":0,"max_hp_gain":0,"max_hp_loss":0,"event_name":"Beggar","floor":28,"gold_loss":75},{"damage_healed":0,"gold_gain":0,"player_choice":"Shed Blood","damage_taken":18,"max_hp_gain":5,"max_hp_loss":0,"event_name":"Forgotten Altar","floor":30,"gold_loss":0},{"damage_healed":0,"gold_gain":0,"player_choice":"Ignored","damage_taken":0,"max_hp_gain":0,"max_hp_loss":0,"event_name":"Tomb of Lord Red Mask","floor":36,"gold_loss":0},{"damage_healed":0,"gold_gain":0,"player_choice":"Memory 1","damage_taken":0,"max_hp_gain":0,"max_hp_loss":0,"event_name":"SensoryStone","floor":38,"gold_loss":0},{"damage_healed":0,"gold_gain":0,"player_choice":"Embrace Madness","damage_taken":11,"max_hp_gain":0,"max_hp_loss":0,"event_name":"Winding Halls","floor":42,"gold_loss":0,"cards_obtained":["Madness","Madness"]},{"cards_removed":["Slice"],"damage_healed":0,"gold_gain":0,"player_choice":"Removed Attack","damage_taken":0,"max_hp_gain":0,"max_hp_loss":0,"event_name":"Falling","floor":48,"gold_loss":0}],"is_beta":true,"boss_relics":[{"not_picked":["Calling Bell","Ectoplasm"],"picked":"WristBlade"},{"not_picked":["Runic Pyramid","Philosopher\u0027s Stone"],"picked":"Sozu"}],"items_purged_floors":[12,20,37,41],"is_endless":false,"potions_floor_spawned":[1,3,4,14,21,22,31,39,46],"ascension_level":0}