{"gold_per_floor":[115,115,115,115,135,135,165,165,238,60,60,91,104,67,67,144,144,159,173,183,183,194,194,31,31,104,104,123,140,140,140,140,215,215,235,246,263,274,287,287,320,331,331,331,331,331,36,47,47,47,47],"floor_reached":52,"playtime":2998,"items_purged":["Strike_R"],"score":1959,"play_id":"c4dd7a44-7355-4c2c-becb-c3c6a8d37d5c","local_time":"20190216041744","is_ascension_mode":true,"campfire_choices":[{"data":"Metallicize","floor":6,"key":"SMITH"},{"data":"True Grit","floor":8,"key":"SMITH"},{"data":"Apotheosis","floor":11,"key":"SMITH"},{"data":"Barricade","floor":15,"key":"SMITH"},{"floor":23,"key":"REST"},{"data":"Demon Form","floor":25,"key":"SMITH"},{"floor":27,"key":"REST"},{"floor":32,"key":"REST"},{"data":"Shockwave","floor":40,"key":"SMITH"},{"floor":44,"key":"REST"},{"data":"Immolate","floor":46,"key":"SMITH"},{"floor":49,"key":"REST"}],"neow_cost":"NONE","seed_source_timestamp":3475154353362342,"circlet_count":0,"master_deck":["AscendersBane","Defend_R","Defend_R","Defend_R","Defend_R+1","Bash+1","Uppercut+1","Metallicize+1","True Grit+1","Apotheosis+1","Barricade+1","Iron Wave","Entrench","Demon Form+1","Shockwave+1","Flame Barrier","Havoc","Sentinel","Searing Blow","Clothesline+1","Immolate+1","Whirlwind+1"],"relics":["Burning Blood","NeowsBlessing","Dream Catcher","Darkstone Periapt","Bronze Scales","Snecko Eye","Bag of Preparation","Kunai","Philosopher\u0027s Stone","Anchor","Paper Frog","Chemical X"],"potions_floor_usage":[12,51,51,51],"damage_taken":[{"damage":0,"enemies":"Small Slimes","floor":1,"turns":1},{"damage":0,"enemies":"Jaw Worm","floor":5,"turns":1},{"damage":0,"enemies":"Gremlin Nob","floor":7,"turns":1},{"damage":9,"enemies":"3 Sentries","floor":12,"turns":10},{"damage":2,"enemies":"Cultist","floor":13,"turns":4},{"damage":0,"enemies":"Slime Boss","floor":16,"turns":17},{"damage":24,"enemies":"3 Byrds","floor":18,"turns":3},{"damage":19,"enemies":"2 Thieves","floor":19,"turns":4},{"damage":24,"enemies":"Snake Plant","floor":20,"turns":3},{"damage":16,"enemies":"Centurion and Healer","floor":22,"turns":8},{"damage":37,"enemies":"Cultist and Chosen","floor":28,"turns":6},{"damage":13,"enemies":"Shelled Parasite and Fungi","floor":29,"turns":5},{"damage":18,"enemies":"Collector","floor":33,"turns":11},{"damage":2,"enemies":"3 Darklings","floor":35,"turns":3},{"damage":8,"enemies":"3 Shapes","floor":36,"turns":4},{"damage":19,"enemies":"Jaw Worm Horde","floor":37,"turns":3},{"damage":10,"enemies":"Writhing Mass","floor":38,"turns":6},{"damage":13,"enemies":"Sphere and 2 Shapes","floor":39,"turns":4},{"damage":12,"enemies":"Reptomancer","floor":41,"turns":5},{"damage":28,"enemies":"3 Darklings","floor":42,"turns":3},{"damage":13,"enemies":"Maw","floor":48,"turns":6},{"damage":17,"enemies":"Time Eater","floor":50,"turns":13},{"damage":22,"enemies":"Awakened One","floor":51,"turns":13}],"seed_played":"-5479759676450982720","potions_obtained":[{"floor":1,"key":"FairyPotion"},{"floor":7,"key":"PowerPotion"},{"floor":20,"key":"EssenceOfSteel"},{"floor":22,"key":"Strength Potion"},{"floor":28,"key":"EntropicBrew"},{"floor":33,"key":"Fire Potion"},{"floor":39,"key":"Dexterity Potion"}],"is_trial":false,"path_per_floor":["M","?","?","?","M","R","E","R","T","$","R","E","M","$","R","B",null,"M","M","M","$","M","R","$","R","T","R","M","M","?","?","R","B",null,"M","M","M","M","M","R","E","M","T","R","?","R","$","M","R","B","B",null],"character_chosen":"IRONCLAD","items_purchased":["Apotheosis","Entrench","Bag of Preparation","Chemical X"],"campfire_rested":5,"item_purchase_floors":[10,14,24,47],"current_hp_per_floor":[74,51,56,56,62,62,68,68,68,68,68,65,69,69,69,75,79,61,48,30,30,20,44,44,44,44,68,37,30,30,30,54,42,71,75,73,60,56,49,49,43,21,21,45,45,45,45,38,62,51,35],"gold":47,"neow_bonus":"THREE_ENEMY_KILL","is_prod":false,"is_daily":false,"chose_seed":false,"campfire_upgraded":7,"win_rate":0,"timestamp":1550319464,"path_taken":["M","?","?","?","M","R","E","R","T","$","R","E","M","$","R","BOSS","M","M","?","$","M","R","$","R","T","R","M","M","?","?","R","BOSS","M","M","M","M","?","R","E","M","T","R","?","R","$","M","R","BOSS","BOSS"],"build_version":"2019-02-06","purchased_purges":1,"victory":true,"max_hp_per_floor":[75,75,80,80,80,80,80,80,80,80,80,80,80,80,80,80,80,80,80,80,80,80,80,80,80,80,80,80,80,80,80,80,80,80,80,80,80,80,80,80,80,80,80,80,80,80,80,80,80,80,80],"card_choices":[{"not_picked":["Wild Strike","Intimidate"],"picked":"Uppercut","floor":1},{"not_picked":["Shockwave","Body Slam"],"picked":"Metallicize","floor":5},{"not_picked":["Metallicize","Iron Wave"],"picked":"True Grit","floor":7},{"not_picked":["Seeing Red","Iron Wave"],"picked":"Barricade","floor":12},{"not_picked":["Anger","Havoc"],"picked":"Iron Wave","floor":13},{"not_picked":["Dark Embrace","Juggernaut"],"picked":"Demon Form","floor":16},{"not_picked":["Pommel Strike","Rampage"],"picked":"Shockwave","floor":18},{"not_picked":["Corruption","Reckless Charge","Headbutt"],"picked":"SKIP","floor":19},{"not_picked":["Seeing Red","Perfected Strike","Anger+1"],"picked":"SKIP","floor":20},{"not_picked":["Twin Strike","Armaments"],"picked":"Flame Barrier","floor":22},{"not_picked":["Flex","Dropkick","Sword Boomerang"],"picked":"SKIP","floor":28},{"not_picked":["Flex","Intimidate","Dropkick"],"picked":"SKIP","floor":29},{"not_picked":["Sword Boomerang+1","Flex"],"picked":"Clothesline+1","floor":32},{"not_picked":["Demon Form","Limit Break"],"picked":"Immolate","floor":33},{"not_picked":["Combust","Battle Trance"],"picked":"Whirlwind+1","floor":35},{"not_picked":["Warcry+1","Rampage+1","Clash"],"picked":"SKIP","floor":36},{"not_picked":["Hemokinesis","Uppercut","Combust"],"picked":"SKIP","floor":37},{"not_picked":["Flex","Havoc","Metallicize"],"picked":"SKIP","floor":38},{"not_picked":["Seeing Red","Warcry+1","Intimidate"],"picked":"SKIP","floor":39},{"not_picked":["Thunderclap","Dual Wield","Perfected Strike"],"picked":"SKIP","floor":41},{"not_picked":["Corruption","Hemokinesis","Anger"],"picked":"SKIP","floor":42},{"not_picked":["Twin Strike","Cleave","Headbutt"],"picked":"SKIP","floor":48}],"player_experience":1223317,"relics_obtained":[{"floor":7,"key":"Dream Catcher"},{"floor":9,"key":"Darkstone Periapt"},{"floor":12,"key":"Bronze Scales"},{"floor":26,"key":"Kunai"},{"floor":41,"key":"Anchor"},{"floor":43,"key":"Paper Frog"}],"event_choices":[{"damage_healed":0,"gold_gain":0,"player_choice":"Entered Light","damage_taken":23,"max_hp_gain":0,"max_hp_loss":0,"event_name":"Shining Light","floor":2,"gold_loss":0,"cards_upgraded":["Defend_R","Uppercut"]},{"damage_healed":0,"gold_gain":0,"player_choice":"Donut","damage_taken":0,"max_hp_gain":5,"max_hp_loss":0,"event_name":"Big Fish","floor":3,"gold_loss":0},{"damage_healed":0,"gold_gain":0,"player_choice":"Upgraded","damage_taken":0,"max_hp_gain":0,"max_hp_loss":0,"event_name":"Upgrade Shrine","floor":4,"gold_loss":0,"cards_upgraded":["Bash"]},{"damage_healed":0,"gold_gain":0,"cards_transformed":["Strike_R","Strike_R"],"player_choice":"Became Test Subject","damage_taken":0,"max_hp_gain":0,"max_hp_loss":0,"event_name":"Drug Dealer","floor":30,"gold_loss":0,"cards_obtained":["Havoc","Sentinel"]},{"damage_healed":0,"gold_gain":0,"cards_transformed":["Strike_R"],"player_choice":"Transformed","damage_taken":0,"max_hp_gain":0,"max_hp_loss":0,"event_name":"Transmorgrifier","floor":31,"gold_loss":0,"cards_obtained":["Searing Blow"]},{"cards_removed":["Strike_R"],"damage_healed":0,"gold_gain":0,"player_choice":"Removed Attack","damage_taken":0,"max_hp_gain":0,"max_hp_loss":0,"event_name":"Falling","floor":45,"gold_loss":0}],"is_beta":true,"boss_relics":[{"not_picked":["Velvet Choker","Calling Bell"],"picked":"Snecko Eye"},{"not_picked":["Lizard Tail","Orrery"],"picked":"Philosopher\u0027s Stone"}],"items_purged_floors":[47],"is_endless":false,"potions_floor_spawned":[1,7,20,22,28,33,37,39],"ascension_level":20}