{"gold_per_floor":[113,113,129,141,20,20,37,37,63,63,74,87,87,120,120,220,220,238,238,7,7,7],"floor_reached":22,"playtime":1443,"items_purged":["Strike_R"],"score":324,"play_id":"9e89bafb-af51-48c4-a469-81e520e49930","local_time":"20190310222513","is_ascension_mode":true,"campfire_choices":[{"data":"Armaments","floor":6,"key":"SMITH"},{"data":"Clothesline","floor":8,"key":"SMITH"},{"data":"Inflame","floor":10,"key":"SMITH"},{"data":"Shockwave","floor":13,"key":"SMITH"},{"data":"Infernal Blade","floor":15,"key":"SMITH"}],"neow_cost":"TEN_PERCENT_HP_LOSS","seed_source_timestamp":68688032930072,"circlet_count":0,"master_deck":["AscendersBane","Strike_R","Strike_R","Strike_R","Strike_R","Defend_R","Defend_R","Defend_R","Defend_R","Bash+1","Shockwave+1","Anger","Havoc","Dropkick","Thunderclap","Armaments+1","Clothesline+1","Inflame+1","Exhume","Infernal Blade+1","Headbutt","Rampage","Demon Form","Pommel Strike","Shrug It Off","Corruption"],"relics":["Burning Blood","Prayer Wheel","Ancient Tea Set","Regal Pillow","Cursed Key","Brimstone","Enchiridion"],"potions_floor_usage":[16],"damage_taken":[{"damage":8,"enemies":"Jaw Worm","floor":1,"turns":5},{"damage":2,"enemies":"Cultist","floor":3,"turns":4},{"damage":0,"enemies":"Small Slimes","floor":4,"turns":3},{"damage":9,"enemies":"Looter","floor":7,"turns":3},{"damage":0,"enemies":"3 Louse","floor":11,"turns":3},{"damage":14,"enemies":"Blue Slaver","floor":12,"turns":4},{"damage":0,"enemies":"Gremlin Nob","floor":14,"turns":2},{"damage":49,"enemies":"Hexaghost","floor":16,"turns":8},{"damage":25,"enemies":"Shell Parasite","floor":18,"turns":5},{"damage":36,"enemies":"3 Byrds","floor":22,"turns":2}],"seed_played":"1903744574423982793","potions_obtained":[{"floor":3,"key":"GamblersBrew"},{"floor":4,"key":"SkillPotion"},{"floor":16,"key":"Block Potion"},{"floor":18,"key":"Swift Potion"}],"is_trial":false,"path_per_floor":["M","?","M","M","$","R","M","R","T","R","M","M","R","E","R","B",null,"M","?","$","?","M"],"character_chosen":"IRONCLAD","items_purchased":["Armaments","Corruption","Brimstone"],"campfire_rested":0,"item_purchase_floors":[5,20,20],"current_hp_per_floor":[70,70,72,72,72,72,69,69,69,69,72,64,64,70,70,27,61,42,42,42,26,0],"gold":7,"neow_bonus":"ONE_RARE_RELIC","is_prod":false,"is_daily":false,"chose_seed":false,"campfire_upgraded":5,"win_rate":0,"timestamp":1552253113,"path_taken":["M","?","M","M","?","R","M","R","T","R","?","M","R","E","R","BOSS","M","?","$","?","M"],"build_version":"2019-02-06","purchased_purges":1,"victory":false,"max_hp_per_floor":[72,72,72,72,72,72,72,72,72,72,72,72,72,72,72,72,72,72,72,72,72,72],"card_choices":[{"not_picked":["Anger","Headbutt"],"picked":"Shockwave","floor":1},{"not_picked":["Iron Wave","Warcry"],"picked":"Anger","floor":1},{"not_picked":["Warcry","Heavy Blade"],"picked":"Havoc","floor":3},{"not_picked":["Armaments","Rupture"],"picked":"Dropkick","floor":3},{"not_picked":["Heavy Blade","Sword Boomerang"],"picked":"Thunderclap","floor":4},{"not_picked":["Wild Strike","Burning Pact","Cleave"],"picked":"SKIP","floor":4},{"not_picked":["Perfected Strike","Rupture"],"picked":"Clothesline","floor":7},{"not_picked":["Power Through","Seeing Red"],"picked":"Inflame","floor":7},{"not_picked":["True Grit","Perfected Strike"],"picked":"Exhume","floor":11},{"not_picked":["Sentinel","Flex","Sever Soul"],"picked":"SKIP","floor":11},{"not_picked":["Sever Soul","Seeing Red"],"picked":"Infernal Blade","floor":12},{"not_picked":["Anger","Intimidate"],"picked":"Headbutt","floor":12},{"not_picked":["Intimidate","Blood for Blood"],"picked":"Rampage","floor":14},{"not_picked":["Berserk","Dark Embrace"],"picked":"Demon Form","floor":16},{"not_picked":["Havoc","Evolve"],"picked":"Pommel Strike","floor":18},{"not_picked":["Body Slam","Wild Strike","Clash+1"],"picked":"SKIP","floor":18}],"player_experience":156871,"relics_obtained":[{"floor":9,"key":"Ancient Tea Set"},{"floor":14,"key":"Regal Pillow"},{"floor":21,"key":"Enchiridion"}],"event_choices":[{"damage_healed":0,"gold_gain":0,"player_choice":"Grow","damage_taken":0,"max_hp_gain":0,"max_hp_loss":0,"event_name":"Living Wall","floor":2,"gold_loss":0,"cards_upgraded":["Bash"]},{"damage_healed":0,"gold_gain":0,"player_choice":"Read","damage_taken":0,"max_hp_gain":0,"max_hp_loss":0,"event_name":"The Library","floor":19,"gold_loss":0,"cards_obtained":["Shrug It Off"]},{"damage_healed":0,"gold_gain":0,"player_choice":"Obtained Book","damage_taken":16,"max_hp_gain":0,"max_hp_loss":0,"event_name":"Cursed Tome","floor":21,"gold_loss":0}],"is_beta":true,"boss_relics":[{"not_picked":["Runic Dome","Eternal Feather"],"picked":"Cursed Key"}],"items_purged_floors":[5],"is_endless":false,"potions_floor_spawned":[3,4,16,18],"killed_by":"3 Byrds","ascension_level":11}