{"gold_per_floor":[116,116,132,57,57,57,57,80,80,80,104,104,69,84,84,207,207,232,232,232,232],"floor_reached":21,"playtime":1358,"items_purged":["Normality"],"score":184,"play_id":"d44b798e-34d4-4127-88b7-dd3ea6a11a70","local_time":"20190328105015","is_ascension_mode":true,"campfire_choices":[{"floor":6,"key":"REST"},{"data":"Neutralize","floor":10,"key":"SMITH"},{"data":"Bouncing Flask","floor":12,"key":"SMITH"},{"data":"Noxious Fumes","floor":15,"key":"SMITH"}],"neow_cost":"CURSE","seed_source_timestamp":125580405240,"circlet_count":0,"master_deck":["Defend_G","Defend_G","Defend_G","Defend_G","Strike_G","Strike_G","Strike_G","Strike_G","Strike_G","Survivor","Neutralize+1","Burst","Bouncing Flask+1","Injury","Leg Sweep","Poisoned Stab","Escape Plan","Noxious Fumes+1","Catalyst","Night Terror"],"relics":["Ring of the Serpent","Golden Idol","Potion Belt","Regal Pillow"],"potions_floor_usage":[16,16,19],"damage_taken":[{"damage":16,"enemies":"Jaw Worm","floor":1,"turns":8},{"damage":7,"enemies":"Small Slimes","floor":3,"turns":5},{"damage":4,"enemies":"2 Louse","floor":8,"turns":2},{"damage":6,"enemies":"Exordium Wildlife","floor":11,"turns":5},{"damage":4,"enemies":"3 Louse","floor":14,"turns":4},{"damage":28,"enemies":"Slime Boss","floor":16,"turns":9},{"damage":29,"enemies":"2 Thieves","floor":18,"turns":5},{"damage":38,"enemies":"Colosseum Slavers","floor":19,"turns":7},{"damage":13,"enemies":"Spheric Guardian","floor":21,"turns":3}],"seed_played":"1103391312448603528","potions_obtained":[{"floor":1,"key":"Weak Potion"},{"floor":8,"key":"Poison Potion"},{"floor":14,"key":"Block Potion"}],"is_trial":false,"path_per_floor":["M","?","M","$","?","R","?","M","T","R","M","R","$","M","R","B",null,"M","?","?","M"],"character_chosen":"THE_SILENT","items_purchased":["Noxious Fumes"],"campfire_rested":1,"item_purchase_floors":[13],"current_hp_per_floor":[54,54,47,47,47,68,68,64,64,64,58,58,58,54,54,26,70,41,3,3,0],"gold":232,"neow_bonus":"THREE_RARE_CARDS","is_prod":false,"is_daily":false,"chose_seed":false,"campfire_upgraded":3,"win_rate":0,"timestamp":1553770215,"path_taken":["M","?","M","$","?","R","?","M","T","R","M","R","$","M","R","BOSS","M","?","?","M"],"build_version":"2019-01-23","purchased_purges":1,"victory":false,"max_hp_per_floor":[70,70,70,70,70,70,70,70,70,70,70,70,70,70,70,70,70,70,70,70,70],"card_choices":[{"not_picked":["A Thousand Cuts","Phantasmal Killer"],"picked":"Burst","floor":0},{"not_picked":["Dodge and Roll","Finisher"],"picked":"Bouncing Flask","floor":1},{"not_picked":["PiercingWail","Caltrops"],"picked":"Leg Sweep","floor":3},{"not_picked":["PiercingWail","Poisoned Stab","Backflip"],"picked":"SKIP","floor":8},{"not_picked":["PiercingWail","Backflip"],"picked":"Poisoned Stab","floor":8},{"not_picked":["Blade Dance","Tools of the Trade"],"picked":"Escape Plan","floor":11},{"not_picked":["Backstab","Dash"],"picked":"Catalyst","floor":14},{"not_picked":["Glass Knife","A Thousand Cuts"],"picked":"Night Terror","floor":16},{"not_picked":["Blade Dance","Accuracy+1","Quick Slash"],"picked":"SKIP","floor":18}],"player_experience":213718,"relics_obtained":[{"floor":9,"key":"Regal Pillow"}],"event_choices":[{"damage_healed":0,"gold_gain":0,"player_choice":"Take Wound","damage_taken":0,"relics_obtained":["Golden Idol"],"max_hp_gain":0,"max_hp_loss":0,"event_name":"Golden Idol","floor":2,"gold_loss":0,"cards_obtained":["Injury"]},{"cards_removed":["Defend_G"],"damage_healed":0,"gold_gain":0,"player_choice":"Forget","damage_taken":0,"max_hp_gain":0,"max_hp_loss":0,"event_name":"Living Wall","floor":5,"gold_loss":0},{"damage_healed":0,"gold_gain":0,"player_choice":"Searched \u00272\u0027 times","damage_taken":0,"relics_obtained":["Potion Belt"],"max_hp_gain":0,"max_hp_loss":0,"event_name":"Dead Adventurer","floor":7,"gold_loss":0},{"damage_healed":0,"gold_gain":0,"player_choice":"Fight","damage_taken":0,"max_hp_gain":0,"max_hp_loss":0,"event_name":"Colosseum","floor":19,"gold_loss":0},{"damage_healed":0,"gold_gain":0,"player_choice":"Fled From Nobs","damage_taken":0,"max_hp_gain":0,"max_hp_loss":0,"event_name":"Colosseum","floor":19,"gold_loss":0},{"damage_healed":0,"gold_gain":0,"player_choice":"Ignored","damage_taken":0,"max_hp_gain":0,"max_hp_loss":0,"event_name":"N\u0027loth","floor":20,"gold_loss":0}],"is_beta":false,"boss_relics":[{"not_picked":["Sozu","Lizard Tail"],"picked":"Ring of the Serpent"}],"items_purged_floors":[4],"is_endless":false,"potions_floor_spawned":[1,8,14],"killed_by":"Spheric Guardian","ascension_level":2}