{"gold_per_floor":[110,110,129,147,147,182,182,161,188,202,202,202,218,218,218,296,296,314,314,334,61,78,109,26,26],"floor_reached":25,"playtime":1001,"items_purged":[],"score":446,"play_id":"bc5a49b6-fd41-4f1d-8666-dc6af415fc98","local_time":"20190528225906","is_ascension_mode":true,"campfire_choices":[{"floor":7.0,"key":"REST"},{"data":"Immolate","floor":11.0,"key":"SMITH"},{"data":"Bash","floor":15.0,"key":"SMITH"}],"neow_cost":"NONE","seed_source_timestamp":570026645913900,"circlet_count":0,"master_deck":["AscendersBane","Strike_R","Strike_R","Strike_R","Strike_R","Defend_R+1","Defend_R","Defend_R","Defend_R","Bash+1","Dropkick","Thunderclap","Feel No Pain+1","Inflame","Sword Boomerang","Immolate+1","Shrug It Off","Warcry","Double Tap","Headbutt","Immolate+1","Disarm","Dropkick"],"special_seed":0,"relics":["Burning Blood","Strawberry","PreservedInsect","Oddly Smooth Stone","Fusion Hammer","Gremlin Horn","Singing Bowl"],"potions_floor_usage":[],"damage_taken":[{"damage":4.0,"enemies":"2 Louse","floor":1.0,"turns":4.0},{"damage":7.0,"enemies":"Small Slimes","floor":3.0,"turns":4.0},{"damage":0.0,"enemies":"Cultist","floor":4.0,"turns":3.0},{"damage":52.0,"enemies":"Lagavulin","floor":6.0,"turns":8.0},{"damage":13.0,"enemies":"Exordium Thugs","floor":8.0,"turns":4.0},{"damage":6.0,"enemies":"Large Slime","floor":10.0,"turns":5.0},{"damage":6.0,"enemies":"3 Louse","floor":13.0,"turns":2.0},{"damage":24.0,"enemies":"Hexaghost","floor":16.0,"turns":9.0},{"damage":7.0,"enemies":"2 Thieves","floor":18.0,"turns":3.0},{"damage":22.0,"enemies":"Shell Parasite","floor":20.0,"turns":5.0},{"damage":11.0,"enemies":"Chosen and Byrds","floor":22.0,"turns":4.0},{"damage":36,"enemies":"Book of Stabbing","floor":23,"turns":4},{"damage":33,"enemies":"Snecko","floor":25,"turns":3}],"seed_played":"8220774467466434194","potions_obtained":[{"floor":3.0,"key":"SpeedPotion"},{"floor":6.0,"key":"Poison Potion"},{"floor":8.0,"key":"Energy Potion"}],"is_trial":false,"path_per_floor":["M","?","M","M","?","E","R","M","T","M","R","?","M","?","R","B",null,"M","?","M","$","M","E","$","M"],"character_chosen":"IRONCLAD","items_purchased":["Gremlin Horn","Dropkick"],"campfire_rested":1,"item_purchase_floors":[21,24],"current_hp_per_floor":[77,79,78,84,57,11,37,30,30,30,30,30,30,30,30,12,70,69,69,53,53,48,20,20,0],"gold":26,"neow_bonus":"TEN_PERCENT_HP_BONUS","is_prod":false,"is_daily":false,"chose_seed":false,"campfire_upgraded":2,"win_rate":0,"timestamp":1559073546,"path_taken":["M","?","M","M","?","E","R","M","T","M","R","?","M","?","R","BOSS","M","?","M","?","M","E","$","M"],"build_version":"2019-01-23","purchased_purges":0,"victory":false,"max_hp_per_floor":[82,89,89,89,89,89,89,89,89,89,89,89,89,89,89,89,89,89,89,89,89,89,91,91,91],"card_choices":[{"not_picked":["True Grit","Warcry"],"picked":"Dropkick","floor":1.0},{"not_picked":["Body Slam","Flex"],"picked":"Thunderclap","floor":3.0},{"not_picked":["Perfected Strike","Thunderclap"],"picked":"Feel No Pain","floor":4.0},{"not_picked":["Cleave","Anger"],"picked":"Inflame","floor":6.0},{"not_picked":["Wild Strike","Rage"],"picked":"Sword Boomerang","floor":8.0},{"not_picked":["Sword Boomerang","Flex"],"picked":"Immolate","floor":10.0},{"not_picked":["Combust","Intimidate"],"picked":"Shrug It Off","floor":13.0},{"not_picked":["Berserk","Dark Embrace"],"picked":"Double Tap","floor":16.0},{"not_picked":["Hemokinesis","Metallicize"],"picked":"Headbutt","floor":18.0},{"not_picked":["Clash","Pommel Strike"],"picked":"Disarm","floor":20.0},{"not_picked":["Clash","Perfected Strike+1","Fire Breathing"],"picked":"SKIP","floor":22.0},{"not_picked":["Heavy Blade","Iron Wave","Headbutt"],"picked":"Singing Bowl","floor":23}],"player_experience":1040956,"relics_obtained":[{"floor":6.0,"key":"PreservedInsect"},{"floor":9.0,"key":"Oddly Smooth Stone"},{"floor":23,"key":"Singing Bowl"}],"event_choices":[{"damage_healed":0.0,"max_hp_gain":0.0,"max_hp_loss":0.0,"gold_gain":0.0,"event_name":"Scrap Ooze","player_choice":"Success","floor":2.0,"gold_loss":0.0,"damage_taken":5.0,"relics_obtained":["Strawberry"]},{"damage_healed":0.0,"max_hp_gain":0.0,"max_hp_loss":0.0,"gold_gain":0.0,"event_name":"Shining Light","player_choice":"Entered Light","floor":5.0,"gold_loss":0.0,"damage_taken":27.0,"cards_upgraded":["Feel No Pain","Defend_R"]},{"damage_healed":0.0,"max_hp_gain":0.0,"max_hp_loss":0.0,"gold_gain":0.0,"event_name":"Liars Game","player_choice":"Ignored","floor":12.0,"gold_loss":0.0,"damage_taken":0.0},{"damage_healed":0.0,"max_hp_gain":0.0,"max_hp_loss":0.0,"gold_gain":0.0,"cards_transformed":["Strike_R"],"event_name":"Transmorgrifier","player_choice":"Transformed","floor":14.0,"gold_loss":0.0,"damage_taken":0.0,"cards_obtained":["Warcry"]},{"damage_healed":0.0,"max_hp_gain":0.0,"max_hp_loss":0.0,"gold_gain":0.0,"event_name":"Duplicator","player_choice":"Copied","floor":19.0,"gold_loss":0.0,"damage_taken":0.0,"cards_obtained":["Immolate"]}],"is_beta":false,"boss_relics":[{"not_picked":["Calling Bell","Cursed Key"],"picked":"Fusion Hammer"}],"items_purged_floors":[],"is_endless":false,"potions_floor_spawned":[3,6,8,13],"killed_by":"Snecko","ascension_level":20}