{"gold_per_floor":[114,125,125,140,156,156,186,186,186,147,177,177,189,209,209,209],"floor_reached":16,"playtime":786,"items_purged":[],"score":224,"play_id":"604b1398-9049-4aec-ab7e-30ad753f1729","local_time":"20190418101043","is_ascension_mode":true,"campfire_choices":[{"data":"Bash","floor":6.0,"key":"SMITH"},{"floor":8.0,"key":"REST"},{"data":"Clothesline","floor":15,"key":"SMITH"}],"neow_cost":"NONE","seed_source_timestamp":131470144412100,"circlet_count":0,"master_deck":["AscendersBane","Strike_R","Strike_R","Strike_R","Strike_R","Strike_R","Defend_R","Defend_R","Defend_R","Defend_R","Bash+1","Clothesline+1","Inflame","Juggernaut","Anger","True Grit","Seeing Red","Sword Boomerang"],"special_seed":0,"relics":["Burning Blood","Bronze Scales","Self Forming Clay","Paper Frog","Singing Bowl"],"potions_floor_usage":[14],"damage_taken":[{"damage":6.0,"enemies":"Small Slimes","floor":1.0,"turns":5.0},{"damage":9.0,"enemies":"Cultist","floor":2.0,"turns":5.0},{"damage":16.0,"enemies":"Jaw Worm","floor":4.0,"turns":4.0},{"damage":8.0,"enemies":"3 Louse","floor":5.0,"turns":5.0},{"damage":40.0,"enemies":"3 Sentries","floor":7.0,"turns":8.0},{"damage":15.0,"enemies":"Lagavulin","floor":11.0,"turns":7.0},{"damage":1.0,"enemies":"2 Fungi Beasts","floor":13.0,"turns":3.0},{"damage":12,"enemies":"Exordium Thugs","floor":14,"turns":4},{"damage":29,"enemies":"Hexaghost","floor":16,"turns":9}],"seed_played":"-8344658048147208771","potions_obtained":[{"floor":5.0,"key":"Dexterity Potion"},{"floor":11.0,"key":"BloodPotion"},{"floor":13,"key":"Block Potion"},{"floor":14,"key":"SpeedPotion"}],"is_trial":false,"path_per_floor":["M","M","?","M","M","R","E","R","T","?","E","?","M","M","R","B"],"character_chosen":"IRONCLAD","items_purchased":[],"campfire_rested":1,"item_purchase_floors":[],"current_hp_per_floor":[75,72,72,62,60,60,26,50,50,50,41,30,35,29,29,0],"gold":209,"neow_bonus":"TEN_PERCENT_HP_BONUS","is_prod":false,"is_daily":false,"chose_seed":false,"campfire_upgraded":2,"win_rate":0,"timestamp":1555571443,"path_taken":["M","M","?","M","?","R","E","R","T","?","E","?","M","M","R","BOSS"],"build_version":"2019-01-23","purchased_purges":0,"victory":false,"max_hp_per_floor":[82,82,82,82,82,82,82,82,82,82,82,82,82,82,82,82],"card_choices":[{"not_picked":["Wild Strike","Clash"],"picked":"Clothesline","floor":1.0},{"not_picked":["Headbutt","True Grit"],"picked":"Inflame","floor":2.0},{"not_picked":["Dark Embrace","Wild Strike"],"picked":"Anger","floor":4.0},{"not_picked":["Headbutt","Carnage","Perfected Strike"],"picked":"SKIP","floor":5.0},{"not_picked":["Rupture","Armaments"],"picked":"True Grit","floor":7.0},{"not_picked":["Hemokinesis","Flex","Thunderclap"],"picked":"SKIP","floor":11.0},{"not_picked":["Clash","Brutality"],"picked":"Seeing Red","floor":13},{"not_picked":["Rampage","Inflame"],"picked":"Sword Boomerang","floor":14}],"player_experience":977353,"relics_obtained":[{"floor":7.0,"key":"Bronze Scales"},{"floor":9.0,"key":"Self Forming Clay"},{"floor":11.0,"key":"Paper Frog"}],"event_choices":[{"damage_healed":0.0,"max_hp_gain":0.0,"max_hp_loss":0.0,"gold_gain":0.0,"event_name":"Match and Keep!","player_choice":"1 cards matched","floor":3.0,"gold_loss":0.0,"damage_taken":0.0,"cards_obtained":["Juggernaut"]},{"damage_healed":0.0,"max_hp_gain":0.0,"max_hp_loss":0.0,"gold_gain":0.0,"event_name":"World of Goop","player_choice":"Left Gold","floor":10.0,"gold_loss":39.0,"damage_taken":0.0},{"damage_healed":0.0,"max_hp_gain":0.0,"max_hp_loss":0.0,"gold_gain":0.0,"event_name":"Scrap Ooze","player_choice":"Success","floor":12.0,"gold_loss":0.0,"damage_taken":11.0,"relics_obtained":["Singing Bowl"]}],"is_beta":false,"boss_relics":[],"items_purged_floors":[],"is_endless":false,"potions_floor_spawned":[5,11,13,14],"killed_by":"Hexaghost","ascension_level":20}