{"gold_per_floor":[117,117,87,101,17,17,34,68,68,68,103,114,148,148,148,221,221,237,255,271,291,341,341,376,376,458,458],"floor_reached":27,"playtime":1178,"items_purged":[],"score":502,"play_id":"5b6ffed2-1cb3-4a66-869b-36ec66039140","local_time":"20190630015654","is_ascension_mode":true,"campfire_choices":[{"data":"Barrage","floor":6,"key":"SMITH"},{"data":"Zap","floor":10,"key":"SMITH"},{"data":"Darkness","floor":15,"key":"SMITH"},{"floor":23,"key":"REST"}],"neow_cost":"NONE","seed_source_timestamp":1442162224675800,"circlet_count":0,"master_deck":["AscendersBane","Strike_B+1","Strike_B","Strike_B","Strike_B+1","Defend_B","Defend_B","Defend_B","Defend_B","Zap+1","Dualcast","Darkness+1","Barrage+1","Glacier","Sweeping Beam","Hologram+1","Gash","Electrodynamics","Steam","Steam Power","Buffer","Glacier"],"relics":["Cracked Core","Emotion Chip","Kunai","Bag of Preparation","Anchor","Fusion Hammer","Bottled Tornado","Frozen Egg 2"],"potions_floor_usage":[8,11,11,24],"damage_taken":[{"damage":2,"enemies":"2 Louse","floor":1,"turns":3},{"damage":2,"enemies":"Jaw Worm","floor":4,"turns":2},{"damage":0,"enemies":"Cultist","floor":7,"turns":3},{"damage":17,"enemies":"3 Sentries","floor":8,"turns":9},{"damage":3,"enemies":"Gremlin Nob","floor":11,"turns":3},{"damage":0,"enemies":"Looter","floor":12,"turns":2},{"damage":13,"enemies":"Lagavulin","floor":13,"turns":5},{"damage":13,"enemies":"Slime Boss","floor":16,"turns":7},{"damage":2,"enemies":"2 Thieves","floor":18,"turns":2},{"damage":12,"enemies":"Chosen","floor":19,"turns":4},{"damage":10,"enemies":"Snake Plant","floor":20,"turns":4},{"damage":15,"enemies":"Snecko","floor":21,"turns":7},{"damage":24,"enemies":"Slavers","floor":24,"turns":4},{"damage":29,"enemies":"Cultist and Chosen","floor":27,"turns":5}],"seed_played":"-6165890043142467955","potions_obtained":[{"floor":3,"key":"EntropicBrew"},{"floor":3,"key":"Explosive Potion"},{"floor":7,"key":"Regen Potion"},{"floor":8,"key":"Strength Potion"},{"floor":13,"key":"LiquidBronze"},{"floor":24,"key":"SteroidPotion"},{"floor":25,"key":"Ancient Potion"}],"is_trial":false,"path_per_floor":["M","?","?","M","$","R","M","E","T","R","E","M","E","?","R","B",null,"M","M","M","M","?","R","E","?","T","M"],"character_chosen":"DEFECT","items_purchased":["Glacier"],"campfire_rested":1,"item_purchase_floors":[5],"current_hp_per_floor":[69,46,46,44,44,44,44,42,42,42,39,39,26,26,26,13,62,60,48,38,23,23,46,22,22,22,0],"gold":458,"neow_bonus":"TEN_PERCENT_HP_BONUS","is_prod":false,"is_daily":false,"chose_seed":false,"campfire_upgraded":3,"win_rate":0,"timestamp":1561849014,"path_taken":["M","?","?","?","$","R","M","E","T","R","E","M","E","?","R","BOSS","M","M","?","M","?","R","E","?","T","M"],"build_version":"2019-01-23","purchased_purges":0,"victory":false,"max_hp_per_floor":[78,78,78,78,78,78,78,78,78,78,78,78,78,78,78,78,78,78,78,78,78,78,78,78,78,78,78],"card_choices":[{"not_picked":["Steam","Sweeping Beam"],"picked":"Darkness","floor":1},{"not_picked":["Rebound","Stack"],"picked":"Barrage","floor":4},{"not_picked":["Turbo","Ball Lightning"],"picked":"Sweeping Beam","floor":7},{"not_picked":["Beam Cell","Go for the Eyes","Chill"],"picked":"SKIP","floor":8},{"not_picked":["Steam","Turbo"],"picked":"Hologram","floor":11},{"not_picked":["Genetic Algorithm","Darkness"],"picked":"Gash","floor":12},{"not_picked":["Turbo","Meteor Strike","Heatsinks"],"picked":"SKIP","floor":13},{"not_picked":["All For One","Fission"],"picked":"Electrodynamics","floor":16},{"not_picked":["Darkness","Go for the Eyes","Turbo"],"picked":"SKIP","floor":18},{"not_picked":["Beam Cell","Leap"],"picked":"Steam","floor":19},{"not_picked":["Rebound+1","Conserve Battery"],"picked":"Steam Power","floor":20},{"not_picked":["Turbo","Leap"],"picked":"Buffer","floor":21},{"not_picked":["Heatsinks","Force Field"],"picked":"Glacier","floor":24}],"player_experience":1186413,"relics_obtained":[{"floor":8,"key":"Emotion Chip"},{"floor":9,"key":"Kunai"},{"floor":11,"key":"Bag of Preparation"},{"floor":13,"key":"Anchor"},{"floor":24,"key":"Bottled Tornado"},{"floor":26,"key":"Frozen Egg 2"}],"event_choices":[{"damage_healed":0,"gold_gain":0,"player_choice":"Entered Light","damage_taken":23,"max_hp_gain":0,"max_hp_loss":0,"event_name":"Shining Light","floor":2,"gold_loss":0,"cards_upgraded":["Strike_B","Strike_B"]},{"damage_healed":0,"gold_gain":0,"player_choice":"Bought 2 Potions","damage_taken":0,"max_hp_gain":0,"max_hp_loss":0,"event_name":"The Woman in Blue","floor":3,"gold_loss":0},{"damage_healed":0,"gold_gain":0,"player_choice":"Forge","damage_taken":0,"max_hp_gain":0,"max_hp_loss":0,"event_name":"Accursed Blacksmith","floor":14,"gold_loss":0,"cards_upgraded":["Hologram"]},{"damage_healed":0,"gold_gain":50,"player_choice":"Stole From Cult","damage_taken":0,"max_hp_gain":0,"max_hp_loss":0,"event_name":"Nest","floor":22,"gold_loss":0},{"damage_healed":0,"gold_gain":0,"player_choice":"Got Potions","damage_taken":0,"max_hp_gain":0,"max_hp_loss":0,"event_name":"Lab","floor":25,"gold_loss":0}],"is_beta":false,"boss_relics":[{"not_picked":["Tiny House","Lizard Tail"],"picked":"Fusion Hammer"}],"items_purged_floors":[],"is_endless":false,"potions_floor_spawned":[7,8,13,24],"killed_by":"Cultist and Chosen","ascension_level":20}