{"gold_per_floor":[114,114,94,114,124,158,158,177,177,204,204,204,215,250,250,329,329,342,16,35,54,54,88,88,102,102,132,132,147,147,157,157,234,234,250,598,617,617,642,642,654,654,654,669,700,700,700,10,10,10],"floor_reached":51,"playtime":4367,"items_purged":["Strike_G"],"score":1422,"play_id":"eb41ad86-4fab-4ecb-93f8-a7a933f406b0","local_time":"20190218194458","is_ascension_mode":true,"campfire_choices":[{"data":"Riddle With Holes","floor":7,"key":"SMITH"},{"data":"Crippling Poison","floor":11,"key":"SMITH"},{"data":"Neutralize","floor":15,"key":"SMITH"},{"data":"Discovery","floor":24,"key":"SMITH"},{"data":"Cloak And Dagger","floor":28,"key":"SMITH"},{"data":"Adrenaline","floor":30,"key":"SMITH"},{"floor":32,"key":"REST"},{"data":"Calculated Gamble","floor":40,"key":"SMITH"},{"data":"Dagger Throw","floor":42,"key":"SMITH"},{"data":"PiercingWail","floor":46,"key":"SMITH"},{"data":"Dodge and Roll","floor":49,"key":"SMITH"}],"neow_cost":"NONE","seed_source_timestamp":0,"circlet_count":0,"master_deck":["AscendersBane","Defend_G","Defend_G","Defend_G","Defend_G","Defend_G","Strike_G","Strike_G","Strike_G","Strike_G","Survivor","Neutralize+1","Riddle With Holes+1","Well Laid Plans+1","Noxious Fumes+1","Cloak And Dagger+1","Crippling Poison+1","Infinite Blades+1","Adrenaline+1","After Image+1","Slice+1","Discovery+1","Escape Plan","Deflect+1","Dagger Throw+1","Calculated Gamble+1","Slice+1","Wraith Form v2+1","Footwork+1","PiercingWail+1","Sucker Punch+1","Dodge and Roll+1","Deflect","Quick Slash+1"],"special_seed":0,"relics":["Ring of the Snake","NeowsBlessing","Frozen Egg 2","Meat on the Bone","Gremlin Horn","Vajra","Mercury Hourglass","Strawberry","Runic Pyramid","Happy Flower","Question Card","Singing Bowl","Ornamental Fan","Coffee Dripper","Old Coin","PreservedInsect","Molten Egg 2","Oddly Smooth Stone","Paper Crane","Lee\u0027s Waffle"],"potions_floor_usage":[6,10,16,50,50],"damage_taken":[{"damage":0.0,"enemies":"Cultist","floor":1.0,"turns":1.0},{"damage":0.0,"enemies":"Small Slimes","floor":4.0,"turns":1.0},{"damage":0.0,"enemies":"2 Louse","floor":5.0,"turns":1.0},{"damage":12,"enemies":"3 Sentries","floor":6,"turns":7},{"damage":1,"enemies":"Blue Slaver","floor":8,"turns":5},{"damage":31,"enemies":"Gremlin Nob","floor":10,"turns":4},{"damage":8,"enemies":"Exordium Wildlife","floor":13,"turns":2},{"damage":11,"enemies":"3 Sentries","floor":14,"turns":6},{"damage":0,"enemies":"Slime Boss","floor":16,"turns":5},{"damage":15,"enemies":"3 Byrds","floor":18,"turns":4},{"damage":15,"enemies":"2 Thieves","floor":20,"turns":3},{"damage":12,"enemies":"Snake Plant","floor":21,"turns":4},{"damage":28,"enemies":"Colosseum Slavers","floor":22,"turns":3},{"damage":15,"enemies":"Book of Stabbing","floor":23,"turns":7},{"damage":7,"enemies":"Shelled Parasite and Fungi","floor":25,"turns":5},{"damage":21,"enemies":"Slavers","floor":27,"turns":5},{"damage":10,"enemies":"Cultist and Chosen","floor":29,"turns":6},{"damage":22,"enemies":"Snake Plant","floor":31,"turns":4},{"damage":12,"enemies":"Automaton","floor":33,"turns":9},{"damage":7,"enemies":"Orb Walker","floor":35,"turns":3},{"damage":59,"enemies":"2 Orb Walkers","floor":36,"turns":4},{"damage":8,"enemies":"3 Darklings","floor":37,"turns":5},{"damage":2,"enemies":"Sphere and 2 Shapes","floor":41,"turns":4},{"damage":5,"enemies":"Jaw Worm Horde","floor":44,"turns":5},{"damage":11,"enemies":"Nemesis","floor":45,"turns":5},{"damage":37,"enemies":"Time Eater","floor":50,"turns":15}],"seed_played":"6736994461276068389","potions_obtained":[{"floor":1.0,"key":"Fire Potion"},{"floor":3.0,"key":"Fruit Juice"},{"floor":6,"key":"Dexterity Potion"},{"floor":13,"key":"Strength Potion"},{"floor":21,"key":"SpeedPotion"},{"floor":23,"key":"Swift Potion"},{"floor":25,"key":"Ancient Potion"}],"is_trial":false,"path_per_floor":["M","?","?","M","M","E","R","M","T","E","R","?","M","E","R","B",null,"M","$","M","M","?","E","R","M","T","E","R","M","R","M","R","B",null,"M","?","M","?","T","R","M","R","T","M","E","R","?","$","R","B",null],"character_chosen":"THE_SILENT","items_purchased":["Happy Flower","Discovery","Paper Crane","Lee\u0027s Waffle","Sucker Punch+1","Dodge and Roll","Deflect","Quick Slash+1"],"campfire_rested":1,"item_purchase_floors":[19,19,48,48,48,48,48,48],"current_hp_per_floor":[59,41,41,41,41,29,29,40,40,21,21,21,25,33,33,45,66,51,51,48,48,32,29,29,34,34,25,25,29,29,19,41,41,67,60,15,21,21,21,21,33,33,33,42,43,43,43,90,90,53],"gold":10,"neow_bonus":"THREE_ENEMY_KILL","is_prod":false,"is_daily":false,"chose_seed":false,"campfire_upgraded":10,"win_rate":0,"timestamp":1550511898,"path_taken":["M","?","?","?","M","E","R","?","T","E","R","?","M","E","R","BOSS","M","$","?","M","?","E","R","M","T","E","R","M","R","M","R","BOSS","M","?","M","?","?","R","?","R","T","M","E","R","?","$","R","BOSS"],"build_version":"2019-01-23","purchased_purges":1,"victory":true,"max_hp_per_floor":[66,66,66,66,66,66,66,66,66,66,66,66,66,73,73,73,73,73,73,73,73,73,73,73,73,73,73,73,75,75,75,75,75,75,75,77,79,79,79,79,81,81,81,83,83,83,83,90,90,90],"card_choices":[{"not_picked":["Underhanded Strike","Setup"],"picked":"Riddle With Holes","floor":1.0},{"not_picked":["Finisher","Prepared"],"picked":"Well Laid Plans+1","floor":4.0},{"not_picked":["PiercingWail","Flying Knee"],"picked":"Noxious Fumes+1","floor":5.0},{"not_picked":["Doppelganger","Underhanded Strike"],"picked":"Cloak And Dagger","floor":6},{"not_picked":["Poisoned Stab","Choke"],"picked":"Crippling Poison","floor":8},{"not_picked":["Dagger Spray","Accuracy+1"],"picked":"Infinite Blades+1","floor":10},{"not_picked":["All Out Attack","Dagger Throw","Outmaneuver"],"picked":"SKIP","floor":13},{"not_picked":["Choke","Underhanded Strike"],"picked":"Adrenaline","floor":14},{"not_picked":["Doppelganger","Bullet Time"],"picked":"After Image+1","floor":16},{"not_picked":["Dagger Throw","Riddle With Holes"],"picked":"Slice+1","floor":18},{"not_picked":["Outmaneuver","Dash","Sucker Punch"],"picked":"SKIP","floor":20},{"not_picked":["Choke","Dodge and Roll"],"picked":"Escape Plan","floor":21},{"not_picked":["Backstab+1","Slice+1"],"picked":"Deflect+1","floor":23},{"not_picked":["Well Laid Plans+1","Expertise","Leg Sweep"],"picked":"Dagger Throw","floor":25},{"not_picked":["Blade Dance","Terror","Dagger Spray"],"picked":"Calculated Gamble","floor":27},{"not_picked":["Slice","Underhanded Strike","Blur","Deadly Poison"],"picked":"Singing Bowl","floor":29},{"not_picked":["Bouncing Flask","Predator","Backstab+1"],"picked":"Slice+1","floor":31},{"not_picked":["Venomology","Grand Finale","Phantasmal Killer"],"picked":"Wraith Form v2+1","floor":33},{"not_picked":["Flying Knee+1","Underhanded Strike","Dodge and Roll"],"picked":"Footwork+1","floor":35},{"not_picked":["Underhanded Strike+1","Poisoned Stab","All Out Attack","Predator+1"],"picked":"Singing Bowl","floor":36},{"not_picked":["Choke","Dagger Spray+1","Venomology","Setup+1"],"picked":"Singing Bowl","floor":37},{"not_picked":["Reflex","Slice","Deadly Poison","Backflip+1"],"picked":"Singing Bowl","floor":41},{"not_picked":["Tactician","Terror","Underhanded Strike+1","Dagger Spray+1"],"picked":"Singing Bowl","floor":44},{"not_picked":["Underhanded Strike+1","Prepared","Masterful Stab+1"],"picked":"PiercingWail","floor":45}],"player_experience":883622,"relics_obtained":[{"floor":6,"key":"Meat on the Bone"},{"floor":9,"key":"Gremlin Horn"},{"floor":10,"key":"Vajra"},{"floor":14,"key":"Strawberry"},{"floor":23,"key":"Question Card"},{"floor":26,"key":"Singing Bowl"},{"floor":27,"key":"Ornamental Fan"},{"floor":36,"key":"Old Coin"},{"floor":39,"key":"PreservedInsect"},{"floor":43,"key":"Molten Egg 2"},{"floor":45,"key":"Oddly Smooth Stone"}],"event_choices":[{"damage_healed":0.0,"max_hp_gain":0.0,"max_hp_loss":0.0,"gold_gain":0.0,"event_name":"Scrap Ooze","player_choice":"Success","floor":2.0,"gold_loss":0.0,"damage_taken":18.0,"relics_obtained":["Frozen Egg 2"]},{"damage_healed":0.0,"max_hp_gain":0.0,"max_hp_loss":0.0,"gold_gain":0.0,"event_name":"The Woman in Blue","player_choice":"Bought 1 Potion","floor":3.0,"gold_loss":0.0,"damage_taken":0.0},{"damage_healed":0,"gold_gain":0,"player_choice":"Gave Potion","damage_taken":0,"relics_obtained":["Mercury Hourglass"],"max_hp_gain":0,"max_hp_loss":0,"event_name":"WeMeetAgain","floor":12,"gold_loss":0},{"damage_healed":0,"gold_gain":0,"player_choice":"Fight","damage_taken":0,"max_hp_gain":0,"max_hp_loss":0,"event_name":"Colosseum","floor":22,"gold_loss":0},{"damage_healed":0,"gold_gain":0,"player_choice":"Fled From Nobs","damage_taken":0,"max_hp_gain":0,"max_hp_loss":0,"event_name":"Colosseum","floor":22,"gold_loss":0},{"damage_healed":0,"gold_gain":0,"player_choice":"Fight","damage_taken":0,"max_hp_gain":0,"max_hp_loss":0,"event_name":"Mysterious Sphere","floor":36,"gold_loss":0},{"damage_healed":0,"gold_gain":0,"player_choice":"Ignored","damage_taken":0,"max_hp_gain":0,"max_hp_loss":0,"event_name":"The Moai Head","floor":38,"gold_loss":0},{"damage_healed":0,"gold_gain":0,"player_choice":"Ignored","damage_taken":0,"max_hp_gain":0,"max_hp_loss":0,"event_name":"Tomb of Lord Red Mask","floor":47,"gold_loss":0}],"is_beta":false,"boss_relics":[{"not_picked":["Astrolabe","HoveringKite"],"picked":"Runic Pyramid"},{"not_picked":["Calling Bell","Pandora\u0027s Box"],"picked":"Coffee Dripper"}],"items_purged_floors":[19],"is_endless":false,"potions_floor_spawned":[1,6,13,21,22,23,25,29,36,37,41,45],"ascension_level":18}