{"gold_per_floor":[110,35,110,285,38,66,66,66,66,78,78,90,90,101,101,206,206,217,316,332,346,358,358,283,283,283,302,302,317,336,113,113,217,217,233,233,253,253,253,253,253,288,357,357,369,45,45,61,61,61],"floor_reached":51,"playtime":1811,"items_purged":["Strike_B","Doubt"],"score":775,"play_id":"6fe91f7f-ef6c-4062-8181-d73d80141621","local_time":"20190611031238","is_ascension_mode":false,"campfire_choices":[{"data":"Static Discharge","floor":7,"key":"SMITH"},{"data":"Static Discharge","floor":13,"key":"SMITH"},{"data":"Zap","floor":15,"key":"SMITH"},{"data":"Defragment","floor":23,"key":"SMITH"},{"data":"Consume","floor":25,"key":"SMITH"},{"data":"Dualcast","floor":28,"key":"SMITH"},{"data":"Static Discharge","floor":32,"key":"SMITH"},{"floor":40,"key":"REST"},{"data":"Thunder Strike","floor":47,"key":"SMITH"},{"data":"Mayhem","floor":49,"key":"SMITH"}],"neow_cost":"NONE","seed_source_timestamp":936203729685487,"circlet_count":0,"master_deck":["Zap+1","Dualcast+1","Static Discharge+1","Static Discharge+1","Consume+1","FTL+1","Undo+1","Cold Snap+1","Echo Form+1","Go for the Eyes+1","Defragment+1","Chill+1","Defragment+1","Buffer+1","Static Discharge+1","Creative AI+1","Static Discharge+1","Recycle+1","Aggregate+1","Reinforced Body+1","Biased Cognition+1","Echo Form+1","Coolheaded+1","Sadistic Nature+1","FTL+1","Stack+1","BootSequence+1","Thunder Strike+1","Mayhem+1"],"relics":["Cracked Core","Bag of Marbles","Pear","DataDisk","Mummified Hand","Darkstone Periapt","Inserter","Cables","Whetstone","Pandora\u0027s Box","Mark of the Bloom","Strawberry","Question Card"],"potions_floor_usage":[33,50,50,50],"damage_taken":[{"damage":4,"enemies":"Small Slimes","floor":1,"turns":3},{"damage":24,"enemies":"Gremlin Nob","floor":6,"turns":4},{"damage":0,"enemies":"Jaw Worm","floor":10,"turns":3},{"damage":7,"enemies":"2 Louse","floor":12,"turns":2},{"damage":0,"enemies":"Looter","floor":14,"turns":3},{"damage":11,"enemies":"The Guardian","floor":16,"turns":6},{"damage":0,"enemies":"Chosen","floor":18,"turns":4},{"damage":17,"enemies":"2 Thieves","floor":20,"turns":4},{"damage":29,"enemies":"Shelled Parasite and Fungi","floor":21,"turns":3},{"damage":8,"enemies":"Chosen and Byrds","floor":22,"turns":4},{"damage":2,"enemies":"Centurion and Healer","floor":27,"turns":8},{"damage":8,"enemies":"Snake Plant","floor":29,"turns":3},{"damage":5,"enemies":"3 Cultists","floor":30,"turns":4},{"damage":9,"enemies":"Collector","floor":33,"turns":7},{"damage":2,"enemies":"Orb Walker","floor":35,"turns":3},{"damage":0,"enemies":"3 Shapes","floor":37,"turns":8},{"damage":39,"enemies":"Nemesis","floor":42,"turns":5},{"damage":0,"enemies":"Sphere and 2 Shapes","floor":45,"turns":4},{"damage":0,"enemies":"3 Darklings","floor":48,"turns":5},{"damage":0,"enemies":"Donu and Deca","floor":50,"turns":8}],"seed_played":"-2508274879870508916","potions_obtained":[{"floor":12,"key":"Dexterity Potion"},{"floor":16,"key":"Regen Potion"},{"floor":18,"key":"Ancient Potion"},{"floor":33,"key":"FearPotion"}],"is_trial":false,"path_per_floor":["M","$","?","?","$","E","R","?","T","M","T","M","R","M","R","B",null,"M","?","M","M","M","R","?","R","T","M","R","M","M","$","R","B",null,"M","?","M","?","?","R","?","E","T","?","M","$","R","M","R","B",null],"character_chosen":"DEFECT","items_purchased":["Static Discharge","Consume","Whetstone","Static Discharge","Thunder Strike","Mayhem"],"campfire_rested":1,"item_purchase_floors":[5,5,31,31,46,46],"current_hp_per_floor":[71,71,60,60,60,46,46,39,39,39,39,32,32,32,32,21,85,85,85,68,39,31,31,31,31,31,29,29,21,16,16,16,22,85,83,83,83,83,83,83,83,44,44,44,44,44,44,44,44,44],"gold":61,"neow_bonus":"RANDOM_COMMON_RELIC","is_prod":false,"is_daily":false,"chose_seed":false,"campfire_upgraded":9,"win_rate":0,"timestamp":1560190358,"path_taken":["M","$","?","?","$","E","R","?","T","M","?","M","R","M","R","BOSS","M","?","M","M","M","R","?","R","T","M","R","M","M","$","R","BOSS","M","?","M","?","?","R","?","E","T","?","M","$","R","M","R","BOSS"],"build_version":"2019-01-23","purchased_purges":2,"victory":true,"max_hp_per_floor":[75,75,75,75,75,85,85,85,85,85,85,85,85,85,85,85,85,85,85,85,85,85,85,85,85,85,85,85,85,85,85,85,85,85,85,85,85,85,85,85,85,92,92,92,92,92,92,92,92,92],"card_choices":[{"not_picked":["Turbo","Heatsinks"],"picked":"Static Discharge","floor":1},{"not_picked":["Redo","Double Energy"],"picked":"FTL","floor":6},{"not_picked":["Rebound","Sweeping Beam"],"picked":"Undo","floor":10},{"not_picked":["Aggregate","Gash"],"picked":"Cold Snap","floor":12},{"not_picked":["Gash","Go for the Eyes"],"picked":"Hologram","floor":14},{"not_picked":["Buffer","Amplify"],"picked":"Echo Form","floor":16},{"not_picked":["Ball Lightning","Beam Cell"],"picked":"Go for the Eyes","floor":18},{"not_picked":["Undo+1","Redo"],"picked":"Defragment","floor":20},{"not_picked":["Barrage","Tempest"],"picked":"Chill","floor":21},{"not_picked":["Genetic Algorithm+1","Barrage","Lockon"],"picked":"SKIP","floor":22},{"not_picked":["Recycle","FTL"],"picked":"Defragment+1","floor":27},{"not_picked":["Cold Snap","Compile Driver"],"picked":"Buffer","floor":29},{"not_picked":["Sweeping Beam","Melter","Compile Driver"],"picked":"SKIP","floor":30},{"not_picked":["Buffer","Meteor Strike"],"picked":"Creative AI","floor":33},{"not_picked":["Undo+1","Turbo"],"picked":"Coolheaded","floor":35},{"not_picked":["The Bomb","Mind Blast"],"picked":"Sadistic Nature","floor":36},{"not_picked":["Gash+1","Go for the Eyes+1"],"picked":"FTL","floor":37},{"not_picked":["Streamline+1","Barrage+1"],"picked":"Stack+1","floor":42},{"not_picked":["Steam+1","Compile Driver","Sweeping Beam+1"],"picked":"BootSequence+1","floor":45},{"not_picked":["Double Energy+1","Sweeping Beam+1","Melter+1","Cold Snap"],"picked":"SKIP","floor":48}],"player_experience":1018966,"relics_obtained":[{"floor":6,"key":"Pear"},{"floor":9,"key":"Mummified Hand"},{"floor":11,"key":"Darkstone Periapt"},{"floor":26,"key":"Cables"},{"floor":42,"key":"Strawberry"},{"floor":43,"key":"Question Card"}],"event_choices":[{"damage_healed":0,"gold_gain":75,"player_choice":"Gather Gold","damage_taken":11,"max_hp_gain":0,"max_hp_loss":0,"event_name":"World of Goop","floor":3,"gold_loss":0},{"damage_healed":0,"gold_gain":175,"player_choice":"AGREE","damage_taken":0,"max_hp_gain":0,"max_hp_loss":0,"event_name":"Liars Game","floor":4,"gold_loss":0,"cards_obtained":["Doubt"]},{"damage_healed":0,"gold_gain":0,"player_choice":"Success","damage_taken":7,"relics_obtained":["DataDisk"],"max_hp_gain":0,"max_hp_loss":0,"event_name":"Scrap Ooze","floor":8,"gold_loss":0},{"damage_healed":0,"gold_gain":99,"player_choice":"Stole From Cult","damage_taken":0,"max_hp_gain":0,"max_hp_loss":0,"event_name":"Nest","floor":19,"gold_loss":0},{"cards_removed":["Strike_B"],"damage_healed":0,"gold_gain":0,"player_choice":"Gave Gold","damage_taken":0,"max_hp_gain":0,"max_hp_loss":0,"event_name":"Beggar","floor":24,"gold_loss":75},{"damage_healed":0,"gold_gain":0,"player_choice":"Memory 1","damage_taken":0,"max_hp_gain":0,"max_hp_loss":0,"event_name":"SensoryStone","floor":36,"gold_loss":0},{"damage_healed":0,"gold_gain":0,"player_choice":"Upgrade","damage_taken":0,"relics_obtained":["Mark of the Bloom"],"max_hp_gain":0,"max_hp_loss":0,"event_name":"MindBloom","floor":38,"gold_loss":0,"cards_upgraded":["Undo","Cold Snap","Hologram","Echo Form","Go for the Eyes","Chill","Buffer","Creative AI","Static Discharge","Recycle","Aggregate","Reinforced Body","Biased Cognition","Echo Form","Coolheaded","Sadistic Nature","FTL"]},{"cards_removed":["Hologram"],"damage_healed":0,"gold_gain":0,"player_choice":"Removed Skill","damage_taken":0,"max_hp_gain":0,"max_hp_loss":0,"event_name":"Falling","floor":39,"gold_loss":0},{"damage_healed":0,"gold_gain":0,"player_choice":"Ignored","damage_taken":0,"max_hp_gain":0,"max_hp_loss":0,"event_name":"Tomb of Lord Red Mask","floor":41,"gold_loss":0},{"damage_healed":0,"gold_gain":0,"player_choice":"Ignored","damage_taken":0,"max_hp_gain":0,"max_hp_loss":0,"event_name":"Mysterious Sphere","floor":44,"gold_loss":0}],"is_beta":false,"boss_relics":[{"not_picked":["Coffee Dripper","Fusion Hammer"],"picked":"Inserter"},{"not_picked":["Runic Dome","FrozenCore"],"picked":"Pandora\u0027s Box"}],"items_purged_floors":[2,5],"is_endless":false,"potions_floor_spawned":[12,16,18,20,29,33,42,45],"ascension_level":0}