{"gold_per_floor":[110,110,110,122,47,81,81,106,106,106,106,120,120,37,37,111,111,122,137,137,157,1,1,26,26,26,45,45,55,55,55,55,132,132,146,163,3,3,17,47,47,64,110,85,85,114,114,114,114,114],"floor_reached":50,"playtime":2398,"items_purged":["Strike_R","Strike_R+1"],"score":1083,"play_id":"eb83c2cd-7e6a-4be9-9186-57c72aa2f37d","local_time":"20190427033443","is_ascension_mode":true,"campfire_choices":[{"data":"Bash","floor":7,"key":"SMITH"},{"data":"Anger","floor":11,"key":"SMITH"},{"data":"Sword Boomerang","floor":13,"key":"SMITH"},{"data":"Twin Strike","floor":15,"key":"SMITH"},{"data":"Thunderclap","floor":23,"key":"SMITH"},{"data":"Intimidate","floor":28,"key":"SMITH"},{"data":"Uppercut","floor":32,"key":"SMITH"},{"data":"Offering","floor":45,"key":"SMITH"},{"data":"Body Slam","floor":47,"key":"SMITH"},{"floor":49,"key":"RECALL"}],"neow_cost":"NONE","seed_source_timestamp":61012536950700,"circlet_count":0,"master_deck":["AscendersBane","Strike_R+1","Defend_R+1","Defend_R+1","Defend_R+1","Defend_R+1","Bash+1","Ghostly Armor","Twin Strike+1","Spot Weakness+1","Anger+1","Sword Boomerang+1","Inflame+1","Impervious","Metallicize+1","Feel No Pain+1","Intimidate+1","Thunderclap+1","Headbutt","Impervious","Corruption+1","Uppercut+1","Offering+1","Whirlwind+1","Body Slam+1","Demon Form+1","Headbutt","True Grit+1"],"relics":["Burning Blood","Meat on the Bone","Orichalcum","Frozen Egg 2","Runic Pyramid","Red Mask","Dream Catcher","Busted Crown","Toxic Egg 2","Magic Flower"],"potions_floor_usage":[6,6,24,42,50,50],"damage_taken":[{"damage":4,"enemies":"Small Slimes","floor":1,"turns":5},{"damage":3,"enemies":"2 Louse","floor":4,"turns":3},{"damage":1,"enemies":"Gremlin Nob","floor":6,"turns":3},{"damage":35,"enemies":"3 Sentries","floor":8,"turns":10},{"damage":0,"enemies":"Cultist","floor":12,"turns":3},{"damage":36,"enemies":"Hexaghost","floor":16,"turns":7},{"damage":12,"enemies":"2 Thieves","floor":18,"turns":4},{"damage":12,"enemies":"Chosen","floor":19,"turns":5},{"damage":17,"enemies":"Snecko","floor":21,"turns":5},{"damage":45,"enemies":"Masked Bandits","floor":24,"turns":5},{"damage":0,"enemies":"Cultist and Chosen","floor":27,"turns":6},{"damage":0,"enemies":"Snake Plant","floor":29,"turns":5},{"damage":19,"enemies":"Automaton","floor":33,"turns":10},{"damage":9,"enemies":"3 Darklings","floor":35,"turns":5},{"damage":6,"enemies":"Orb Walker","floor":36,"turns":3},{"damage":14,"enemies":"Jaw Worm Horde","floor":39,"turns":3},{"damage":12,"enemies":"Giant Head","floor":40,"turns":6},{"damage":16,"enemies":"Transient","floor":42,"turns":6},{"damage":18,"enemies":"Reptomancer","floor":46,"turns":6},{"damage":58,"enemies":"Awakened One","floor":50,"turns":6}],"seed_played":"1634626830971765068","potions_obtained":[{"floor":3,"key":"BloodPotion"},{"floor":3,"key":"Fire Potion"},{"floor":4,"key":"SteroidPotion"},{"floor":8,"key":"Explosive Potion"},{"floor":18,"key":"LiquidBronze"},{"floor":24,"key":"Block Potion"},{"floor":29,"key":"Energy Potion"},{"floor":42,"key":"Weak Potion"}],"is_trial":false,"path_per_floor":["M","?","?","M","$","E","R","E","T","?","R","M","R","$","R","B",null,"M","M","?","M","$","R","?","?","T","M","R","M","?","?","R","B",null,"M","M","$","?","M","E","$","M","T","$","R","E","R","?","R","B"],"character_chosen":"IRONCLAD","items_purchased":["Inflame+1","Thunderclap","Demon Form+1","True Grit+1"],"campfire_rested":0,"item_purchase_floors":[14,22,37,44],"current_hp_per_floor":[77,82,82,85,85,87,87,58,58,58,58,64,64,64,64,46,77,71,65,65,54,54,54,27,27,27,45,45,51,51,51,51,50,78,75,75,75,75,67,61,61,51,51,51,51,51,51,51,51,0],"gold":114,"neow_bonus":"TEN_PERCENT_HP_BONUS","is_prod":false,"is_daily":false,"chose_seed":false,"campfire_upgraded":9,"win_rate":0,"timestamp":1556325283,"path_taken":["M","?","?","?","?","E","R","E","T","?","R","M","R","$","R","BOSS","M","?","?","M","$","R","?","?","T","M","R","?","?","?","R","BOSS","M","M","$","?","M","E","$","?","T","$","R","E","R","?","R","BOSS"],"build_version":"2019-01-23","purchased_purges":2,"victory":false,"max_hp_per_floor":[82,87,87,87,87,87,87,87,87,87,87,87,87,87,87,87,87,87,87,87,87,87,87,87,87,87,87,87,87,87,87,87,87,87,87,87,87,87,87,87,87,87,87,87,87,87,87,87,87,87],"card_choices":[{"not_picked":["Wild Strike","Clash"],"picked":"Ghostly Armor","floor":1},{"not_picked":["Blood for Blood","Heavy Blade"],"picked":"Twin Strike","floor":4},{"not_picked":["Blood for Blood","Sever Soul"],"picked":"Spot Weakness","floor":6},{"not_picked":["Searing Blow","Ghostly Armor"],"picked":"Anger","floor":8},{"not_picked":["Thunderclap","Clash"],"picked":"Sword Boomerang","floor":12},{"not_picked":["Double Tap","Dark Embrace+1"],"picked":"Impervious","floor":16},{"not_picked":["Seeing Red","Combust+1"],"picked":"Metallicize+1","floor":18},{"not_picked":["Clash+1","Flex"],"picked":"Feel No Pain+1","floor":19},{"not_picked":["Perfected Strike","Twin Strike+1"],"picked":"Intimidate","floor":21},{"not_picked":["Heavy Blade","Feel No Pain+1"],"picked":"Headbutt","floor":24},{"not_picked":["Entrench","Wild Strike"],"picked":"Corruption+1","floor":27},{"not_picked":["Second Wind","Anger"],"picked":"Uppercut","floor":29},{"not_picked":["Impervious","Demon Form+1"],"picked":"Offering","floor":33},{"not_picked":[],"picked":"Whirlwind+1","floor":35},{"not_picked":[],"picked":"Body Slam","floor":36},{"not_picked":[],"picked":"Headbutt","floor":39},{"not_picked":["Iron Wave"],"picked":"SKIP","floor":40},{"not_picked":["Searing Blow"],"picked":"SKIP","floor":42},{"not_picked":["Clothesline"],"picked":"SKIP","floor":46}],"player_experience":983368,"relics_obtained":[{"floor":6,"key":"Meat on the Bone"},{"floor":8,"key":"Orichalcum"},{"floor":9,"key":"Frozen Egg 2"},{"floor":24,"key":"Red Mask"},{"floor":26,"key":"Dream Catcher"},{"floor":40,"key":"Toxic Egg 2"},{"floor":46,"key":"Magic Flower"}],"event_choices":[{"damage_healed":0,"gold_gain":0,"player_choice":"Donut","damage_taken":0,"max_hp_gain":5,"max_hp_loss":0,"event_name":"Big Fish","floor":2,"gold_loss":0},{"damage_healed":0,"gold_gain":0,"player_choice":"Got Potions","damage_taken":0,"max_hp_gain":0,"max_hp_loss":0,"event_name":"Lab","floor":3,"gold_loss":0},{"damage_healed":0,"gold_gain":0,"player_choice":"Upgraded","damage_taken":0,"max_hp_gain":0,"max_hp_loss":0,"event_name":"Upgrade Shrine","floor":10,"gold_loss":0,"cards_upgraded":["Spot Weakness"]},{"damage_healed":0,"gold_gain":0,"player_choice":"Simplicity","damage_taken":0,"max_hp_gain":0,"max_hp_loss":0,"event_name":"Back to Basics","floor":20,"gold_loss":0,"cards_upgraded":["Strike_R","Strike_R","Strike_R","Strike_R","Defend_R","Defend_R","Defend_R","Defend_R"]},{"damage_healed":0,"gold_gain":0,"player_choice":"Fought Bandits","damage_taken":0,"max_hp_gain":0,"max_hp_loss":0,"event_name":"Masked Bandits","floor":24,"gold_loss":0},{"damage_healed":0,"gold_gain":0,"player_choice":"Copied","damage_taken":0,"max_hp_gain":0,"max_hp_loss":0,"event_name":"Duplicator","floor":25,"gold_loss":0,"cards_obtained":["Impervious"]},{"damage_healed":0,"gold_gain":0,"player_choice":"Ignored","damage_taken":0,"max_hp_gain":0,"max_hp_loss":0,"event_name":"The Mausoleum","floor":30,"gold_loss":0},{"damage_healed":0,"gold_gain":0,"player_choice":"Ignored","damage_taken":0,"max_hp_gain":0,"max_hp_loss":0,"event_name":"Beggar","floor":31,"gold_loss":0},{"cards_removed":["Strike_R"],"damage_healed":0,"gold_gain":0,"player_choice":"Purged","damage_taken":0,"max_hp_gain":0,"max_hp_loss":0,"event_name":"Purifier","floor":38,"gold_loss":0},{"cards_removed":["Strike_R"],"damage_healed":0,"gold_gain":0,"player_choice":"Offered Basic","damage_taken":0,"max_hp_gain":0,"max_hp_loss":0,"event_name":"Bonfire Elementals","floor":48,"gold_loss":0}],"is_beta":false,"boss_relics":[{"not_picked":["Mark of Pain","Calling Bell"],"picked":"Runic Pyramid"},{"not_picked":["Lizard Tail","Cursed Key"],"picked":"Busted Crown"}],"items_purged_floors":[5,22],"is_endless":false,"potions_floor_spawned":[4,8,18,24,29,40,42,46],"killed_by":"Awakened One","ascension_level":20}