{"gold_per_floor":[119,119,135,153,78,103,103,128,128,162,162],"floor_reached":11,"playtime":388,"items_purged":[],"score":168,"play_id":"65559a70-e751-44c0-8296-3166afc64fa1","local_time":"20190112011630","is_ascension_mode":true,"campfire_choices":[{"data":"Whirlwind","floor":7,"key":"SMITH"}],"neow_cost":"NONE","seed_source_timestamp":225040710935200,"circlet_count":0,"master_deck":["AscendersBane","Strike_R","Strike_R","Strike_R","Defend_R","Defend_R","Defend_R","Defend_R","Bash","Whirlwind+1","Flex","Shockwave","Body Slam"],"relics":["Burning Blood","Bronze Scales","Boot","Shuriken","Oddly Smooth Stone","Omamori"],"potions_floor_usage":[8,10,10],"damage_taken":[{"damage":19,"enemies":"Jaw Worm","floor":1,"turns":4},{"damage":1,"enemies":"Cultist","floor":3,"turns":3},{"damage":0,"enemies":"Small Slimes","floor":4,"turns":3},{"damage":32,"enemies":"Gremlin Nob","floor":6,"turns":4},{"damage":10,"enemies":"3 Sentries","floor":8,"turns":3},{"damage":16,"enemies":"Lagavulin","floor":10,"turns":5}],"seed_played":"260004623574076674","potions_obtained":[{"floor":1,"key":"Ancient Potion"},{"floor":3,"key":"Poison Potion"},{"floor":4,"key":"SteroidPotion"},{"floor":8,"key":"Fire Potion"}],"is_trial":false,"path_per_floor":["M","?","M","M","?","E","R","E","T","E","?"],"character_chosen":"IRONCLAD","items_purchased":[],"campfire_rested":0,"item_purchase_floors":[],"current_hp_per_floor":[55,55,60,66,66,40,40,36,36,26,0],"gold":162,"neow_bonus":"RANDOM_COMMON_RELIC","is_prod":false,"is_daily":false,"chose_seed":false,"campfire_upgraded":1,"win_rate":0,"timestamp":1547248590,"path_taken":["M","?","M","?","?","E","R","E","T","E","?"],"build_version":"2019-01-10","purchased_purges":0,"victory":false,"max_hp_per_floor":[75,75,75,75,75,75,75,75,75,75,75],"card_choices":[{"not_picked":["Clash","Spot Weakness"],"picked":"Whirlwind","floor":1},{"not_picked":["Power Through","Anger","Second Wind"],"picked":"SKIP","floor":3},{"not_picked":["Iron Wave","Second Wind"],"picked":"Flex","floor":4},{"not_picked":["Barricade","Rampage"],"picked":"Shockwave","floor":6},{"not_picked":["Sever Soul","Blood for Blood"],"picked":"Body Slam","floor":8},{"not_picked":["Sentinel","Infernal Blade","Clash"],"picked":"SKIP","floor":10}],"player_experience":813375,"relics_obtained":[{"floor":6,"key":"Boot"},{"floor":8,"key":"Shuriken"},{"floor":9,"key":"Oddly Smooth Stone"},{"floor":10,"key":"Omamori"}],"event_choices":[{"cards_removed":["Strike_R"],"damage_healed":0,"gold_gain":0,"player_choice":"Purged","damage_taken":0,"max_hp_gain":0,"max_hp_loss":0,"event_name":"Purifier","floor":2,"gold_loss":0},{"cards_removed":["Strike_R"],"damage_healed":0,"gold_gain":0,"player_choice":"Card Removal","damage_taken":0,"max_hp_gain":0,"max_hp_loss":0,"event_name":"The Cleric","floor":5,"gold_loss":75}],"is_beta":false,"boss_relics":[],"items_purged_floors":[],"is_endless":false,"potions_floor_spawned":[1,3,4,8],"ascension_level":17}