{"gold_per_floor":[115,115,125,125,135,161,161,181,181,193,47,59,70,70,70,70],"floor_reached":16,"playtime":529,"items_purged":["Strike_B"],"score":104,"play_id":"c81712a3-4295-46f8-9c9a-92a7dc4376c6","local_time":"20190107141922","is_ascension_mode":false,"campfire_choices":[{"data":"Zap","floor":7,"key":"SMITH"},{"data":"Redo","floor":15,"key":"SMITH"}],"neow_cost":"TEN_PERCENT_HP_LOSS","seed_source_timestamp":1804668467479016,"circlet_count":0,"master_deck":["Strike_B","Strike_B","Defend_B","Defend_B","Defend_B","Defend_B","Zap+1","Dualcast","Redo+1","Redo","Coolheaded","Cold Snap+1","Redo","White Noise","Self Repair","Sunder+1","Capacitor"],"relics":["Cracked Core","Unceasing Top","Molten Egg 2","Ice Cream","Meat on the Bone"],"potions_floor_usage":[6],"damage_taken":[{"damage":0,"enemies":"2 Louse","floor":1,"turns":2},{"damage":0,"enemies":"Small Slimes","floor":3,"turns":2},{"damage":0,"enemies":"Cultist","floor":5,"turns":2},{"damage":28,"enemies":"Gremlin Nob","floor":6,"turns":5},{"damage":12,"enemies":"Lots of Slimes","floor":8,"turns":4},{"damage":0,"enemies":"Exordium Thugs","floor":10,"turns":4},{"damage":13,"enemies":"Looter","floor":12,"turns":3},{"damage":13,"enemies":"Gremlin Gang","floor":13,"turns":4},{"damage":20,"enemies":"The Guardian","floor":16,"turns":9}],"seed_played":"3646208268281965318","potions_obtained":[{"floor":1,"key":"Poison Potion"},{"floor":13,"key":"Ancient Potion"}],"is_trial":false,"path_per_floor":["M","?","M","?","M","E","R","M","T","M","$","M","M","T","R","B"],"character_chosen":"DEFECT","items_purchased":["Self Repair"],"campfire_rested":0,"item_purchase_floors":[11],"current_hp_per_floor":[68,61,61,68,68,40,40,28,28,28,28,22,16,16,16,0],"gold":70,"neow_bonus":"ONE_RARE_RELIC","is_prod":false,"is_daily":false,"chose_seed":false,"campfire_upgraded":2,"win_rate":0,"timestamp":1546838362,"path_taken":["M","?","M","?","M","E","R","?","T","M","$","M","?","?","R","BOSS"],"build_version":"2019-01-03v4","purchased_purges":1,"victory":false,"max_hp_per_floor":[68,68,68,68,68,68,68,68,68,68,68,68,68,68,68,68],"card_choices":[{"not_picked":["Doom and Gloom","Genetic Algorithm"],"picked":"Redo","floor":1},{"not_picked":["Rebound","Steam"],"picked":"Redo","floor":3},{"not_picked":["Stack","Compile Driver"],"picked":"Coolheaded","floor":5},{"not_picked":["Blizzard","Tempest"],"picked":"Cold Snap","floor":6},{"not_picked":["Hologram","Compile Driver+1"],"picked":"Redo","floor":8},{"not_picked":["Lockon+1","Compile Driver+1"],"picked":"White Noise","floor":10},{"not_picked":["Rainbow","Ball Lightning+1"],"picked":"Sunder+1","floor":12},{"not_picked":["Sweeping Beam+1","Stack"],"picked":"Capacitor","floor":13}],"player_experience":783997,"relics_obtained":[{"floor":6,"key":"Molten Egg 2"},{"floor":9,"key":"Ice Cream"},{"floor":14,"key":"Meat on the Bone"}],"event_choices":[{"cards_removed":["Strike_B"],"damage_healed":0,"gold_gain":0,"player_choice":"Card Removal","damage_taken":7,"max_hp_gain":0,"max_hp_loss":0,"event_name":"Golden Wing","floor":2,"gold_loss":0},{"damage_healed":7,"gold_gain":0,"player_choice":"Full Heal","damage_taken":0,"max_hp_gain":0,"max_hp_loss":0,"event_name":"Wheel of Change","floor":4,"gold_loss":0}],"is_beta":false,"boss_relics":[],"items_purged_floors":[11],"is_endless":false,"potions_floor_spawned":[1,13],"killed_by":"The Guardian","ascension_level":0}