{"gold_per_floor":[109,124,141,141,141,141,153,153,229,248,264,329,329,40,40,136,136,147,3,3,14,29,29,59,59,59,59,70,70,0,15,15,118,118,135,135,35,51,51,51],"floor_reached":40,"playtime":2154,"items_purged":["Steam Power","Steam Power"],"score":406,"play_id":"565cdd2d-e8a5-483e-bd68-fb6bff8e68db","local_time":"20190609021941","is_ascension_mode":false,"campfire_choices":[{"data":"Zap","floor":6,"key":"SMITH"},{"data":"Consume","floor":8,"key":"SMITH"},{"data":"Capacitor","floor":13,"key":"SMITH"},{"data":"FTL","floor":15,"key":"SMITH"},{"data":"Buffer","floor":23,"key":"SMITH"},{"data":"Capacitor","floor":25,"key":"SMITH"},{"data":"Creative AI","floor":27,"key":"SMITH"},{"data":"Capacitor","floor":32,"key":"SMITH"}],"neow_cost":"TEN_PERCENT_HP_LOSS","seed_source_timestamp":759887485784255,"circlet_count":0,"master_deck":["Zap+1","Dualcast+1","Biased Cognition+1","Auto Shields","Capacitor+1","Ball Lightning","Consume+1","Cold Snap","Conserve Battery","FTL+1","Glacier","Cold Snap","Buffer+1","Reprogram","Blizzard","Reboot+1","Darkness","Core Surge","Compile Driver","Capacitor+1","White Noise","Creative AI+1","Capacitor+1","Glacier","Echo Form","Redo+1","Madness"],"relics":["Cracked Core","Regal Pillow","Meat on the Bone","Tiny Chest","Runic Capacitor","Pandora\u0027s Box","Kunai","Pantograph","Nuclear Battery"],"potions_floor_usage":[40,40,40,40],"damage_taken":[{"damage":1,"enemies":"Cultist","floor":1,"turns":3},{"damage":0,"enemies":"Jaw Worm","floor":2,"turns":3},{"damage":0,"enemies":"2 Louse","floor":3,"turns":1},{"damage":0,"enemies":"Exordium Wildlife","floor":7,"turns":3},{"damage":0,"enemies":"2 Fungi Beasts","floor":10,"turns":2},{"damage":16,"enemies":"Red Slaver","floor":11,"turns":3},{"damage":6,"enemies":"Gremlin Nob","floor":12,"turns":4},{"damage":3,"enemies":"The Guardian","floor":16,"turns":8},{"damage":0,"enemies":"Chosen","floor":18,"turns":6},{"damage":0,"enemies":"Spheric Guardian","floor":21,"turns":5},{"damage":5,"enemies":"Shelled Parasite and Fungi","floor":22,"turns":5},{"damage":31,"enemies":"Gremlin Leader","floor":24,"turns":6},{"damage":0,"enemies":"Cultist and Chosen","floor":28,"turns":7},{"damage":21,"enemies":"Snake Plant","floor":31,"turns":5},{"damage":22,"enemies":"Automaton","floor":33,"turns":11},{"damage":15,"enemies":"Orb Walker","floor":35,"turns":4},{"damage":22,"enemies":"3 Shapes","floor":38,"turns":4},{"damage":48,"enemies":"Reptomancer","floor":40,"turns":3}],"seed_played":"4320054438430868044","potions_obtained":[{"floor":2,"key":"SteroidPotion"},{"floor":7,"key":"Energy Potion"},{"floor":11,"key":"Dexterity Potion"},{"floor":20,"key":"FocusPotion"},{"floor":20,"key":"EntropicBrew"}],"is_trial":false,"path_per_floor":["M","M","M","?","?","R","M","R","T","M","M","E","R","$","R","B",null,"M","$","?","M","M","R","E","R","T","R","M","?","$","M","R","B",null,"M","?","$","M","?","E"],"character_chosen":"DEFECT","items_purchased":["Runic Capacitor","Glacier","Cold Snap","Capacitor","Glacier"],"campfire_rested":0,"item_purchase_floors":[14,14,14,19,30],"current_hp_per_floor":[67,67,67,53,50,50,50,50,50,50,46,40,40,40,40,37,68,68,68,68,68,63,63,44,44,44,44,44,44,44,35,35,38,68,53,53,53,43,43,0],"gold":51,"neow_bonus":"THREE_RARE_CARDS","is_prod":false,"is_daily":false,"chose_seed":false,"campfire_upgraded":8,"win_rate":0,"timestamp":1560014381,"path_taken":["M","M","?","?","?","R","M","R","T","M","M","E","R","?","R","BOSS","M","$","?","M","?","R","E","R","T","R","M","?","$","M","R","BOSS","M","?","?","?","?","E"],"build_version":"2019-01-23","purchased_purges":2,"victory":false,"max_hp_per_floor":[68,68,68,68,68,68,68,68,68,68,68,68,68,68,68,68,68,68,68,68,68,68,68,68,68,68,68,68,68,68,68,68,68,68,68,68,68,68,68,68],"card_choices":[{"not_picked":["Core Surge","Thunder Strike"],"picked":"Biased Cognition","floor":0},{"not_picked":["Compile Driver","Turbo"],"picked":"Auto Shields","floor":1},{"not_picked":["FTL","Leap"],"picked":"Capacitor","floor":2},{"not_picked":["Melter","Stack"],"picked":"Ball Lightning","floor":3},{"not_picked":["Conserve Battery","Go for the Eyes"],"picked":"Consume","floor":7},{"not_picked":["Leap","Skim"],"picked":"Cold Snap","floor":10},{"not_picked":["Sweeping Beam","Scrape"],"picked":"Conserve Battery","floor":11},{"not_picked":["Aggregate","Compile Driver"],"picked":"FTL","floor":12},{"not_picked":["Rainbow","Amplify"],"picked":"Buffer","floor":16},{"not_picked":["Go for the Eyes","Aggregate","Compile Driver+1"],"picked":"SKIP","floor":18},{"not_picked":["Leap","Genetic Algorithm+1"],"picked":"White Noise","floor":21},{"not_picked":["Auto Shields+1","Genetic Algorithm","Leap"],"picked":"SKIP","floor":22},{"not_picked":["Redo+1","Melter"],"picked":"Creative AI","floor":24},{"not_picked":["Turbo","Stack"],"picked":"Capacitor","floor":28},{"not_picked":["Genetic Algorithm","Auto Shields","Scrape"],"picked":"SKIP","floor":31},{"not_picked":["Seek","Fission"],"picked":"Echo Form","floor":33},{"not_picked":["Beam Cell+1","Go for the Eyes+1"],"picked":"Redo+1","floor":35},{"not_picked":["Tempest","BootSequence","Streamline"],"picked":"SKIP","floor":38},{"not_picked":["PanicButton","Jack Of All Trades"],"picked":"Madness","floor":39}],"player_experience":991306,"relics_obtained":[{"floor":9,"key":"Meat on the Bone"},{"floor":12,"key":"Tiny Chest"},{"floor":24,"key":"Kunai"},{"floor":26,"key":"Pantograph"}],"event_choices":[{"damage_healed":0,"gold_gain":0,"player_choice":"Entered Light","damage_taken":14,"max_hp_gain":0,"max_hp_loss":0,"event_name":"Shining Light","floor":4,"gold_loss":0,"cards_upgraded":["Dualcast","Biased Cognition"]},{"damage_healed":0,"gold_gain":0,"player_choice":"Success","damage_taken":3,"relics_obtained":["Regal Pillow"],"max_hp_gain":0,"max_hp_loss":0,"event_name":"Scrap Ooze","floor":5,"gold_loss":0},{"damage_healed":0,"gold_gain":0,"player_choice":"Got Potions","damage_taken":0,"max_hp_gain":0,"max_hp_loss":0,"event_name":"Lab","floor":20,"gold_loss":0},{"damage_healed":0,"gold_gain":0,"player_choice":"Ignored","damage_taken":0,"max_hp_gain":0,"max_hp_loss":0,"event_name":"Vampires","floor":29,"gold_loss":0},{"damage_healed":0,"gold_gain":0,"player_choice":"Forge","damage_taken":0,"max_hp_gain":0,"max_hp_loss":0,"event_name":"Accursed Blacksmith","floor":36,"gold_loss":0,"cards_upgraded":["Reboot"]},{"damage_healed":0,"gold_gain":0,"player_choice":"Memory 1","damage_taken":0,"max_hp_gain":0,"max_hp_loss":0,"event_name":"SensoryStone","floor":39,"gold_loss":0}],"is_beta":false,"boss_relics":[{"not_picked":["Fusion Hammer","Orrery"],"picked":"Pandora\u0027s Box"},{"not_picked":["Snecko Eye","Eternal Feather"],"picked":"Nuclear Battery"}],"items_purged_floors":[19,37],"is_endless":false,"potions_floor_spawned":[2,7,11,16,21,22,28,38],"killed_by":"Reptomancer","ascension_level":0}