{"gold_per_floor":[114,114,114,17,35,35,70,94,94,94,124,149,149,168,168,247,247,258,258,308,308,386,411,411,431,431,150,150,22,22,22,22,99,99,116,116,135,135,4,4,0,0,0,0,0,0,0,0,0,0],"floor_reached":51,"playtime":2500,"items_purged":["Strike_G"],"score":1340,"play_id":"8fc07a22-109c-4b70-9fca-9c63f44ae620","local_time":"20190123004327","is_ascension_mode":true,"campfire_choices":[{"data":"Discovery","floor":6,"key":"SMITH"},{"data":"After Image","floor":10,"key":"SMITH"},{"data":"Survivor","floor":13,"key":"SMITH"},{"floor":15,"key":"REST"},{"data":"Blade Dance","floor":24,"key":"SMITH"},{"data":"Catalyst","floor":28,"key":"SMITH"},{"data":"Cloak And Dagger","floor":32,"key":"SMITH"},{"data":"Deadly Poison","floor":40,"key":"SMITH"},{"data":"Well Laid Plans","floor":42,"key":"SMITH"},{"data":"Night Terror","floor":44,"key":"SMITH"},{"data":"PiercingWail","floor":49,"key":"SMITH"}],"neow_cost":"NONE","seed_source_timestamp":142920771767200,"circlet_count":0,"master_deck":["AscendersBane","Defend_G+1","Defend_G+1","Defend_G+1","Defend_G+1","Defend_G+1","Strike_G+1","Strike_G+1","Strike_G+1","Strike_G+1","Survivor+1","Neutralize+1","Sucker Punch+1","Discovery+1","PiercingWail+1","After Image+1","Well Laid Plans+1","After Image+1","Outmaneuver","Blade Dance+1","Catalyst+1","Envenom+1","Backflip","Flash of Steel","Cloak And Dagger+1","Night Terror+1","Deadly Poison+1","Accuracy+1","Footwork+1"],"relics":["Ring of the Snake","Snake Skull","Sundial","Odd Mushroom","Singing Bowl","Juzu Bracelet","PreservedInsect","Coffee Dripper","Matryoshka","Whetstone","Lantern","Frozen Egg 2","Gremlin Horn","The Courier","Cursed Key","Red Mask"],"potions_floor_usage":[7,11,23],"damage_taken":[{"damage":0,"enemies":"Cultist","floor":1,"turns":4},{"damage":0,"enemies":"2 Louse","floor":5,"turns":4},{"damage":17,"enemies":"Gremlin Nob","floor":7,"turns":4},{"damage":0,"enemies":"The Mushroom Lair","floor":8,"turns":4},{"damage":9,"enemies":"3 Sentries","floor":11,"turns":11},{"damage":2,"enemies":"Small Slimes","floor":14,"turns":4},{"damage":25,"enemies":"Hexaghost","floor":16,"turns":19},{"damage":4,"enemies":"Spheric Guardian","floor":18,"turns":7},{"damage":1,"enemies":"Book of Stabbing","floor":23,"turns":7},{"damage":13,"enemies":"Chosen","floor":25,"turns":6},{"damage":0,"enemies":"Champ","floor":33,"turns":11},{"damage":18,"enemies":"3 Darklings","floor":35,"turns":9},{"damage":0,"enemies":"Orb Walker","floor":37,"turns":4},{"damage":5,"enemies":"Time Eater","floor":50,"turns":5}],"seed_played":"-3471519620831994760","potions_obtained":[{"floor":1,"key":"Fire Potion"},{"floor":8,"key":"Explosive Potion"},{"floor":11,"key":"SteroidPotion"},{"floor":16,"key":"Poison Potion"},{"floor":33,"key":"GhostInAJar"}],"is_trial":false,"path_per_floor":["M","$","?","$","M","R","E","?","T","R","E","T","R","M","R","B",null,"M","?","?","?","T","E","R","M","T","$","R","$","?","T","R","B",null,"M","?","M","?","$","R","?","R","T","R","?","$","?","$","R","B",null],"character_chosen":"THE_SILENT","items_purchased":["Discovery","Envenom+1","Backflip","Flash of Steel","Cloak And Dagger","Accuracy+1","Footwork+1"],"campfire_rested":1,"item_purchase_floors":[4,27,27,27,29,39,39],"current_hp_per_floor":[59,59,39,39,39,39,22,22,22,22,15,15,15,13,33,8,53,49,63,63,44,44,43,43,30,30,30,30,30,30,30,30,30,62,46,46,46,48,48,48,48,48,48,48,48,48,48,48,48,43],"gold":0,"neow_bonus":"RANDOM_COMMON_RELIC","is_prod":false,"is_daily":false,"chose_seed":false,"campfire_upgraded":10,"win_rate":0,"timestamp":1548197007,"path_taken":["M","?","?","$","M","R","E","?","T","R","E","?","R","M","R","BOSS","M","?","?","?","?","E","R","M","T","$","R","$","?","?","R","BOSS","M","?","M","?","$","R","?","R","T","R","?","$","?","?","R","BOSS"],"build_version":"2019-01-17v2","purchased_purges":1,"victory":true,"max_hp_per_floor":[66,66,66,66,66,66,66,66,66,66,68,68,68,68,68,68,68,68,68,68,73,73,73,73,73,73,73,73,73,73,73,73,73,73,75,75,75,77,77,77,77,77,77,77,77,77,77,77,77,77],"card_choices":[{"not_picked":["Infinite Blades","Cloak And Dagger"],"picked":"Sucker Punch","floor":1},{"not_picked":["Quick Slash","Masterful Stab"],"picked":"PiercingWail","floor":5},{"not_picked":["Eviscerate","Blur"],"picked":"After Image","floor":7},{"not_picked":["Dodge and Roll","Prepared"],"picked":"Backflip","floor":8},{"not_picked":["Bullet Time","Setup","Outmaneuver"],"picked":"Singing Bowl","floor":11},{"not_picked":["Finisher","Poisoned Stab"],"picked":"Well Laid Plans","floor":14},{"not_picked":["Tools of the Trade","Grand Finale"],"picked":"After Image","floor":16},{"not_picked":["Underhanded Strike","Caltrops+1"],"picked":"Outmaneuver","floor":18},{"not_picked":["PiercingWail","Flying Knee"],"picked":"Blade Dance","floor":23},{"not_picked":["Dagger Throw","Flying Knee"],"picked":"Catalyst","floor":25},{"not_picked":["Die Die Die","Wraith Form v2+1"],"picked":"Night Terror","floor":33},{"not_picked":["Prepared","Well Laid Plans+1","Outmaneuver"],"picked":"Singing Bowl","floor":35},{"not_picked":["Bane","Acrobatics"],"picked":"Deadly Poison","floor":37},{"not_picked":["Enlightenment","Chrysalis","Trip"],"picked":"Singing Bowl","floor":38}],"player_experience":835821,"relics_obtained":[{"floor":7,"key":"Sundial"},{"floor":8,"key":"Odd Mushroom"},{"floor":9,"key":"Singing Bowl"},{"floor":11,"key":"Juzu Bracelet"},{"floor":12,"key":"PreservedInsect"},{"floor":22,"key":"Matryoshka"},{"floor":23,"key":"Whetstone"},{"floor":26,"key":"Lantern"},{"floor":26,"key":"Frozen Egg 2"},{"floor":31,"key":"Gremlin Horn"},{"floor":31,"key":"The Courier"}],"event_choices":[{"damage_healed":0,"gold_gain":0,"player_choice":"Entered Light","damage_taken":20,"max_hp_gain":0,"max_hp_loss":0,"event_name":"Shining Light","floor":3,"gold_loss":0,"cards_upgraded":["Sucker Punch","Neutralize"]},{"damage_healed":0,"gold_gain":0,"player_choice":"Fought Mushrooms","damage_taken":0,"max_hp_gain":0,"max_hp_loss":0,"event_name":"Mushrooms","floor":8,"gold_loss":0},{"damage_healed":14,"gold_gain":0,"player_choice":"Heal","damage_taken":0,"max_hp_gain":0,"max_hp_loss":0,"event_name":"The Library","floor":19,"gold_loss":0},{"damage_healed":0,"gold_gain":50,"player_choice":"Stole From Cult","damage_taken":0,"max_hp_gain":0,"max_hp_loss":0,"event_name":"Nest","floor":20,"gold_loss":0},{"damage_healed":0,"gold_gain":0,"player_choice":"Shed Blood","damage_taken":24,"max_hp_gain":5,"max_hp_loss":0,"event_name":"Forgotten Altar","floor":21,"gold_loss":0},{"damage_healed":0,"gold_gain":0,"player_choice":"Simplicity","damage_taken":0,"max_hp_gain":0,"max_hp_loss":0,"event_name":"Back to Basics","floor":30,"gold_loss":0,"cards_upgraded":["Defend_G","Defend_G","Defend_G","Defend_G","Defend_G","Strike_G","Strike_G"]},{"damage_healed":0,"gold_gain":0,"player_choice":"Ignored","damage_taken":0,"max_hp_gain":0,"max_hp_loss":0,"event_name":"Mysterious Sphere","floor":36,"gold_loss":0},{"damage_healed":0,"gold_gain":0,"player_choice":"Memory 1","damage_taken":0,"max_hp_gain":0,"max_hp_loss":0,"event_name":"SensoryStone","floor":38,"gold_loss":0},{"damage_healed":0,"gold_gain":0,"player_choice":"Paid","damage_taken":0,"relics_obtained":["Red Mask"],"max_hp_gain":0,"max_hp_loss":0,"event_name":"Tomb of Lord Red Mask","floor":41,"gold_loss":4},{"cards_removed":["Backflip"],"damage_healed":0,"gold_gain":0,"player_choice":"Removed Skill","damage_taken":0,"max_hp_gain":0,"max_hp_loss":0,"event_name":"Falling","floor":45,"gold_loss":0},{"damage_healed":0,"gold_gain":0,"player_choice":"Forge","damage_taken":0,"max_hp_gain":0,"max_hp_loss":0,"event_name":"Accursed Blacksmith","floor":47,"gold_loss":0,"cards_upgraded":["After Image"]}],"is_beta":false,"boss_relics":[{"not_picked":["Snecko Eye","WristBlade"],"picked":"Coffee Dripper"},{"not_picked":["Black Star","Fusion Hammer"],"picked":"Cursed Key"}],"items_purged_floors":[29],"is_endless":false,"potions_floor_spawned":[1,8,11,16,33,37],"ascension_level":17}