{"gold_per_floor":[111,386,405,420,434,434,444,444,444,444,192,192,204,64,64,163,163,176,190,190,190,208,208,66,66,92,105,105,105,117,133,133,236,236,250,268,286,305,305,305,333,333,333,333,84,84,103,121,121,121],"floor_reached":51,"playtime":2244,"items_purged":["Regret","Strike_B"],"score":696,"play_id":"55cbcd2d-54f8-4ce4-b1e3-e0b7c576c64a","local_time":"20190609042728","is_ascension_mode":false,"campfire_choices":[{"data":"Biased Cognition","floor":6,"key":"SMITH"},{"data":"Zap","floor":10,"key":"SMITH"},{"data":"Defragment","floor":12,"key":"SMITH"},{"data":"Consume","floor":15,"key":"SMITH"},{"data":"Seek","floor":23,"key":"SMITH"},{"data":"Seek","floor":29,"key":"SMITH"},{"data":"Dualcast","floor":32,"key":"SMITH"},{"data":"Capacitor","floor":40,"key":"SMITH"},{"data":"Loop","floor":42,"key":"SMITH"},{"data":"Seek","floor":46,"key":"SMITH"},{"data":"Machine Learning","floor":49,"key":"SMITH"}],"neow_cost":"NONE","seed_source_timestamp":767444828401966,"circlet_count":0,"master_deck":["Strike_B+1","Defend_B+1","Defend_B+1","Defend_B+1","Defend_B+1","Zap+1","Dualcast+1","Multi-Cast","Cold Snap","Biased Cognition+1","Consume+1","Defragment+1","Seek+1","Capacitor+1","Electrodynamics","Cold Snap","Cold Snap","Seek+1","Core Surge","Beam Cell","Loop+1","Seek+1","Creative AI","Loop+1","Chill","Glacier","Storm","Machine Learning+1","Double Energy+1","Apotheosis","Glacier"],"relics":["Cracked Core","Pantograph","Inserter","PreservedInsect","Bronze Scales","Orichalcum","Orrery","Bird Faced Urn","Singing Bowl","Bottled Flame"],"potions_floor_usage":[38,50,50],"damage_taken":[{"damage":1,"enemies":"Cultist","floor":1,"turns":3},{"damage":10,"enemies":"Jaw Worm","floor":3,"turns":2},{"damage":3,"enemies":"Small Slimes","floor":4,"turns":4},{"damage":13,"enemies":"Exordium Wildlife","floor":5,"turns":4},{"damage":4,"enemies":"3 Louse","floor":7,"turns":5},{"damage":19,"enemies":"Gremlin Gang","floor":13,"turns":5},{"damage":19,"enemies":"Hexaghost","floor":16,"turns":9},{"damage":4,"enemies":"3 Byrds","floor":18,"turns":2},{"damage":4,"enemies":"Shell Parasite","floor":19,"turns":7},{"damage":4,"enemies":"Chosen and Byrds","floor":22,"turns":5},{"damage":8,"enemies":"Cultist and Chosen","floor":27,"turns":3},{"damage":7,"enemies":"Snake Plant","floor":30,"turns":3},{"damage":0,"enemies":"Snecko","floor":31,"turns":4},{"damage":16,"enemies":"Champ","floor":33,"turns":10},{"damage":0,"enemies":"3 Darklings","floor":35,"turns":1},{"damage":0,"enemies":"Orb Walker","floor":36,"turns":4},{"damage":12,"enemies":"Transient","floor":37,"turns":5},{"damage":15,"enemies":"4 Shapes","floor":38,"turns":3},{"damage":0,"enemies":"Reptomancer","floor":41,"turns":4},{"damage":10,"enemies":"3 Darklings","floor":47,"turns":2},{"damage":9,"enemies":"Maw","floor":48,"turns":7},{"damage":51,"enemies":"Time Eater","floor":50,"turns":8}],"seed_played":"-5966947327740738011","potions_obtained":[{"floor":1,"key":"Block Potion"},{"floor":4,"key":"Block Potion"},{"floor":18,"key":"FocusPotion"},{"floor":37,"key":"SteroidPotion"},{"floor":48,"key":"Energy Potion"}],"is_trial":false,"path_per_floor":["M","?","M","M","M","R","M","?","T","R","$","R","M","$","R","B",null,"M","M","T","?","M","R","$","?","T","M","?","R","M","M","R","B",null,"M","M","M","M","?","R","E","R","T","?","$","R","M","M","R","B",null],"character_chosen":"DEFECT","items_purchased":["Defragment","Seek","Capacitor","Seek","Bottled Flame"],"campfire_rested":0,"item_purchase_floors":[11,11,14,24,45],"current_hp_per_floor":[74,74,64,61,48,48,44,49,49,49,49,49,30,30,30,36,80,76,72,72,72,68,68,68,68,68,60,60,60,53,53,53,62,80,80,80,68,53,53,53,53,53,53,53,53,53,47,54,54,41],"gold":121,"neow_bonus":"ONE_RANDOM_RARE_CARD","is_prod":false,"is_daily":false,"chose_seed":false,"campfire_upgraded":11,"win_rate":0,"timestamp":1560022048,"path_taken":["M","?","?","M","M","R","M","?","T","R","?","R","M","$","R","BOSS","M","M","?","?","?","R","$","?","T","M","?","R","M","M","R","BOSS","M","?","M","?","?","R","E","R","T","?","$","R","M","M","R","BOSS"],"build_version":"2019-01-23","purchased_purges":2,"victory":true,"max_hp_per_floor":[75,75,75,75,75,75,75,80,80,80,80,80,80,80,80,80,80,80,80,80,80,80,80,80,80,80,80,80,80,80,80,80,80,80,80,80,80,80,80,80,80,80,80,80,80,80,80,82,82,82],"card_choices":[{"not_picked":["Skim","Chaos"],"picked":"Cold Snap","floor":1},{"not_picked":["Cold Snap","Steam"],"picked":"Biased Cognition","floor":3},{"not_picked":["Leap","White Noise"],"picked":"Consume","floor":4},{"not_picked":["Streamline","Beam Cell"],"picked":"Auto Shields","floor":5},{"not_picked":["Turbo","Leap","Compile Driver"],"picked":"SKIP","floor":7},{"not_picked":["Turbo","Sweeping Beam","Rebound"],"picked":"SKIP","floor":13},{"not_picked":["Buffer","Creative AI"],"picked":"Electrodynamics","floor":16},{"not_picked":["Hologram","Turbo+1"],"picked":"Cold Snap","floor":18},{"not_picked":["Chaos","Sunder","Force Field"],"picked":"SKIP","floor":19},{"not_picked":["Chill","Heatsinks"],"picked":"Cold Snap","floor":22},{"not_picked":["Go for the Eyes","Streamline","Gash"],"picked":"SKIP","floor":27},{"not_picked":["Turbo+1","Reprogram+1"],"picked":"Loop","floor":30},{"not_picked":["Steam","Fusion+1"],"picked":"Seek","floor":31},{"not_picked":["Machine Learning","Fission"],"picked":"Creative AI","floor":33},{"not_picked":["Leap+1","Doom and Gloom"],"picked":"Loop+1","floor":34},{"not_picked":["Auto Shields+1","Ball Lightning"],"picked":"Chill","floor":34},{"not_picked":["FTL","Undo+1"],"picked":"Glacier","floor":34},{"not_picked":["Streamline+1","Conserve Battery","Recycle+1"],"picked":"SKIP","floor":35},{"not_picked":["Chaos","Double Energy+1"],"picked":"Storm","floor":36},{"not_picked":["Fusion","Beam Cell"],"picked":"Machine Learning","floor":37},{"not_picked":["Gash","Ball Lightning","Genetic Algorithm"],"picked":"SKIP","floor":38},{"not_picked":["Multi-Cast","Stack"],"picked":"Double Energy+1","floor":41},{"not_picked":["Bandage Up","Good Instincts"],"picked":"Apotheosis","floor":44},{"not_picked":["Stack","Auto Shields+1"],"picked":"Glacier","floor":47},{"not_picked":["Streamline","Compile Driver+1","Rip and Tear"],"picked":"Singing Bowl","floor":48}],"player_experience":998614,"relics_obtained":[{"floor":9,"key":"Pantograph"},{"floor":20,"key":"PreservedInsect"},{"floor":26,"key":"Bronze Scales"},{"floor":41,"key":"Bird Faced Urn"},{"floor":43,"key":"Singing Bowl"}],"event_choices":[{"damage_healed":0,"gold_gain":275,"player_choice":"Desecrate","damage_taken":0,"max_hp_gain":0,"max_hp_loss":0,"event_name":"Golden Shrine","floor":2,"gold_loss":0,"cards_obtained":["Regret"]},{"damage_healed":0,"gold_gain":0,"player_choice":"Donut","damage_taken":0,"max_hp_gain":5,"max_hp_loss":0,"event_name":"Big Fish","floor":8,"gold_loss":0},{"damage_healed":0,"gold_gain":0,"player_choice":"Simplicity","damage_taken":0,"max_hp_gain":0,"max_hp_loss":0,"event_name":"Back to Basics","floor":21,"gold_loss":0,"cards_upgraded":["Strike_B","Strike_B","Strike_B","Defend_B","Defend_B","Defend_B","Defend_B"]},{"damage_healed":0,"gold_gain":0,"cards_transformed":["Strike_B","Strike_B"],"player_choice":"Became Test Subject","damage_taken":0,"max_hp_gain":0,"max_hp_loss":0,"event_name":"Drug Dealer","floor":25,"gold_loss":0,"cards_obtained":["Core Surge","Beam Cell"]},{"damage_healed":0,"gold_gain":0,"player_choice":"Gave Potion","damage_taken":0,"relics_obtained":["Orichalcum"],"max_hp_gain":0,"max_hp_loss":0,"event_name":"WeMeetAgain","floor":28,"gold_loss":0},{"cards_removed":["Auto Shields"],"damage_healed":0,"gold_gain":0,"player_choice":"Removed Skill","damage_taken":0,"max_hp_gain":0,"max_hp_loss":0,"event_name":"Falling","floor":39,"gold_loss":0},{"damage_healed":0,"gold_gain":0,"player_choice":"Memory 1","damage_taken":0,"max_hp_gain":0,"max_hp_loss":0,"event_name":"SensoryStone","floor":44,"gold_loss":0}],"is_beta":false,"boss_relics":[{"not_picked":["Velvet Choker","Coffee Dripper"],"picked":"Inserter"},{"not_picked":["Busted Crown","Runic Dome"],"picked":"Orrery"}],"items_purged_floors":[11,14],"is_endless":false,"potions_floor_spawned":[1,4,18,19,37,48],"ascension_level":0}