{"gold_per_floor":[119,138,213,213,225,225,237,237,237,237,269,269,298,317,317,391,391,402,402,417,417],"floor_reached":21,"playtime":781,"items_purged":[],"score":359,"play_id":"803d7087-fa86-47a2-97da-fc5f8a741230","local_time":"20190218211109","is_ascension_mode":true,"campfire_choices":[{"data":"Defragment","floor":6,"key":"SMITH"},{"data":"Zap","floor":8,"key":"SMITH"},{"floor":10,"key":"REST"},{"floor":15,"key":"REST"}],"neow_cost":"NONE","seed_source_timestamp":255758015566100,"circlet_count":0,"master_deck":["AscendersBane","Strike_B","Strike_B","Defend_B","Defend_B","Defend_B","Defend_B","Zap+1","Dualcast","Defragment+1","Cold Snap","Seek","Hologram+1","Core Surge","Defragment","Amplify+1","Streamline+1"],"relics":["Cracked Core","Singing Bowl","Toxic Egg 2","Ancient Tea Set","Regal Pillow","Coffee Dripper"],"potions_floor_usage":[11,14],"damage_taken":[{"damage":7,"enemies":"Jaw Worm","floor":1,"turns":3},{"damage":8,"enemies":"2 Louse","floor":2,"turns":3},{"damage":0,"enemies":"Cultist","floor":5,"turns":3},{"damage":14,"enemies":"3 Louse","floor":7,"turns":3},{"damage":9,"enemies":"3 Sentries","floor":11,"turns":8},{"damage":15,"enemies":"Lagavulin","floor":13,"turns":7},{"damage":20,"enemies":"Exordium Wildlife","floor":14,"turns":4},{"damage":42,"enemies":"The Guardian","floor":16,"turns":14},{"damage":11,"enemies":"Spheric Guardian","floor":18,"turns":4},{"damage":25,"enemies":"Shell Parasite","floor":20,"turns":5},{"damage":31,"enemies":"Cultist and Chosen","floor":21,"turns":3}],"seed_played":"7601485440721416590","potions_obtained":[{"floor":1,"key":"EssenceOfSteel"},{"floor":7,"key":"Fire Potion"},{"floor":16,"key":"FearPotion"},{"floor":20,"key":"EssenceOfSteel"}],"is_trial":false,"path_per_floor":["M","M","?","?","M","R","M","R","T","R","E","?","E","M","R","B",null,"M","?","M","M"],"character_chosen":"DEFECT","items_purchased":[],"campfire_rested":2,"item_purchase_floors":[],"current_hp_per_floor":[64,56,45,40,42,42,28,28,28,52,43,43,28,8,47,5,61,52,52,27,0],"gold":417,"neow_bonus":"TEN_PERCENT_HP_BONUS","is_prod":false,"is_daily":false,"chose_seed":false,"campfire_upgraded":2,"win_rate":0,"timestamp":1550517069,"path_taken":["M","M","?","?","M","R","M","R","T","R","E","?","E","?","R","BOSS","M","?","?","M"],"build_version":"2019-01-23","purchased_purges":0,"victory":false,"max_hp_per_floor":[78,78,78,78,80,80,80,80,80,80,80,80,80,80,80,80,80,82,82,82,82],"card_choices":[{"not_picked":["Streamline","Stack"],"picked":"Defragment","floor":1},{"not_picked":["Stack","Barrage"],"picked":"Cold Snap","floor":2},{"not_picked":["Go for the Eyes","Aggregate","Rebound"],"picked":"Singing Bowl","floor":5},{"not_picked":["Melter","Coolheaded"],"picked":"Seek","floor":7},{"not_picked":["Conserve Battery+1","Fusion+1"],"picked":"Hologram+1","floor":11},{"not_picked":["Leap+1","All For One"],"picked":"Core Surge","floor":13},{"not_picked":["Tempest+1","Gash"],"picked":"Defragment","floor":14},{"not_picked":["Hyperbeam","Multi-Cast+1"],"picked":"Amplify+1","floor":16},{"not_picked":["Stack+1","Gash","Fusion+1"],"picked":"Singing Bowl","floor":18},{"not_picked":["Turbo+1","Barrage"],"picked":"Streamline+1","floor":20}],"player_experience":887989,"relics_obtained":[{"floor":9,"key":"Toxic Egg 2"},{"floor":11,"key":"Ancient Tea Set"},{"floor":13,"key":"Regal Pillow"}],"event_choices":[{"damage_healed":0,"gold_gain":75,"player_choice":"Gather Gold","damage_taken":11,"max_hp_gain":0,"max_hp_loss":0,"event_name":"World of Goop","floor":3,"gold_loss":0},{"damage_healed":0,"gold_gain":0,"player_choice":"Success","damage_taken":5,"relics_obtained":["Singing Bowl"],"max_hp_gain":0,"max_hp_loss":0,"event_name":"Scrap Ooze","floor":4,"gold_loss":0},{"cards_removed":["Strike_B"],"damage_healed":0,"gold_gain":0,"player_choice":"Forget","damage_taken":0,"max_hp_gain":0,"max_hp_loss":0,"event_name":"Living Wall","floor":12,"gold_loss":0},{"cards_removed":["Strike_B"],"damage_healed":0,"gold_gain":0,"player_choice":"Purged","damage_taken":0,"max_hp_gain":0,"max_hp_loss":0,"event_name":"Purifier","floor":19,"gold_loss":0}],"is_beta":false,"boss_relics":[{"not_picked":["FrozenCore","Orrery"],"picked":"Coffee Dripper"}],"items_purged_floors":[],"is_endless":false,"potions_floor_spawned":[1,7,16,20],"killed_by":"Cultist and Chosen","ascension_level":18}