{"path_per_floor":["M","M","$","M","?","E","?","R","T","R","$","E","?","M","R"],"character_chosen":"IRONCLAD","items_purchased":["Rampage","Armaments"],"gold_per_floor":[119,139,27,47,47,77,77,77,77,77,54,80,155,174,174,174],"floor_reached":16,"campfire_rested":1,"playtime":1148,"current_hp_per_floor":[72,72,72,72,65,47,47,47,47,47,47,14,3,8,29,0],"items_purged":["Defend_R"],"gold":174,"score":113,"play_id":"a726e3bf-789e-4a50-afcf-f3773cf5ba71","local_time":"20180417163513","is_prod":false,"is_daily":false,"chose_seed":false,"is_ascension_mode":true,"campfire_upgraded":2,"timestamp":1523950513,"path_taken":["M","M","$","M","?","E","?","R","T","R","?","E","?","M","R","BOSS"],"build_version":"2018-04-12","seed_source_timestamp":71842562275723,"purchased_purges":1,"victory":false,"master_deck":["Strike_R","Strike_R","Strike_R","Defend_R","Defend_R","Defend_R","Bash","Ghostly Armor+1","Rampage+1","Sword Boomerang","Brutality","Normality","Armaments","Hemokinesis","Body Slam","Cleave"],"max_hp_per_floor":[72,72,72,72,72,72,72,72,72,72,72,72,72,72,72,72],"relics":["Burning Blood","Dream Catcher","Art of War","Juzu Bracelet","Gremlin Horn","Champion Belt"],"card_choices":[{"not_picked":["Anger","Searing Blow"],"picked":"Ghostly Armor","floor":1},{"not_picked":["Heavy Blade","Pommel Strike"],"picked":"Sword Boomerang","floor":4},{"not_picked":["Flex","Headbutt"],"picked":"Brutality","floor":6},{"not_picked":["True Grit","Perfected Strike"],"picked":"Hemokinesis","floor":12},{"not_picked":["Perfected Strike","Pommel Strike"],"picked":"Body Slam","floor":14},{"not_picked":["Iron Wave","Twin Strike"],"picked":"Cleave","floor":15}],"player_experience":71005,"potions_floor_usage":[14,16,16],"damage_taken":[{"damage":5,"enemies":"Jaw Worm","floor":1,"turns":9},{"damage":1,"enemies":"2 Louse","floor":2,"turns":4},{"damage":0,"enemies":"Cultist","floor":4,"turns":4},{"damage":24,"enemies":"Gremlin Nob","floor":6,"turns":5},{"damage":39,"enemies":"Lagavulin","floor":12,"turns":9},{"damage":1,"enemies":"2 Fungi Beasts","floor":14,"turns":4},{"damage":41,"enemies":"Hexaghost","floor":16,"turns":9}],"event_choices":[{"event_name":"Scrap Ooze","player_choice":"success","floor":5,"damage_taken":7},{"event_name":"Accursed Blacksmith","player_choice":"Rummage","floor":7,"damage_taken":0},{"event_name":"World of Goop","player_choice":"Gather Gold","floor":13,"damage_taken":0}],"boss_relics":[],"potions_floor_spawned":[2,4,12],"seed_played":"-5728542290053978127","killed_by":"Hexaghost","ascension_level":1,"is_trial":false}