{"gold_per_floor":[112,126,126,146,156,187,187,201,280,280,299,322,342,7,7,111,111,130,130,130,143,158,158,183,183,183,34,34,34,34,51,51,51],"floor_reached":33,"playtime":3743,"items_purged":["Defend_G","Decay"],"score":317,"play_id":"d963e7ed-0787-43e7-9221-b2cafb897b04","local_time":"20190110015404","is_ascension_mode":false,"campfire_choices":[{"data":"Tools of the Trade","floor":7.0,"key":"SMITH"},{"floor":10.0,"key":"REST"},{"data":"Thinking Ahead","floor":15.0,"key":"SMITH"},{"floor":23,"key":"REST"},{"floor":25,"key":"REST"},{"data":"Underhanded Strike","floor":28,"key":"SMITH"},{"floor":32,"key":"REST"}],"neow_cost":"NONE","seed_source_timestamp":0,"circlet_count":0,"master_deck":["Defend_G","Defend_G","Defend_G","Defend_G","Strike_G","Strike_G","Strike_G","Strike_G","Survivor","Neutralize","Acrobatics","Dagger Spray","Dash","Deadly Poison","Tools of the Trade+1","Underhanded Strike+1","Noxious Fumes","Dagger Throw","Thinking Ahead+1","Die Die Die","Shame","Doubt","Clumsy","Adrenaline","Tactician","Prepared","Choke+1","Writhe"],"special_seed":0,"relics":["Ring of the Snake","Smiling Mask","Darkstone Periapt","Potion Belt","Membership Card","Calling Bell","PreservedInsect","Dodecahedron","Nunchaku","Torii","Letter Opener","TwistedFunnel","Dream Catcher"],"potions_floor_usage":[21,22,33],"damage_taken":[{"damage":0.0,"enemies":"Cultist","floor":1.0,"turns":3.0},{"damage":2.0,"enemies":"Jaw Worm","floor":2.0,"turns":5.0},{"damage":0.0,"enemies":"2 Louse","floor":4.0,"turns":2.0},{"damage":4.0,"enemies":"Blue Slaver","floor":5.0,"turns":4.0},{"damage":30.0,"enemies":"3 Sentries","floor":6.0,"turns":10.0},{"damage":2.0,"enemies":"2 Fungi Beasts","floor":8.0,"turns":4.0},{"damage":0.0,"enemies":"3 Louse","floor":11.0,"turns":2.0},{"damage":0.0,"enemies":"Large Slime","floor":13.0,"turns":5.0},{"damage":35.0,"enemies":"Slime Boss","floor":16.0,"turns":7.0},{"damage":0,"enemies":"3 Byrds","floor":18,"turns":3},{"damage":23,"enemies":"2 Thieves","floor":21,"turns":5},{"damage":18,"enemies":"Snake Plant","floor":22,"turns":5},{"damage":36,"enemies":"Book of Stabbing","floor":24,"turns":6},{"damage":38,"enemies":"Sentry and Sphere","floor":31,"turns":6},{"damage":94,"enemies":"Champ","floor":33,"turns":10}],"seed_played":"6595829597164100175","potions_obtained":[{"floor":1.0,"key":"Regen Potion"},{"floor":4.0,"key":"Swift Potion"},{"floor":5.0,"key":"Strength Potion"},{"floor":8.0,"key":"Dexterity Potion"},{"floor":21,"key":"Dexterity Potion"},{"floor":24,"key":"SpeedPotion"}],"is_trial":false,"path_per_floor":["M","M","?","M","M","E","R","M","T","R","M","T","M","$","R","B",null,"M","?","?","M","M","R","E","R","T","$","R","?","$","M","R","B"],"character_chosen":"THE_SILENT","items_purchased":["Membership Card","Thinking Ahead","TwistedFunnel"],"campfire_rested":4,"item_purchase_floors":[14,14,27],"current_hp_per_floor":[77,75,68,68,64,49,49,47,47,70,70,70,70,70,70,35,95,95,95,101,78,60,90,54,84,84,84,84,90,90,52,84,0],"gold":51,"neow_bonus":"TEN_PERCENT_HP_BONUS","is_prod":false,"is_daily":false,"chose_seed":false,"campfire_upgraded":3,"win_rate":0.0,"timestamp":1547085244,"path_taken":["M","?","?","M","M","E","R","M","T","R","M","?","M","$","R","BOSS","M","?","?","M","M","R","E","R","T","$","R","?","?","M","R","BOSS"],"build_version":"2019-01-03v4","purchased_purges":2,"victory":false,"max_hp_per_floor":[77,77,77,77,77,77,77,77,77,77,77,77,77,77,77,77,95,95,95,101,101,101,101,101,101,101,101,101,107,107,107,107,107],"card_choices":[{"not_picked":["Distraction","Skewer"],"picked":"Acrobatics","floor":1.0},{"not_picked":["Eviscerate","Finisher"],"picked":"Dagger Spray","floor":2.0},{"not_picked":["Eviscerate","Sucker Punch"],"picked":"Dash","floor":4.0},{"not_picked":["Acrobatics","Riddle With Holes"],"picked":"Deadly Poison","floor":5.0},{"not_picked":["Tactician","Reflex"],"picked":"Tools of the Trade","floor":6.0},{"not_picked":["Flying Knee","Sucker Punch"],"picked":"Underhanded Strike","floor":8.0},{"not_picked":["Blade Dance","Caltrops"],"picked":"Noxious Fumes","floor":11.0},{"not_picked":["Catalyst","Escape Plan"],"picked":"Dagger Throw","floor":13.0},{"not_picked":["Wraith Form v2","Doppelganger"],"picked":"Die Die Die","floor":16.0},{"not_picked":["PiercingWail+1","Quick Slash"],"picked":"Adrenaline","floor":18},{"not_picked":["Finisher","Bouncing Flask","Deflect"],"picked":"SKIP","floor":21},{"not_picked":["Outmaneuver","Dagger Spray"],"picked":"Prepared","floor":22},{"not_picked":["Catalyst","Blade Dance"],"picked":"Choke+1","floor":24},{"not_picked":["Dagger Spray","Deflect","Slice"],"picked":"SKIP","floor":31}],"player_experience":111765,"relics_obtained":[{"floor":6.0,"key":"Smiling Mask"},{"floor":9.0,"key":"Darkstone Periapt"},{"floor":12.0,"key":"Potion Belt"},{"floor":17.0,"key":"PreservedInsect"},{"floor":17.0,"key":"Dodecahedron"},{"floor":17.0,"key":"Nunchaku"},{"floor":24,"key":"Torii"},{"floor":26,"key":"Letter Opener"}],"event_choices":[{"cards_removed":["Strike_G"],"damage_healed":0.0,"max_hp_gain":0.0,"max_hp_loss":0.0,"gold_gain":0.0,"event_name":"Golden Wing","player_choice":"Card Removal","floor":3.0,"gold_loss":0.0,"damage_taken":7.0},{"damage_healed":0,"gold_gain":0,"player_choice":"Read","damage_taken":0,"max_hp_gain":0,"max_hp_loss":0,"event_name":"The Library","floor":19,"gold_loss":0,"cards_obtained":["Tactician"]},{"damage_healed":0,"gold_gain":0,"player_choice":"Smashed Altar","damage_taken":0,"max_hp_gain":0,"max_hp_loss":0,"event_name":"Forgotten Altar","floor":20,"gold_loss":0,"cards_obtained":["Decay"]},{"damage_healed":0,"gold_gain":0,"player_choice":"Opened","damage_taken":0,"relics_obtained":["Dream Catcher"],"max_hp_gain":0,"max_hp_loss":0,"event_name":"The Mausoleum","floor":29,"gold_loss":0,"cards_obtained":["Writhe"]}],"is_beta":false,"boss_relics":[{"not_picked":["Snecko Eye","Busted Crown"],"picked":"Calling Bell"}],"items_purged_floors":[14,27],"is_endless":false,"potions_floor_spawned":[1,4,5,8,21,24],"killed_by":"Champ","ascension_level":0}