{"gold_per_floor":[116,140,140,30,41,41,59,59,59,75,94,107,382,165,165,270,270,288,307,325,337,212,212,225,236,261,261,261,261,33,33,33,135,135,148,163,174,8,0,0,0,19,67,67,82,102,102,118,118,118],"floor_reached":51,"playtime":2208,"items_purged":["Strike_B","Regret","Defend_B"],"score":668,"play_id":"db82deec-8226-4e0d-a629-9214b5feb777","local_time":"20190106225753","is_ascension_mode":false,"campfire_choices":[{"data":"Zap","floor":6,"key":"SMITH"},{"data":"Dualcast","floor":15,"key":"SMITH"},{"data":"Redo","floor":23,"key":"SMITH"},{"data":"Loop","floor":27,"key":"SMITH"},{"data":"Capacitor","floor":29,"key":"SMITH"},{"data":"Loop","floor":32,"key":"SMITH"},{"data":"Apotheosis","floor":47,"key":"SMITH"},{"data":"Hologram","floor":49,"key":"SMITH"}],"neow_cost":"NONE","seed_source_timestamp":1747679613130765,"circlet_count":0,"master_deck":["Strike_B","Strike_B","Defend_B","Defend_B","Defend_B","Zap+1","Dualcast+1","All For One","Coolheaded+1","Chill","Glacier+1","Cold Snap","Capacitor+1","Go for the Eyes","Gash","FTL","FTL","Loop+1","Reboot","Redo+1","Beam Cell","Go for the Eyes","Beam Cell","Conserve Battery+1","Steam+1","All For One","Loop+1","All For One","Self Repair+1","Self Repair+1","Redo","Apotheosis+1","Blind","Turbo+1","Hologram+1","Conserve Battery+1","Gash"],"relics":["Cracked Core","Art of War","Matryoshka","Sozu","Blood Vial","Centennial Puzzle","DataDisk","Coffee Dripper","Red Mask","Regal Pillow","Pen Nib"],"potions_floor_usage":[24,24],"damage_taken":[{"damage":1,"enemies":"Cultist","floor":1,"turns":3},{"damage":1,"enemies":"2 Louse","floor":5,"turns":3},{"damage":4,"enemies":"Jaw Worm","floor":7,"turns":4},{"damage":6,"enemies":"Exordium Thugs","floor":10,"turns":5},{"damage":0,"enemies":"Looter","floor":11,"turns":3},{"damage":0,"enemies":"Blue Slaver","floor":12,"turns":4},{"damage":24,"enemies":"The Guardian","floor":16,"turns":9},{"damage":0,"enemies":"Spheric Guardian","floor":18,"turns":3},{"damage":1,"enemies":"Chosen","floor":19,"turns":2},{"damage":2,"enemies":"Shelled Parasite and Fungi","floor":20,"turns":5},{"damage":3,"enemies":"Snake Plant","floor":21,"turns":6},{"damage":14,"enemies":"Sentry and Sphere","floor":24,"turns":4},{"damage":0,"enemies":"Snecko","floor":25,"turns":5},{"damage":26,"enemies":"Champ","floor":33,"turns":9},{"damage":0,"enemies":"3 Darklings","floor":35,"turns":4},{"damage":0,"enemies":"3 Shapes","floor":36,"turns":6},{"damage":26,"enemies":"Jaw Worm Horde","floor":37,"turns":5},{"damage":9,"enemies":"Spire Growth","floor":42,"turns":5},{"damage":0,"enemies":"Maw","floor":45,"turns":6},{"damage":21,"enemies":"Sphere and 2 Shapes","floor":46,"turns":7},{"damage":5,"enemies":"Transient","floor":48,"turns":5},{"damage":34,"enemies":"Time Eater","floor":50,"turns":12}],"seed_played":"-424570321006989002","potions_obtained":[{"floor":7,"key":"Explosive Potion"},{"floor":16,"key":"SkillPotion"}],"is_trial":false,"path_per_floor":["M","T","?","$","M","R","M","?","T","M","M","M","?","$","R","B",null,"M","M","M","M","$","R","M","M","T","R","?","R","$","?","R","B",null,"M","M","M","$","?","?","$","M","T","$","M","M","R","M","R","B",null],"character_chosen":"DEFECT","items_purchased":["Glacier","FTL","Loop","DataDisk","Loop","Apotheosis"],"campfire_rested":0,"item_purchase_floors":[4,14,14,30,30,38],"current_hp_per_floor":[74,74,74,74,73,73,69,54,54,48,48,48,48,48,48,24,75,75,74,72,69,69,69,55,55,55,55,55,55,55,48,48,24,75,75,75,69,69,69,69,69,75,75,75,75,74,74,75,75,61],"gold":118,"neow_bonus":"ONE_RANDOM_RARE_CARD","is_prod":false,"is_daily":false,"chose_seed":false,"campfire_upgraded":8,"win_rate":0,"timestamp":1546783073,"path_taken":["M","?","?","?","M","R","?","?","T","M","M","M","?","$","R","BOSS","M","M","M","M","$","R","M","M","T","R","?","R","$","?","R","BOSS","M","M","?","?","?","?","$","M","T","?","M","M","R","M","R","BOSS"],"build_version":"2019-01-03v4","purchased_purges":3,"victory":true,"max_hp_per_floor":[75,75,75,75,75,75,75,75,75,75,75,75,75,75,75,75,75,75,75,75,75,75,75,75,75,75,75,75,75,75,75,75,75,75,75,75,75,75,75,75,75,75,75,75,75,75,75,75,75,75],"card_choices":[{"not_picked":["Double Energy","Steam"],"picked":"Coolheaded","floor":1},{"not_picked":["Steam","Reprogram"],"picked":"Cold Snap","floor":5},{"not_picked":["Static Discharge","Aggregate"],"picked":"Capacitor","floor":7},{"not_picked":["Cold Snap","Rebound"],"picked":"Go for the Eyes","floor":10},{"not_picked":["Blizzard","Reboot"],"picked":"Gash","floor":11},{"not_picked":["Reinforced Body","Genetic Algorithm"],"picked":"FTL","floor":12},{"not_picked":["Buffer","Amplify"],"picked":"Reboot","floor":16},{"not_picked":["Leap+1","Storm"],"picked":"Redo","floor":18},{"not_picked":["Rebound","BootSequence"],"picked":"Beam Cell","floor":19},{"not_picked":["Cold Snap","Coolheaded"],"picked":"Go for the Eyes","floor":20},{"not_picked":["Compile Driver","Conserve Battery+1"],"picked":"Beam Cell","floor":21},{"not_picked":["Double Energy","Ball Lightning"],"picked":"Conserve Battery+1","floor":24},{"not_picked":["Self Repair","Undo"],"picked":"Steam+1","floor":25},{"not_picked":["Electrodynamics","Amplify"],"picked":"All For One","floor":33},{"not_picked":["Storm+1","Rip and Tear+1"],"picked":"Self Repair+1","floor":35},{"not_picked":["Cold Snap+1","Fusion"],"picked":"Self Repair+1","floor":36},{"not_picked":["Force Field+1","White Noise"],"picked":"Redo","floor":37},{"not_picked":["Enlightenment","Transmutation"],"picked":"Blind","floor":40},{"not_picked":["Streamline","Stack+1"],"picked":"Turbo+1","floor":42},{"not_picked":["Turbo+1","Loop"],"picked":"Hologram","floor":45},{"not_picked":["Melter","Chaos+1"],"picked":"Conserve Battery+1","floor":46},{"not_picked":["Coolheaded+1","Compile Driver"],"picked":"Gash","floor":48}],"player_experience":775177,"relics_obtained":[{"floor":2,"key":"Art of War"},{"floor":9,"key":"Matryoshka"},{"floor":26,"key":"Blood Vial"},{"floor":26,"key":"Centennial Puzzle"},{"floor":43,"key":"Regal Pillow"},{"floor":43,"key":"Pen Nib"}],"event_choices":[{"damage_healed":0,"gold_gain":0,"cards_transformed":["Strike_B"],"player_choice":"Change","damage_taken":0,"max_hp_gain":0,"max_hp_loss":0,"event_name":"Living Wall","floor":3,"gold_loss":0,"cards_obtained":["Chill"]},{"damage_healed":0,"gold_gain":0,"player_choice":"Entered Light","damage_taken":15,"max_hp_gain":0,"max_hp_loss":0,"event_name":"Shining Light","floor":8,"gold_loss":0,"cards_upgraded":["Glacier","Coolheaded"]},{"damage_healed":0,"gold_gain":275,"player_choice":"Desecrate","damage_taken":0,"max_hp_gain":0,"max_hp_loss":0,"event_name":"Golden Shrine","floor":13,"gold_loss":0,"cards_obtained":["Regret"]},{"damage_healed":0,"gold_gain":0,"player_choice":"Copied","damage_taken":0,"max_hp_gain":0,"max_hp_loss":0,"event_name":"Duplicator","floor":28,"gold_loss":0,"cards_obtained":["All For One"]},{"damage_healed":0,"gold_gain":0,"player_choice":"","damage_taken":7,"max_hp_gain":0,"max_hp_loss":0,"event_name":"Knowing Skull","floor":31,"potions_obtained":[],"gold_loss":0,"cards_obtained":[]},{"damage_healed":0,"gold_gain":0,"player_choice":"Paid","damage_taken":0,"relics_obtained":["Red Mask"],"max_hp_gain":0,"max_hp_loss":0,"event_name":"Tomb of Lord Red Mask","floor":39,"gold_loss":8},{"damage_healed":0,"gold_gain":0,"player_choice":"Memory 1","damage_taken":0,"max_hp_gain":0,"max_hp_loss":0,"event_name":"SensoryStone","floor":40,"gold_loss":0}],"is_beta":false,"boss_relics":[{"not_picked":["Busted Crown","Tiny House"],"picked":"Sozu"},{"not_picked":["Snecko Eye","Fusion Hammer"],"picked":"Coffee Dripper"}],"items_purged_floors":[4,14,22],"is_endless":false,"potions_floor_spawned":[7,16,19,21,33,35,36,42],"ascension_level":0}