{"gold_per_floor":[115,132,132,187,199,199,199,199,222,242,242,255,137,166,166,166],"floor_reached":16,"playtime":393,"items_purged":[],"score":90,"play_id":"5415a864-4c70-4a81-ae05-31ff46e6d852","local_time":"20190627033752","is_ascension_mode":false,"campfire_choices":[{"data":"Zap","floor":6,"key":"SMITH"},{"data":"Dualcast","floor":11,"key":"SMITH"},{"data":"Consume","floor":15,"key":"SMITH"}],"neow_cost":"NONE","seed_source_timestamp":128482462509406,"circlet_count":0,"master_deck":["Strike_B","Strike_B","Strike_B","Strike_B","Defend_B","Defend_B","Defend_B","Defend_B","Zap+1","Dualcast+1","Parasite","Rebound","Beam Cell","Consume+1","Turbo","Turbo","Steam"],"relics":["Calling Bell","Bronze Scales","The Courier","Ginger","Boot","Golden Idol","DataDisk","Anchor","Odd Mushroom"],"potions_floor_usage":[],"damage_taken":[{"damage":9,"enemies":"2 Louse","floor":1,"turns":3},{"damage":14,"enemies":"Jaw Worm","floor":2,"turns":3},{"damage":0,"enemies":"Small Slimes","floor":5,"turns":2},{"damage":3,"enemies":"2 Fungi Beasts","floor":10,"turns":3},{"damage":14,"enemies":"Blue Slaver","floor":12,"turns":3},{"damage":9,"enemies":"The Mushroom Lair","floor":14,"turns":4},{"damage":35,"enemies":"Slime Boss","floor":16,"turns":3}],"seed_played":"-4632286924375831040","potions_obtained":[{"floor":5,"key":"Strength Potion"},{"floor":10,"key":"Block Potion"}],"is_trial":false,"path_per_floor":["M","M","?","T","M","R","?","?","T","M","R","M","$","?","R","B"],"character_chosen":"DEFECT","items_purchased":["Anchor"],"campfire_rested":0,"item_purchase_floors":[13],"current_hp_per_floor":[66,52,52,52,52,52,34,27,27,24,24,10,10,1,1,0],"gold":166,"neow_bonus":"BOSS_RELIC","is_prod":false,"is_daily":false,"chose_seed":false,"campfire_upgraded":3,"win_rate":0,"timestamp":1561574272,"path_taken":["M","M","?","?","M","R","?","?","T","M","R","M","$","?","R","BOSS"],"build_version":"2019-01-23","purchased_purges":0,"victory":false,"max_hp_per_floor":[75,75,75,75,75,75,75,75,75,75,75,75,75,75,75,75],"card_choices":[{"not_picked":["Chaos","Beam Cell"],"picked":"Rebound","floor":1},{"not_picked":["Blizzard","Rebound"],"picked":"Beam Cell","floor":2},{"not_picked":["Genetic Algorithm","Heatsinks"],"picked":"Consume","floor":5},{"not_picked":["Steam","Barrage"],"picked":"Turbo","floor":10},{"not_picked":["Compile Driver","Consume"],"picked":"Turbo","floor":12},{"not_picked":["Sweeping Beam","Darkness"],"picked":"Steam","floor":14}],"player_experience":1064588,"relics_obtained":[{"floor":0,"key":"Bronze Scales"},{"floor":0,"key":"The Courier"},{"floor":0,"key":"Ginger"},{"floor":4,"key":"Boot"},{"floor":9,"key":"DataDisk"},{"floor":14,"key":"Odd Mushroom"}],"event_choices":[{"cards_removed":["Pain"],"damage_healed":0,"gold_gain":0,"player_choice":"Forget","damage_taken":0,"max_hp_gain":0,"max_hp_loss":0,"event_name":"Living Wall","floor":3,"gold_loss":0},{"damage_healed":0,"gold_gain":0,"player_choice":"Take Damage","damage_taken":18,"relics_obtained":["Golden Idol"],"max_hp_gain":0,"max_hp_loss":0,"event_name":"Golden Idol","floor":7,"gold_loss":0},{"cards_removed":["Injury"],"damage_healed":0,"gold_gain":0,"player_choice":"Card Removal","damage_taken":7,"max_hp_gain":0,"max_hp_loss":0,"event_name":"Golden Wing","floor":8,"gold_loss":0},{"damage_healed":0,"gold_gain":0,"player_choice":"Fought Mushrooms","damage_taken":0,"max_hp_gain":0,"max_hp_loss":0,"event_name":"Mushrooms","floor":14,"gold_loss":0}],"is_beta":false,"boss_relics":[],"items_purged_floors":[],"is_endless":false,"potions_floor_spawned":[5,10],"killed_by":"Slime Boss","ascension_level":0}