{"gold_per_floor":[113,130,74,74,149,149,179,179,206,216,227,257,257,257,257,257],"floor_reached":16,"playtime":439,"items_purged":[],"score":253,"play_id":"354bef5a-7ac3-4b0c-8054-62b97497c942","local_time":"20190201194735","is_ascension_mode":true,"campfire_choices":[{"data":"Dagger Spray","floor":6,"key":"SMITH"},{"data":"Neutralize","floor":8,"key":"SMITH"},{"data":"Flechettes","floor":13,"key":"SMITH"},{"data":"Leg Sweep","floor":15,"key":"SMITH"}],"neow_cost":"NONE","seed_source_timestamp":991254989737000,"circlet_count":0,"master_deck":["AscendersBane","Defend_G","Defend_G","Defend_G","Defend_G","Defend_G","Strike_G","Strike_G","Strike_G","Strike_G","Strike_G","Survivor","Neutralize+1","Endless Agony","Slice","Dagger Spray+1","Flying Knee","Leg Sweep+1","Deflect","Flechettes+1"],"relics":["Ring of the Snake","NeowsBlessing","Meat on the Bone","Bag of Preparation","Pen Nib","The Courier"],"potions_floor_usage":[12,16],"damage_taken":[{"damage":0,"enemies":"Cultist","floor":1,"turns":1},{"damage":0,"enemies":"2 Louse","floor":2,"turns":1},{"damage":0,"enemies":"Gremlin Nob","floor":7,"turns":1},{"damage":0,"enemies":"Jaw Worm","floor":10,"turns":4},{"damage":0,"enemies":"Looter","floor":11,"turns":3},{"damage":16,"enemies":"Lagavulin","floor":12,"turns":7},{"damage":36,"enemies":"Hexaghost","floor":16,"turns":16}],"seed_played":"-4824061041841295682","potions_obtained":[{"floor":2,"key":"FearPotion"},{"floor":10,"key":"Energy Potion"}],"is_trial":false,"path_per_floor":["M","M","$","?","?","R","E","R","T","M","M","E","R","?","R","B"],"character_chosen":"THE_SILENT","items_purchased":["Dagger Spray"],"campfire_rested":0,"item_purchase_floors":[3],"current_hp_per_floor":[59,59,59,64,53,53,53,53,53,53,53,37,37,32,32,0],"gold":257,"neow_bonus":"THREE_ENEMY_KILL","is_prod":false,"is_daily":false,"chose_seed":false,"campfire_upgraded":4,"win_rate":0,"timestamp":1549043255,"path_taken":["M","?","$","?","?","R","E","R","T","M","M","E","R","?","R","BOSS"],"build_version":"2019-01-23","purchased_purges":0,"victory":false,"max_hp_per_floor":[66,66,66,71,71,71,71,71,71,71,71,71,71,71,71,71],"card_choices":[{"not_picked":["Bane","Accuracy"],"picked":"Endless Agony","floor":1},{"not_picked":["Dodge and Roll","Acrobatics"],"picked":"Slice","floor":2},{"not_picked":["Finisher","Dagger Spray"],"picked":"Flying Knee","floor":7},{"not_picked":["Well Laid Plans","Backflip"],"picked":"Leg Sweep","floor":10},{"not_picked":["Masterful Stab","Flying Knee"],"picked":"Deflect","floor":11},{"not_picked":["Catalyst","Grand Finale"],"picked":"Flechettes","floor":12}],"player_experience":861114,"relics_obtained":[{"floor":7,"key":"Meat on the Bone"},{"floor":9,"key":"Bag of Preparation"},{"floor":12,"key":"Pen Nib"}],"event_choices":[{"damage_healed":0,"gold_gain":0,"player_choice":"Donut","damage_taken":0,"max_hp_gain":5,"max_hp_loss":0,"event_name":"Big Fish","floor":4,"gold_loss":0},{"damage_healed":0,"gold_gain":75,"player_choice":"Gather Gold","damage_taken":11,"max_hp_gain":0,"max_hp_loss":0,"event_name":"World of Goop","floor":5,"gold_loss":0},{"damage_healed":0,"gold_gain":0,"player_choice":"Success","damage_taken":5,"relics_obtained":["The Courier"],"max_hp_gain":0,"max_hp_loss":0,"event_name":"Scrap Ooze","floor":14,"gold_loss":0}],"is_beta":false,"boss_relics":[],"items_purged_floors":[],"is_endless":false,"potions_floor_spawned":[2,10],"killed_by":"Hexaghost","ascension_level":18}