{"gold_per_floor":[116,126,106,31,50,50,70,70,152,152,170,188,188,215,227,342,354,386,313,344,215,234,269,269,111,111,210,160,172,192,221,221,318,318,328,328,344,194,207,207,32,61,61,73,101,111,111,0,0,0],"floor_reached":51,"playtime":1576,"items_purged":["Defend_B","Strike_B","Defend_B","Defend_B","Defend_B+1"],"score":737,"play_id":"5a3d8839-0eaa-4306-8ef9-7f95f163698e","local_time":"20190702013825","is_ascension_mode":false,"campfire_choices":[{"data":"Zap","floor":6.0,"key":"SMITH"},{"data":"Dualcast","floor":8.0,"key":"SMITH"},{"data":"Defend_B","floor":10.0,"key":"SMITH"},{"data":"Electrodynamics","floor":15.0,"key":"SMITH"},{"data":"Static Discharge","floor":24,"key":"SMITH"},{"data":"Static Discharge","floor":32,"key":"SMITH"},{"floor":40,"key":"REST"},{"floor":47,"key":"REST"},{"floor":49,"key":"REST"}],"neow_cost":"NONE","seed_source_timestamp":81338917132600,"circlet_count":0,"master_deck":["Zap+1","Dualcast+1","Storm+1","Melter+1","Amplify+1","Electrodynamics+1","Biased Cognition+1","Static Discharge+1","Static Discharge+1"],"special_seed":0,"relics":["Astrolabe","Ornamental Fan","MawBank","Nuclear Battery","PreservedInsect","Bird Faced Urn","Question Card","Pantograph","Black Star","Mummified Hand","Potion Belt","Frozen Egg 2","Boot","Happy Flower","Red Mask"],"potions_floor_usage":[23,31,37,50,50,50],"damage_taken":[{"damage":0.0,"enemies":"Small Slimes","floor":1.0,"turns":4.0},{"damage":6.0,"enemies":"Cultist","floor":2.0,"turns":3.0},{"damage":0.0,"enemies":"2 Louse","floor":5.0,"turns":1.0},{"damage":5.0,"enemies":"Looter","floor":7.0,"turns":3.0},{"damage":16.0,"enemies":"Large Slime","floor":11.0,"turns":7.0},{"damage":6.0,"enemies":"Blue Slaver","floor":12.0,"turns":3.0},{"damage":34.0,"enemies":"The Guardian","floor":16.0,"turns":10.0},{"damage":7.0,"enemies":"Shell Parasite","floor":18.0,"turns":2.0},{"damage":5.0,"enemies":"Chosen","floor":20.0,"turns":2.0},{"damage":0.0,"enemies":"Sentry and Sphere","floor":22.0,"turns":2.0},{"damage":8,"enemies":"Book of Stabbing","floor":23,"turns":2},{"damage":21,"enemies":"Snake Plant","floor":29,"turns":2},{"damage":4,"enemies":"Centurion and Healer","floor":30,"turns":2},{"damage":2,"enemies":"Gremlin Leader","floor":31,"turns":2},{"damage":9,"enemies":"Automaton","floor":33,"turns":4},{"damage":23,"enemies":"3 Darklings","floor":35,"turns":2},{"damage":9,"enemies":"3 Shapes","floor":37,"turns":2},{"damage":0,"enemies":"3 Darklings","floor":39,"turns":1},{"damage":26,"enemies":"Giant Head","floor":42,"turns":4},{"damage":14,"enemies":"Transient","floor":44,"turns":5},{"damage":42,"enemies":"Nemesis","floor":45,"turns":4},{"damage":16,"enemies":"Spire Growth","floor":46,"turns":2},{"damage":32,"enemies":"Donu and Deca","floor":50,"turns":2}],"seed_played":"-5450131058973336494","potions_obtained":[{"floor":3.0,"key":"AttackPotion"},{"floor":5.0,"key":"EssenceOfSteel"},{"floor":20.0,"key":"Weak Potion"},{"floor":30,"key":"Dexterity Potion"},{"floor":31,"key":"EssenceOfSteel"},{"floor":35,"key":"SkillPotion"},{"floor":45,"key":"Energy Potion"},{"floor":46,"key":"Ancient Potion"}],"is_trial":false,"path_per_floor":["M","M","?","$","M","R","M","R","T","R","M","M","?","T","R","B",null,"M","?","M","$","M","E","R","$","T","?","?","M","M","E","R","B",null,"M","?","M","$","M","R","$","E","T","M","E","M","R","?","R","B",null],"character_chosen":"DEFECT","items_purchased":["Static Discharge","Static Discharge"],"campfire_rested":3,"item_purchase_floors":[21,25],"current_hp_per_floor":[75,69,69,69,69,69,64,64,64,64,48,42,42,42,42,8,75,68,68,63,63,63,55,55,55,55,55,55,42,48,58,58,70,75,56,56,53,53,61,75,75,49,49,47,19,17,39,39,61,51],"gold":0,"neow_bonus":"BOSS_RELIC","is_prod":false,"is_daily":false,"chose_seed":false,"campfire_upgraded":6,"win_rate":0,"timestamp":1561999105,"path_taken":["M","M","?","?","M","R","M","R","T","R","M","M","?","?","R","BOSS","M","?","M","$","M","E","R","$","T","?","?","M","?","E","R","BOSS","M","?","M","$","M","R","?","E","T","M","E","M","R","?","R","BOSS"],"build_version":"2019-01-23","purchased_purges":5,"victory":true,"max_hp_per_floor":[75,75,75,75,75,75,75,75,75,75,75,75,75,75,75,75,75,75,75,75,75,75,75,75,75,75,75,75,75,75,75,75,75,75,75,75,75,75,75,75,75,75,75,75,75,75,75,75,75,75],"card_choices":[{"not_picked":["Hologram","Leap","Conserve Battery"],"picked":"SKIP","floor":1.0},{"not_picked":["Tempest","Sunder","Storm"],"picked":"SKIP","floor":2.0},{"not_picked":["Leap","Loop","Stack"],"picked":"SKIP","floor":5.0},{"not_picked":["Hello World","Steam","Heatsinks"],"picked":"SKIP","floor":7.0},{"not_picked":["Turbo","Lockon","Cold Snap"],"picked":"SKIP","floor":11.0},{"not_picked":["Stack","Cold Snap"],"picked":"Electrodynamics","floor":12.0},{"not_picked":["Multi-Cast","Meteor Strike"],"picked":"Biased Cognition","floor":16.0},{"not_picked":["Turbo","Darkness","Gash+1"],"picked":"SKIP","floor":18.0},{"not_picked":["Leap","Chaos","Stack"],"picked":"SKIP","floor":20.0},{"not_picked":["Cold Snap","Aggregate","Rebound"],"picked":"SKIP","floor":22.0},{"not_picked":["Chaos","Steam Power+1","Echo Form"],"picked":"SKIP","floor":23},{"not_picked":["Barrage","Heatsinks","Beam Cell","Go for the Eyes"],"picked":"SKIP","floor":29},{"not_picked":["Genetic Algorithm+1","Go for the Eyes+1","Rip and Tear","Ball Lightning"],"picked":"SKIP","floor":30},{"not_picked":["Coolheaded+1","Blizzard","Doom and Gloom","Barrage"],"picked":"SKIP","floor":31},{"not_picked":["Redo+1","Rebound+1","Conserve Battery+1","Ball Lightning+1"],"picked":"SKIP","floor":35},{"not_picked":["Skim","Darkness+1","Blizzard+1","Ball Lightning"],"picked":"SKIP","floor":37},{"not_picked":["Ball Lightning+1","Melter+1","Undo","Leap"],"picked":"SKIP","floor":39},{"not_picked":["Barrage","Hologram+1","Stack+1","Streamline+1"],"picked":"SKIP","floor":42},{"not_picked":["White Noise","Gash","Rebound","Scrape+1"],"picked":"SKIP","floor":44},{"not_picked":["Auto Shields","Blizzard","Capacitor+1","Defragment+1"],"picked":"SKIP","floor":45},{"not_picked":["Aggregate+1","Sweeping Beam","Stack","Redo"],"picked":"SKIP","floor":46}],"player_experience":1079166,"relics_obtained":[{"floor":9.0,"key":"Ornamental Fan"},{"floor":14.0,"key":"MawBank"},{"floor":23,"key":"Bird Faced Urn"},{"floor":26,"key":"Question Card"},{"floor":31,"key":"Pantograph"},{"floor":42,"key":"Mummified Hand"},{"floor":42,"key":"Potion Belt"},{"floor":43,"key":"Frozen Egg 2"},{"floor":45,"key":"Boot"},{"floor":45,"key":"Happy Flower"}],"event_choices":[{"damage_healed":0.0,"max_hp_gain":0.0,"max_hp_loss":0.0,"gold_gain":0.0,"event_name":"The Woman in Blue","player_choice":"Bought 1 Potion","floor":3.0,"gold_loss":0.0,"damage_taken":0.0},{"damage_healed":0.0,"max_hp_gain":0.0,"max_hp_loss":0.0,"gold_gain":0.0,"event_name":"Liars Game","player_choice":"Ignored","floor":13.0,"gold_loss":0.0,"damage_taken":0.0},{"damage_healed":0.0,"max_hp_gain":0.0,"max_hp_loss":0.0,"gold_gain":0.0,"event_name":"Addict","player_choice":"Obtained Relic","floor":19.0,"gold_loss":85.0,"damage_taken":0.0,"relics_obtained":["PreservedInsect"]},{"damage_healed":0,"gold_gain":99,"player_choice":"Stole From Cult","damage_taken":0,"max_hp_gain":0,"max_hp_loss":0,"event_name":"Nest","floor":27,"gold_loss":0},{"damage_healed":0,"gold_gain":0,"player_choice":"Bet on Owner","damage_taken":0,"max_hp_gain":0,"max_hp_loss":0,"event_name":"The Joust","floor":28,"gold_loss":50},{"damage_healed":0,"gold_gain":0,"player_choice":"Forge","damage_taken":0,"max_hp_gain":0,"max_hp_loss":0,"event_name":"Accursed Blacksmith","floor":36,"gold_loss":0,"cards_upgraded":["Biased Cognition"]},{"damage_healed":0,"gold_gain":0,"player_choice":"Paid","damage_taken":0,"relics_obtained":["Red Mask"],"max_hp_gain":0,"max_hp_loss":0,"event_name":"Tomb of Lord Red Mask","floor":48,"gold_loss":111}],"is_beta":false,"boss_relics":[{"not_picked":["Coffee Dripper","Velvet Choker"],"picked":"Nuclear Battery"},{"not_picked":["Snecko Eye","Pandora\u0027s Box"],"picked":"Black Star"}],"items_purged_floors":[4,21,25,38,41],"is_endless":false,"potions_floor_spawned":[5,20,22,30,31,35,45,46],"ascension_level":0}