{"gold_per_floor":[117,67,82,93,105,105,133,133,215,249,261,291,74,24,24,24],"floor_reached":16,"playtime":595,"items_purged":["Strike_R","Strike_R","Strike_R"],"score":220,"play_id":"978816ce-b73e-4f6e-bf3d-8a605b02f3fc","local_time":"20190330000514","is_ascension_mode":true,"campfire_choices":[{"data":"Uppercut","floor":6,"key":"SMITH"},{"data":"Shockwave","floor":8,"key":"SMITH"},{"data":"Bash","floor":11,"key":"SMITH"},{"data":"Carnage","floor":15,"key":"SMITH"}],"neow_cost":"NONE","seed_source_timestamp":276461619605300,"circlet_count":0,"master_deck":["AscendersBane","Strike_R","Strike_R","Defend_R","Defend_R","Defend_R","Defend_R","Bash+1","Shrug It Off","Pommel Strike","Carnage+1","Uppercut+1","Shockwave+1","Havoc","Double Tap","Reckless Charge"],"relics":["Burning Blood","Smiling Mask","Charon\u0027s Ashes","Gremlin Horn","MawBank"],"potions_floor_usage":[7,10],"damage_taken":[{"damage":2,"enemies":"Cultist","floor":1,"turns":4},{"damage":12,"enemies":"Jaw Worm","floor":3,"turns":6},{"damage":5,"enemies":"Small Slimes","floor":4,"turns":4},{"damage":11,"enemies":"3 Louse","floor":5,"turns":5},{"damage":32,"enemies":"3 Sentries","floor":7,"turns":8},{"damage":24,"enemies":"Gremlin Nob","floor":10,"turns":4},{"damage":0,"enemies":"Large Slime","floor":12,"turns":4},{"damage":38,"enemies":"The Guardian","floor":16,"turns":8}],"seed_played":"-2024143440254429158","potions_obtained":[{"floor":1,"key":"GamblersBrew"},{"floor":3,"key":"LiquidBronze"},{"floor":7,"key":"Regen Potion"}],"is_trial":false,"path_per_floor":["M","$","M","M","M","R","E","R","T","E","R","M","$","$","R","B"],"character_chosen":"IRONCLAD","items_purchased":["Double Tap","Reckless Charge"],"campfire_rested":0,"item_purchase_floors":[13,13],"current_hp_per_floor":[72,72,66,67,62,62,36,36,36,30,30,36,36,36,36,0],"gold":24,"neow_bonus":"RANDOM_COMMON_RELIC","is_prod":false,"is_daily":false,"chose_seed":false,"campfire_upgraded":4,"win_rate":0,"timestamp":1553897114,"path_taken":["M","$","M","?","M","R","E","R","T","E","R","M","?","$","R","BOSS"],"build_version":"2019-01-23","purchased_purges":3,"victory":false,"max_hp_per_floor":[75,75,75,75,75,75,75,75,75,75,75,75,75,75,75,75],"card_choices":[{"not_picked":["Dual Wield","Twin Strike"],"picked":"Shrug It Off","floor":1},{"not_picked":["Ghostly Armor","Intimidate"],"picked":"Pommel Strike","floor":3},{"not_picked":["Seeing Red","Wild Strike"],"picked":"Carnage","floor":4},{"not_picked":["Warcry","Feed"],"picked":"Uppercut","floor":5},{"not_picked":["Blood for Blood","Evolve"],"picked":"Shockwave","floor":7},{"not_picked":["Brutality","Infernal Blade"],"picked":"Havoc","floor":10},{"not_picked":["Wild Strike","Body Slam","Clothesline"],"picked":"SKIP","floor":12}],"player_experience":951434,"relics_obtained":[{"floor":7,"key":"Charon\u0027s Ashes"},{"floor":9,"key":"Gremlin Horn"},{"floor":10,"key":"MawBank"}],"event_choices":[],"is_beta":false,"boss_relics":[],"items_purged_floors":[2,13,14],"is_endless":false,"potions_floor_spawned":[1,3,7],"killed_by":"The Guardian","ascension_level":20}