{"gold_per_floor":[119,119,134,134,2,32,32,43,95,95,115,148,158,170,170,246,246,263,73,73,73,73],"floor_reached":22,"playtime":992,"items_purged":["Pain","Strike_G"],"score":388,"play_id":"7ed1f524-92c7-459f-8c6e-987cd3f9de22","local_time":"20190618190035","is_ascension_mode":true,"campfire_choices":[{"data":"Neutralize","floor":7,"key":"SMITH"},{"floor":10,"key":"REST"},{"data":"Bouncing Flask","floor":15,"key":"SMITH"}],"neow_cost":"NONE","seed_source_timestamp":466952552269300,"circlet_count":0,"master_deck":["AscendersBane","Defend_G","Defend_G","Defend_G","Defend_G","Defend_G","Strike_G","Strike_G","Strike_G","Survivor","Neutralize+1","Bane","Cloak And Dagger","Poisoned Stab","Blade Dance","Blade Dance","Dash","Masterful Stab","Bouncing Flask+1","Dagger Spray","Bullet Time","Clumsy","Writhe","Decay","Well Laid Plans","Malaise"],"relics":["Ring of the Snake","Bag of Preparation","WarpedTongs","Boot","Dream Catcher","Blue Candle","Calling Bell","Juzu Bracelet","Ornamental Fan","Calipers","NlothsMask"],"potions_floor_usage":[22,22],"damage_taken":[{"damage":0,"enemies":"Jaw Worm","floor":1,"turns":6},{"damage":0,"enemies":"2 Louse","floor":3,"turns":3},{"damage":28,"enemies":"Gremlin Nob","floor":6,"turns":4},{"damage":0,"enemies":"Cultist","floor":8,"turns":3},{"damage":0,"enemies":"Blue Slaver","floor":11,"turns":3},{"damage":14,"enemies":"3 Sentries","floor":12,"turns":8},{"damage":0,"enemies":"Lots of Slimes","floor":13,"turns":2},{"damage":0,"enemies":"2 Fungi Beasts","floor":14,"turns":2},{"damage":1,"enemies":"Slime Boss","floor":16,"turns":7},{"damage":29,"enemies":"Shell Parasite","floor":18,"turns":6},{"damage":10,"enemies":"Colosseum Slavers","floor":22,"turns":3},{"damage":45,"enemies":"Colosseum Nobs","floor":22,"turns":3}],"seed_played":"8199634867177154698","potions_obtained":[{"floor":1,"key":"Explosive Potion"},{"floor":8,"key":"GamblersBrew"}],"is_trial":false,"path_per_floor":["M","?","M","?","$","E","R","M","T","R","M","E","M","M","R","B",null,"M","$","?","?","?"],"character_chosen":"THE_SILENT","items_purchased":["Poisoned Stab","Malaise"],"campfire_rested":1,"item_purchase_floors":[5,19],"current_hp_per_floor":[59,52,52,52,52,24,24,24,24,43,43,29,29,29,29,28,57,28,28,28,28,0],"gold":73,"neow_bonus":"RANDOM_COMMON_RELIC","is_prod":false,"is_daily":false,"chose_seed":false,"campfire_upgraded":2,"win_rate":0,"timestamp":1560873635,"path_taken":["M","?","M","?","$","E","R","M","T","R","M","E","?","M","R","BOSS","M","$","?","?","?"],"build_version":"2019-01-23","purchased_purges":2,"victory":false,"max_hp_per_floor":[66,66,66,66,66,66,66,66,66,66,66,66,66,66,66,66,66,66,66,66,66,66],"card_choices":[{"not_picked":["Choke","Dodge and Roll"],"picked":"Bane","floor":1},{"not_picked":["Slice","Accuracy"],"picked":"Cloak And Dagger","floor":3},{"not_picked":["Slice","Acrobatics"],"picked":"Blade Dance","floor":6},{"not_picked":["Outmaneuver","Cloak And Dagger"],"picked":"Blade Dance","floor":8},{"not_picked":["Bane","Accuracy"],"picked":"Dash","floor":10},{"not_picked":["Predator","Backflip","Slice"],"picked":"SKIP","floor":11},{"not_picked":["Unload","Setup"],"picked":"Masterful Stab","floor":12},{"not_picked":["Concentrate","Deadly Poison"],"picked":"Bouncing Flask","floor":13},{"not_picked":["Setup","Bane"],"picked":"Dagger Spray","floor":14},{"not_picked":["Storm of Steel","Grand Finale"],"picked":"Bullet Time","floor":16},{"not_picked":["Quick Slash","Cloak And Dagger"],"picked":"Well Laid Plans","floor":18}],"player_experience":1141096,"relics_obtained":[{"floor":6,"key":"Boot"},{"floor":9,"key":"Dream Catcher"},{"floor":12,"key":"Blue Candle"},{"floor":17,"key":"Juzu Bracelet"},{"floor":17,"key":"Ornamental Fan"},{"floor":17,"key":"Calipers"}],"event_choices":[{"cards_removed":["Strike_G"],"damage_healed":0,"gold_gain":0,"player_choice":"Card Removal","damage_taken":7,"max_hp_gain":0,"max_hp_loss":0,"event_name":"Golden Wing","floor":2,"gold_loss":0},{"damage_healed":0,"gold_gain":0,"player_choice":"Rummage","damage_taken":0,"relics_obtained":["WarpedTongs"],"max_hp_gain":0,"max_hp_loss":0,"event_name":"Accursed Blacksmith","floor":4,"gold_loss":0,"cards_obtained":["Pain"]},{"damage_healed":0,"gold_gain":0,"player_choice":"Trade","damage_taken":0,"relics_obtained":["NlothsMask"],"max_hp_gain":0,"max_hp_loss":0,"event_name":"FaceTrader","floor":20,"gold_loss":0},{"damage_healed":0,"gold_gain":0,"player_choice":"Ignored","damage_taken":0,"max_hp_gain":0,"max_hp_loss":0,"event_name":"Vampires","floor":21,"gold_loss":0},{"damage_healed":0,"gold_gain":0,"player_choice":"Fight","damage_taken":0,"max_hp_gain":0,"max_hp_loss":0,"event_name":"Colosseum","floor":22,"gold_loss":0},{"damage_healed":0,"gold_gain":0,"player_choice":"Fought Nobs","damage_taken":0,"max_hp_gain":0,"max_hp_loss":0,"event_name":"Colosseum","floor":22,"gold_loss":0}],"is_beta":false,"boss_relics":[{"not_picked":["Astrolabe","Black Star"],"picked":"Calling Bell"}],"items_purged_floors":[5,19],"is_endless":false,"potions_floor_spawned":[1,8,12,14,16,18],"killed_by":"Colosseum Nobs","ascension_level":20}