{"gold_per_floor":[118,118,136,66,66,66,84,102,102,82,99,99,174,25,25,129,129,145,77,77,77,37,37,47,47,70,70,99,99,134,233,233,338,338,351,139,156,2,2,2],"floor_reached":41,"playtime":1193,"items_purged":["Regret"],"score":613,"play_id":"5c4d1b25-55f8-4e8c-941f-73c9d83267fb","local_time":"20190623032445","is_ascension_mode":false,"campfire_choices":[{"data":"Zap","floor":6,"key":"SMITH"},{"data":"Defragment","floor":15,"key":"SMITH"},{"data":"Static Discharge","floor":23,"key":"SMITH"},{"data":"Storm","floor":25,"key":"SMITH"},{"data":"Capacitor","floor":27,"key":"SMITH"},{"data":"Hologram","floor":29,"key":"SMITH"},{"data":"Dualcast","floor":32,"key":"SMITH"}],"neow_cost":"NONE","seed_source_timestamp":306153441585753,"circlet_count":0,"master_deck":["Strike_B","Strike_B","Strike_B","Strike_B","Defend_B+1","Defend_B+1","Defend_B","Defend_B","Zap+1","Dualcast+1","Ball Lightning+1","Melter","Self Repair","Storm+1","Defragment+1","Static Discharge+1","Heatsinks+1","Electrodynamics","Conserve Battery","Capacitor+1","Reboot","Injury","Cold Snap","Hologram+1","Self Repair","Cold Snap","Fission","Coolheaded+1","Storm","Coolheaded","Seek"],"relics":["FrozenCore","Juzu Bracelet","Mummified Hand","Meat on the Bone","Bird Faced Urn","White Beast Statue","Nilry\u0027s Codex","Boot","Pen Nib","Letter Opener","DataDisk"],"potions_floor_usage":[24,28,30,30,40,40],"damage_taken":[{"damage":0,"enemies":"2 Louse","floor":1,"turns":2},{"damage":0,"enemies":"Jaw Worm","floor":3,"turns":3},{"damage":2,"enemies":"Cultist","floor":7,"turns":3},{"damage":3,"enemies":"Large Slime","floor":8,"turns":6},{"damage":10,"enemies":"3 Louse","floor":11,"turns":2},{"damage":42,"enemies":"Hexaghost","floor":16,"turns":5},{"damage":10,"enemies":"2 Thieves","floor":18,"turns":3},{"damage":2,"enemies":"Chosen","floor":24,"turns":4},{"damage":2,"enemies":"Book of Stabbing","floor":28,"turns":4},{"damage":17,"enemies":"Gremlin Leader","floor":30,"turns":4},{"damage":46,"enemies":"Champ","floor":33,"turns":7},{"damage":4,"enemies":"3 Shapes","floor":35,"turns":3},{"damage":4,"enemies":"Orb Walker","floor":37,"turns":3},{"damage":34,"enemies":"Time Eater","floor":40,"turns":9}],"seed_played":"-7071908402501649497","potions_obtained":[{"floor":1,"key":"Poison Potion"},{"floor":10,"key":"Energy Potion"},{"floor":16,"key":"Regen Potion"},{"floor":24,"key":"SkillPotion"},{"floor":28,"key":"Weak Potion"},{"floor":30,"key":"Dexterity Potion"},{"floor":33,"key":"AttackPotion"},{"floor":35,"key":"Regen Potion"}],"is_trial":false,"path_per_floor":["M","?","M","$","?","R","M","M","T","?","M","T","?","$","R","B",null,"M","$","?","?","?","R","M","R","T","R","E","R","E","?","R","B",null,"M","$","M","$","?","B",null],"character_chosen":"DEFECT","items_purchased":["Self Repair","Heatsinks","Capacitor","DataDisk","Storm","Seek"],"campfire_rested":0,"item_purchase_floors":[4,14,19,36,36,38],"current_hp_per_floor":[75,60,60,60,60,60,65,69,69,69,66,66,55,55,55,42,75,72,72,72,56,56,56,75,75,75,75,75,75,75,75,75,55,75,75,75,75,75,75,75],"gold":2,"neow_bonus":"RANDOM_COMMON_RELIC","is_prod":false,"is_daily":false,"chose_seed":false,"campfire_upgraded":7,"win_rate":0,"timestamp":1561227885,"path_taken":["M","?","M","?","?","R","M","M","T","?","M","?","?","$","R","BOSS","M","$","?","?","?","R","M","R","T","R","E","R","E","?","R","BOSS","M","$","M","$","?","BOSS"],"build_version":"2019-01-23","purchased_purges":1,"victory":true,"max_hp_per_floor":[75,75,75,75,75,75,75,75,75,75,75,75,75,75,75,75,75,75,75,75,75,75,75,75,75,75,75,75,75,75,75,75,75,75,75,75,75,75,75,75],"card_choices":[{"not_picked":["Doom and Gloom","Steam"],"picked":"Ball Lightning","floor":1},{"not_picked":["Undo","Steam"],"picked":"Melter","floor":3},{"not_picked":["Go for the Eyes","Sunder"],"picked":"Storm","floor":7},{"not_picked":["Reinforced Body","Aggregate"],"picked":"Defragment","floor":8},{"not_picked":["Reinforced Body","Steam"],"picked":"Static Discharge","floor":11},{"not_picked":["Thunder Strike","Machine Learning"],"picked":"Electrodynamics","floor":16},{"not_picked":["Compile Driver","Gash"],"picked":"Conserve Battery","floor":18},{"not_picked":["Turbo+1","Doom and Gloom"],"picked":"Hologram","floor":24},{"not_picked":["Hologram","Redo+1"],"picked":"Self Repair","floor":28},{"not_picked":["Rebound","Tempest"],"picked":"Cold Snap","floor":30},{"not_picked":["Multi-Cast","Meteor Strike"],"picked":"Fission","floor":33},{"not_picked":["Conserve Battery+1","Streamline"],"picked":"Coolheaded+1","floor":35},{"not_picked":["Turbo","Reinforced Body"],"picked":"Coolheaded","floor":37}],"player_experience":1057970,"relics_obtained":[{"floor":9,"key":"Meat on the Bone"},{"floor":12,"key":"Bird Faced Urn"},{"floor":21,"key":"Nilry\u0027s Codex"},{"floor":26,"key":"Boot"},{"floor":28,"key":"Pen Nib"},{"floor":30,"key":"Letter Opener"}],"event_choices":[{"damage_healed":0,"gold_gain":0,"player_choice":"Entered Light","damage_taken":15,"max_hp_gain":0,"max_hp_loss":0,"event_name":"Shining Light","floor":2,"gold_loss":0,"cards_upgraded":["Defend_B","Defend_B"]},{"damage_healed":0,"gold_gain":0,"player_choice":"Box","damage_taken":0,"relics_obtained":["Mummified Hand"],"max_hp_gain":0,"max_hp_loss":0,"event_name":"Big Fish","floor":5,"gold_loss":0,"cards_obtained":["Regret"]},{"damage_healed":0,"gold_gain":0,"player_choice":"Bought 1 Potion","damage_taken":0,"max_hp_gain":0,"max_hp_loss":0,"event_name":"The Woman in Blue","floor":10,"gold_loss":0},{"damage_healed":0,"gold_gain":75,"player_choice":"Gather Gold","damage_taken":11,"max_hp_gain":0,"max_hp_loss":0,"event_name":"World of Goop","floor":13,"gold_loss":0},{"damage_healed":0,"gold_gain":0,"player_choice":"3 cards matched","damage_taken":0,"max_hp_gain":0,"max_hp_loss":0,"event_name":"Match and Keep!","floor":20,"gold_loss":0,"cards_obtained":["Reboot","Injury","Cold Snap"]},{"damage_healed":0,"gold_gain":0,"player_choice":"Obtained Book","damage_taken":16,"max_hp_gain":0,"max_hp_loss":0,"event_name":"Cursed Tome","floor":21,"gold_loss":0},{"damage_healed":0,"gold_gain":0,"player_choice":"Upgraded Two","damage_taken":0,"max_hp_gain":0,"max_hp_loss":0,"event_name":"Designer","floor":22,"gold_loss":40,"cards_upgraded":["Heatsinks","Ball Lightning"]},{"damage_healed":0,"gold_gain":99,"player_choice":"Stole From Cult","damage_taken":0,"max_hp_gain":0,"max_hp_loss":0,"event_name":"Nest","floor":31,"gold_loss":0},{"damage_healed":0,"gold_gain":0,"player_choice":"Took Portal","damage_taken":0,"max_hp_gain":0,"max_hp_loss":0,"event_name":"SecretPortal","floor":39,"gold_loss":0}],"is_beta":false,"boss_relics":[{"not_picked":["Fusion Hammer","Busted Crown"],"picked":"White Beast Statue"},{"not_picked":["Sozu","Velvet Choker"],"picked":"FrozenCore"}],"items_purged_floors":[14],"is_endless":false,"potions_floor_spawned":[1,16,18,24,28,30,33,35,37],"ascension_level":0}