{"gold_per_floor":[115,129,129,11,21,21,54,70,124,124,138,138,63,75,75,152,152,168,168,5,5,20,49,49,49,97,97,115,115,115],"floor_reached":30,"playtime":858,"items_purged":["Strike_R"],"score":521,"play_id":"95552781-da50-4a3b-99cf-3f2cc13dfe00","local_time":"20190512192021","is_ascension_mode":true,"campfire_choices":[{"data":"Carnage","floor":6.0,"key":"SMITH"},{"data":"Inflame","floor":10.0,"key":"SMITH"},{"data":"Anger","floor":12.0,"key":"SMITH"},{"data":"Pommel Strike","floor":15.0,"key":"SMITH"},{"data":"Immolate","floor":24,"key":"SMITH"},{"data":"True Grit","floor":29,"key":"SMITH"}],"neow_cost":"NONE","seed_source_timestamp":346658193320100,"circlet_count":0,"master_deck":["AscendersBane","Defend_R","Defend_R","Defend_R","Defend_R","Bash+1","Battle Trance","Evolve","Carnage+1","Anger+1","Inflame+1","Spot Weakness","Pommel Strike+1","Metallicize","Impervious","Sword Boomerang","Headbutt","Immolate+1","True Grit+1","Bite","Bite","Bite","Bite","Bite","Feed"],"special_seed":0,"relics":["Burning Blood","Ornamental Fan","Strawberry","Coffee Dripper","Blue Candle","Orichalcum","Nloth\u0027s Gift"],"potions_floor_usage":[],"damage_taken":[{"damage":4.0,"enemies":"Small Slimes","floor":1.0,"turns":3.0},{"damage":1.0,"enemies":"2 Louse","floor":2.0,"turns":3.0},{"damage":1.0,"enemies":"Cultist","floor":5.0,"turns":3.0},{"damage":39.0,"enemies":"Gremlin Nob","floor":7.0,"turns":5.0},{"damage":0.0,"enemies":"2 Fungi Beasts","floor":8.0,"turns":2.0},{"damage":7.0,"enemies":"Exordium Thugs","floor":11.0,"turns":4.0},{"damage":3.0,"enemies":"3 Louse","floor":14.0,"turns":3.0},{"damage":11.0,"enemies":"Slime Boss","floor":16.0,"turns":5.0},{"damage":21,"enemies":"Spheric Guardian","floor":18,"turns":4},{"damage":0,"enemies":"Chosen","floor":22,"turns":4},{"damage":26,"enemies":"Book of Stabbing","floor":23,"turns":3},{"damage":35,"enemies":"3 Cultists","floor":28,"turns":4},{"damage":40,"enemies":"Slavers","floor":30,"turns":3}],"seed_played":"4825315272342382038","potions_obtained":[{"floor":2.0,"key":"Block Potion"},{"floor":8.0,"key":"FearPotion"},{"floor":14.0,"key":"FearPotion"},{"floor":16.0,"key":"Strength Potion"},{"floor":28,"key":"AttackPotion"}],"is_trial":false,"path_per_floor":["M","M","?","$","M","R","E","M","T","R","M","R","?","M","R","B",null,"M","?","$","?","M","E","R","?","T","?","M","R","E"],"character_chosen":"IRONCLAD","items_purchased":["Carnage","Immolate"],"campfire_rested":0,"item_purchase_floors":[4,20],"current_hp_per_floor":[70,75,64,64,69,69,36,42,49,49,48,48,48,51,51,46,73,58,58,58,58,64,44,44,44,44,44,23,23,0],"gold":115,"neow_bonus":"UPGRADE_CARD","is_prod":false,"is_daily":false,"chose_seed":false,"campfire_upgraded":6,"win_rate":0,"timestamp":1557678021,"path_taken":["M","M","?","$","M","R","E","M","T","R","M","R","?","M","R","BOSS","M","?","$","?","M","E","R","?","T","?","?","R","E"],"build_version":"2019-01-23","purchased_purges":1,"victory":false,"max_hp_per_floor":[75,75,75,75,75,75,75,75,82,82,82,82,82,82,82,82,82,82,82,82,82,82,82,82,57,57,57,57,57,60],"card_choices":[{"not_picked":["Thunderclap","Warcry"],"picked":"Battle Trance","floor":1.0},{"not_picked":["Anger","Pommel Strike"],"picked":"Evolve","floor":2.0},{"not_picked":["Thunderclap","Perfected Strike"],"picked":"Anger","floor":5.0},{"not_picked":["Sentinel","Flame Barrier"],"picked":"Inflame","floor":7.0},{"not_picked":["Entrench","Bloodletting"],"picked":"Spot Weakness","floor":8.0},{"not_picked":["Thunderclap","Twin Strike"],"picked":"Pommel Strike","floor":11.0},{"not_picked":["Second Wind","Perfected Strike"],"picked":"Metallicize","floor":14.0},{"not_picked":["Juggernaut","Exhume"],"picked":"Impervious","floor":16.0},{"not_picked":["Clash","Flex+1"],"picked":"Sword Boomerang","floor":18},{"not_picked":["Flex","Cleave","Blood for Blood"],"picked":"SKIP","floor":22},{"not_picked":["Cleave","Intimidate"],"picked":"True Grit","floor":23},{"not_picked":["Body Slam","Perfected Strike"],"picked":"Feed","floor":28}],"player_experience":1005844,"relics_obtained":[{"floor":7.0,"key":"Lantern"},{"floor":9.0,"key":"Strawberry"},{"floor":23,"key":"Blue Candle"},{"floor":26,"key":"Orichalcum"}],"event_choices":[{"damage_healed":0.0,"max_hp_gain":0.0,"max_hp_loss":0.0,"gold_gain":0.0,"event_name":"Scrap Ooze","player_choice":"Success","floor":3.0,"gold_loss":0.0,"damage_taken":11.0,"relics_obtained":["Ornamental Fan"]},{"cards_removed":["Strike_R"],"damage_healed":0.0,"max_hp_gain":0.0,"max_hp_loss":0.0,"gold_gain":0.0,"event_name":"The Cleric","player_choice":"Card Removal","floor":13.0,"gold_loss":75.0,"damage_taken":0.0},{"damage_healed":0,"gold_gain":0,"player_choice":"Read","damage_taken":0,"max_hp_gain":0,"max_hp_loss":0,"event_name":"The Library","floor":19,"gold_loss":0,"cards_obtained":["Headbutt"]},{"damage_healed":0,"gold_gain":0,"player_choice":"Ignored","damage_taken":0,"max_hp_gain":0,"max_hp_loss":0,"event_name":"The Mausoleum","floor":21,"gold_loss":0},{"damage_healed":0,"gold_gain":0,"player_choice":"Became a vampire","damage_taken":0,"max_hp_gain":0,"max_hp_loss":25,"event_name":"Vampires","floor":25,"gold_loss":0,"cards_obtained":["Bite","Bite","Bite","Bite","Bite"]},{"damage_healed":0,"gold_gain":0,"player_choice":"Traded Relic","damage_taken":0,"relics_obtained":["Nloth\u0027s Gift"],"max_hp_gain":0,"max_hp_loss":0,"event_name":"N\u0027loth","floor":27,"relics_lost":["Lantern"],"gold_loss":0}],"is_beta":false,"boss_relics":[{"not_picked":["Calling Bell","Cursed Key"],"picked":"Coffee Dripper"}],"items_purged_floors":[4],"is_endless":false,"potions_floor_spawned":[2,8,14,16,18,28],"killed_by":"Slavers","ascension_level":20}