{"gold_per_floor":[115,265,279,279,294,294,294,294],"floor_reached":8,"playtime":309,"items_purged":[],"score":85,"play_id":"f5959ccc-0078-4ee8-b27d-a345c069a763","local_time":"20190126150335","is_ascension_mode":true,"campfire_choices":[{"data":"Hyperbeam","floor":6,"key":"SMITH"}],"neow_cost":"PERCENT_DAMAGE","seed_source_timestamp":455936520866700,"circlet_count":0,"master_deck":["AscendersBane","Strike_B","Strike_B","Strike_B","Strike_B","Defend_B","Defend_B","Defend_B","Defend_B","Zap","Dualcast","Hyperbeam+1","Compile Driver","Doubt","Hologram","Injury","Steam"],"relics":["Cracked Core","Golden Idol"],"potions_floor_usage":[],"damage_taken":[{"damage":8,"enemies":"Small Slimes","floor":1,"turns":2},{"damage":0,"enemies":"2 Louse","floor":3,"turns":1},{"damage":2,"enemies":"Jaw Worm","floor":5,"turns":2},{"damage":45,"enemies":"Lagavulin","floor":8,"turns":8}],"seed_played":"3611189807627124029","potions_obtained":[],"is_trial":false,"path_per_floor":["M","?","M","?","M","R","?","E"],"character_chosen":"DEFECT","items_purchased":[],"campfire_rested":0,"item_purchase_floors":[],"current_hp_per_floor":[38,38,38,38,36,36,36,0],"gold":294,"neow_bonus":"THREE_RARE_CARDS","is_prod":false,"is_daily":false,"chose_seed":false,"campfire_upgraded":1,"win_rate":0,"timestamp":1548507815,"path_taken":["M","?","M","?","M","R","?","E"],"build_version":"2019-01-23","purchased_purges":0,"victory":false,"max_hp_per_floor":[71,71,71,71,71,71,71,71],"card_choices":[{"not_picked":["Amplify","Echo Form"],"picked":"Hyperbeam","floor":0},{"not_picked":["Turbo","Coolheaded"],"picked":"Compile Driver","floor":1},{"not_picked":["Heatsinks","Cold Snap"],"picked":"Hologram","floor":3},{"not_picked":["FTL","Turbo"],"picked":"Steam","floor":5}],"player_experience":843377,"relics_obtained":[],"event_choices":[{"damage_healed":0,"gold_gain":150,"player_choice":"AGREE","damage_taken":0,"max_hp_gain":0,"max_hp_loss":0,"event_name":"Liars Game","floor":2,"gold_loss":0,"cards_obtained":["Doubt"]},{"damage_healed":0,"gold_gain":0,"player_choice":"Take Wound","damage_taken":0,"relics_obtained":["Golden Idol"],"max_hp_gain":0,"max_hp_loss":0,"event_name":"Golden Idol","floor":4,"gold_loss":0,"cards_obtained":["Injury"]},{"damage_healed":0,"gold_gain":0,"player_choice":"Ignored","damage_taken":0,"max_hp_gain":0,"max_hp_loss":0,"event_name":"Shining Light","floor":7,"gold_loss":0}],"is_beta":false,"boss_relics":[],"items_purged_floors":[],"is_endless":false,"potions_floor_spawned":[],"killed_by":"Lagavulin","ascension_level":17}