{"gold_per_floor":[116,96,67,37,53,53,72,72,72,84,84,109,167,167],"floor_reached":14,"playtime":530,"items_purged":[],"score":163,"play_id":"0069ef1a-18a1-4271-8bd8-8e58eadab134","local_time":"20190109201132","is_ascension_mode":true,"campfire_choices":[{"data":"Zap","floor":6,"key":"SMITH"},{"data":"Buffer","floor":8,"key":"SMITH"},{"data":"Loop","floor":11,"key":"SMITH"}],"neow_cost":"PERCENT_DAMAGE","seed_source_timestamp":1998593520310994,"circlet_count":0,"master_deck":["AscendersBane","Strike_B","Strike_B","Defend_B+1","Defend_B","Defend_B","Defend_B","Zap+1","Dualcast","Turbo","Conserve Battery+1","Loop+1","Buffer+1","Ball Lightning","Ball Lightning","Cold Snap"],"relics":["Cracked Core","Dead Branch","War Paint","Ornamental Fan"],"potions_floor_usage":[12],"damage_taken":[{"damage":12,"enemies":"Small Slimes","floor":1,"turns":4},{"damage":0,"enemies":"Cultist","floor":5,"turns":3},{"damage":2,"enemies":"Jaw Worm","floor":7,"turns":4},{"damage":3,"enemies":"3 Louse","floor":10,"turns":3},{"damage":12,"enemies":"Gremlin Nob","floor":12,"turns":5},{"damage":0,"enemies":"Gremlin Nob","floor":13,"turns":4},{"damage":23,"enemies":"The Mushroom Lair","floor":14,"turns":3}],"seed_played":"5316977953200272618","potions_obtained":[{"floor":1,"key":"LiquidBronze"},{"floor":2,"key":"EssenceOfSteel"}],"is_trial":false,"path_per_floor":["M","?","$","$","M","R","M","R","T","M","R","E","?","?"],"character_chosen":"DEFECT","items_purchased":["Turbo","Conserve Battery"],"campfire_rested":0,"item_purchase_floors":[3,4],"current_hp_per_floor":[34,34,34,34,34,34,32,32,32,29,29,17,17,0],"gold":167,"neow_bonus":"REMOVE_TWO","is_prod":false,"is_daily":false,"chose_seed":false,"campfire_upgraded":3,"win_rate":0,"timestamp":1547032292,"path_taken":["M","?","?","$","M","R","?","R","T","M","R","E","?","?"],"build_version":"2019-01-03v4","purchased_purges":0,"victory":false,"max_hp_per_floor":[71,71,71,71,71,71,71,71,71,71,71,71,71,71],"card_choices":[{"not_picked":["Darkness","Compile Driver","Streamline"],"picked":"SKIP","floor":1},{"not_picked":["Hologram","Stack"],"picked":"Loop","floor":5},{"not_picked":["Sweeping Beam","Streamline"],"picked":"Buffer","floor":7},{"not_picked":["Streamline","Fusion"],"picked":"Ball Lightning","floor":10},{"not_picked":["Barrage","Coolheaded"],"picked":"Ball Lightning","floor":12},{"not_picked":["Redo","Barrage"],"picked":"Cold Snap","floor":13}],"player_experience":799145,"relics_obtained":[{"floor":9,"key":"Dead Branch"},{"floor":12,"key":"War Paint"},{"floor":13,"key":"Ornamental Fan"}],"event_choices":[{"damage_healed":0,"gold_gain":0,"player_choice":"Bought 1 Potion","damage_taken":0,"max_hp_gain":0,"max_hp_loss":0,"event_name":"The Woman in Blue","floor":2,"gold_loss":0},{"damage_healed":0,"gold_gain":0,"player_choice":"Searched \u00271\u0027 times","damage_taken":0,"max_hp_gain":0,"max_hp_loss":0,"event_name":"Dead Adventurer","floor":13,"gold_loss":0},{"damage_healed":0,"gold_gain":0,"player_choice":"Fought Mushrooms","damage_taken":0,"max_hp_gain":0,"max_hp_loss":0,"event_name":"Mushrooms","floor":14,"gold_loss":0}],"is_beta":false,"boss_relics":[],"items_purged_floors":[],"is_endless":false,"potions_floor_spawned":[1,10],"killed_by":"The Mushroom Lair","ascension_level":17}