{"gold_per_floor":[114,78,78,41,56,85,85,119,197,197,209,209,225,244,244,368,368,387,376,301,326,326,326,351,351,351,351,71,71,86,86,86,210,210,224,245,245,124,124,157,107,120,146,146],"floor_reached":44,"playtime":2902,"items_purged":["Decay","Pain","Writhe"],"score":558,"play_id":"2408ed02-155a-4839-84e4-06a7e785e37a","local_time":"20190130152509","is_ascension_mode":true,"campfire_choices":[{"floor":7.0,"key":"REST"},{"floor":10.0,"key":"REST"},{"floor":15.0,"key":"REST"},{"floor":23.0,"key":"REST"},{"floor":27.0,"key":"REST"},{"floor":29.0,"key":"REST"},{"floor":32.0,"key":"REST"}],"neow_cost":"NONE","seed_source_timestamp":13546455655195,"circlet_count":0,"master_deck":["Defend_G","Defend_G","Defend_G+1","Defend_G","Defend_G","Strike_G","Strike_G","Strike_G","Survivor","Neutralize","Blade Dance+1","Well Laid Plans","Footwork","Crippling Poison","Cloak And Dagger","Acrobatics","Dagger Spray","Caltrops","All Out Attack","After Image","Blade Dance","Well Laid Plans","Accuracy","Poisoned Stab+1","Tools of the Trade","Catalyst","Prepared+1","Calculated Gamble","Deadly Poison","Expertise","Blur","Footwork","After Image","Underhanded Strike"],"special_seed":0,"relics":["Fusion Hammer","NlothsMask","War Paint","Bottled Lightning","Golden Idol","Busted Crown","Anchor","Smiling Mask","Oddly Smooth Stone","Orrery","WarpedTongs","Juzu Bracelet","Art of War"],"potions_floor_usage":[42],"damage_taken":[{"damage":1.0,"enemies":"2 Louse","floor":1.0,"turns":2.0},{"damage":0.0,"enemies":"Cultist","floor":5.0,"turns":4.0},{"damage":16.0,"enemies":"Lagavulin","floor":6.0,"turns":10.0},{"damage":11.0,"enemies":"3 Sentries","floor":8.0,"turns":12.0},{"damage":1.0,"enemies":"Small Slimes","floor":11.0,"turns":3.0},{"damage":0.0,"enemies":"Exordium Wildlife","floor":13.0,"turns":2.0},{"damage":8.0,"enemies":"Blue Slaver","floor":14.0,"turns":3.0},{"damage":27.0,"enemies":"The Guardian","floor":16.0,"turns":15.0},{"damage":13.0,"enemies":"Spheric Guardian","floor":18.0,"turns":7.0},{"damage":15.0,"enemies":"2 Thieves","floor":19.0,"turns":4.0},{"damage":6.0,"enemies":"Shelled Parasite and Fungi","floor":21.0,"turns":9.0},{"damage":20.0,"enemies":"Centurion and Healer","floor":24.0,"turns":12.0},{"damage":22.0,"enemies":"Snake Plant","floor":30.0,"turns":7.0},{"damage":67,"enemies":"Collector","floor":33,"turns":13},{"damage":0,"enemies":"3 Shapes","floor":35,"turns":3},{"damage":15,"enemies":"Orb Walker","floor":36,"turns":4},{"damage":14,"enemies":"Reptomancer","floor":40,"turns":11},{"damage":4,"enemies":"4 Shapes","floor":42,"turns":8},{"damage":37,"enemies":"Jaw Worm Horde","floor":44,"turns":3}],"seed_played":"-6435717846242951616","potions_obtained":[{"floor":6.0,"key":"LiquidBronze"},{"floor":11.0,"key":"EssenceOfSteel"},{"floor":13.0,"key":"Strength Potion"},{"floor":16.0,"key":"Explosive Potion"}],"is_trial":false,"path_per_floor":["M","$","?","$","M","E","R","E","T","R","M","?","M","M","R","B",null,"M","M","?","M","?","R","M","?","T","R","$","R","M","?","R","B",null,"M","M","?","$","?","E","$","M","T","M"],"character_chosen":"THE_SILENT","items_purchased":["Well Laid Plans","Footwork","Accuracy","Oddly Smooth Stone","Footwork"],"campfire_rested":7,"item_purchase_floors":[2,4,28,28,38],"current_hp_per_floor":[69,69,69,69,69,53,70,59,59,70,69,52,52,44,65,38,62,49,34,34,28,28,49,29,29,29,50,50,70,48,48,69,2,53,53,38,38,38,38,24,24,20,20,0],"gold":146,"neow_bonus":"BOSS_RELIC","is_prod":false,"is_daily":false,"chose_seed":false,"campfire_upgraded":0,"win_rate":0,"timestamp":1548829509,"path_taken":["M","$","?","?","?","E","R","E","T","R","M","?","M","M","R","BOSS","M","M","?","M","?","R","M","?","T","R","$","R","?","?","R","BOSS","M","M","?","?","?","E","$","M","T","M"],"build_version":"2019-01-23","purchased_purges":3,"victory":false,"max_hp_per_floor":[70,70,70,70,70,70,70,70,70,70,70,70,70,70,70,70,70,70,70,70,70,70,70,70,70,70,70,70,70,70,70,70,70,70,70,70,70,70,70,70,70,70,70,70],"card_choices":[{"not_picked":["Dodge and Roll","All Out Attack"],"picked":"Blade Dance","floor":1.0},{"not_picked":["Dagger Spray","Dagger Throw"],"picked":"Crippling Poison","floor":5.0},{"not_picked":["Masterful Stab","Quick Slash"],"picked":"Cloak And Dagger","floor":6.0},{"not_picked":["Caltrops","Expertise"],"picked":"Acrobatics","floor":8.0},{"not_picked":["Outmaneuver","Expertise"],"picked":"Dagger Spray","floor":11.0},{"not_picked":["Dagger Spray","Backflip"],"picked":"Caltrops","floor":13.0},{"not_picked":["Bane","Slice"],"picked":"All Out Attack","floor":14.0},{"not_picked":["Unload","Envenom"],"picked":"After Image","floor":16.0},{"not_picked":["Outmaneuver"],"picked":"SKIP","floor":18.0},{"not_picked":["Riddle With Holes"],"picked":"SKIP","floor":19.0},{"not_picked":[],"picked":"Blade Dance","floor":21.0},{"not_picked":[],"picked":"Well Laid Plans","floor":24.0},{"not_picked":[],"picked":"Poisoned Stab+1","floor":30.0},{"not_picked":[],"picked":"Tools of the Trade","floor":33},{"not_picked":[],"picked":"Catalyst","floor":34},{"not_picked":[],"picked":"Prepared+1","floor":34},{"not_picked":[],"picked":"Calculated Gamble","floor":34},{"not_picked":[],"picked":"Deadly Poison","floor":34},{"not_picked":[],"picked":"Expertise","floor":34},{"not_picked":[],"picked":"Blur","floor":35},{"not_picked":["Eviscerate"],"picked":"SKIP","floor":36},{"not_picked":["All Out Attack"],"picked":"SKIP","floor":40},{"not_picked":[],"picked":"Underhanded Strike","floor":42}],"player_experience":850218,"relics_obtained":[{"floor":6.0,"key":"War Paint"},{"floor":8.0,"key":"Bottled Lightning"},{"floor":26.0,"key":"Smiling Mask"},{"floor":40,"key":"Juzu Bracelet"},{"floor":43,"key":"Art of War"}],"event_choices":[{"damage_healed":0.0,"max_hp_gain":0.0,"max_hp_loss":0.0,"gold_gain":0.0,"event_name":"FaceTrader","player_choice":"Trade","floor":3.0,"gold_loss":0.0,"damage_taken":0.0,"relics_obtained":["NlothsMask"]},{"damage_healed":0.0,"max_hp_gain":0.0,"max_hp_loss":0.0,"gold_gain":0.0,"event_name":"Golden Idol","player_choice":"Take Damage","floor":12.0,"gold_loss":0.0,"damage_taken":17.0,"relics_obtained":["Golden Idol"]},{"cards_removed":["Strike_G"],"damage_healed":0.0,"max_hp_gain":0.0,"max_hp_loss":0.0,"gold_gain":0.0,"event_name":"Beggar","player_choice":"Gave Gold","floor":20.0,"gold_loss":75.0,"damage_taken":0.0},{"damage_healed":0.0,"max_hp_gain":0.0,"max_hp_loss":0.0,"gold_gain":0.0,"event_name":"The Mausoleum","player_choice":"Opened","floor":22.0,"gold_loss":0.0,"damage_taken":0.0,"relics_obtained":["Anchor"],"cards_obtained":["Writhe"]},{"damage_healed":0.0,"max_hp_gain":0.0,"max_hp_loss":0.0,"gold_gain":0.0,"event_name":"Wheel of Change","player_choice":"Cursed","floor":25.0,"gold_loss":0.0,"damage_taken":0.0,"cards_obtained":["Decay"]},{"cards_removed":["Strike_G"],"damage_healed":0.0,"max_hp_gain":0.0,"max_hp_loss":0.0,"gold_gain":0.0,"event_name":"Purifier","player_choice":"Purged","floor":31.0,"gold_loss":0.0,"damage_taken":0.0},{"damage_healed":0,"gold_gain":0,"player_choice":"Rummage","damage_taken":0,"relics_obtained":["WarpedTongs"],"max_hp_gain":0,"max_hp_loss":0,"event_name":"Accursed Blacksmith","floor":37,"gold_loss":0,"cards_obtained":["Pain"]},{"damage_healed":0,"gold_gain":0,"player_choice":"Copied","damage_taken":0,"max_hp_gain":0,"max_hp_loss":0,"event_name":"Duplicator","floor":39,"gold_loss":0,"cards_obtained":["After Image"]}],"is_beta":false,"boss_relics":[{"not_picked":["Coffee Dripper","Snecko Eye"],"picked":"Busted Crown"},{"not_picked":["Eternal Feather","White Beast Statue"],"picked":"Orrery"}],"items_purged_floors":[28,38,41],"is_endless":false,"potions_floor_spawned":[6,11,13,16,24,35],"killed_by":"Jaw Worm Horde","ascension_level":5}