{"gold_per_floor":[117,134,134,56,56,56,121,171,171,190,205,215,64,77,77,179,179,197,347,362,427,440,469,481,501,528,528,538,553,571,581,581,682,682,696,746,896,915,929,929,829,829,829,839,839,854,869,919,919,919],"floor_reached":50,"playtime":2705,"items_purged":["Strike_R","Strike_R"],"score":491,"play_id":"cd2b8a19-f9b2-4525-8e43-b4c52389881e","local_time":"20181218150537","is_ascension_mode":false,"campfire_choices":[{"data":"Juggernaut","floor":6,"key":"SMITH"},{"data":"Whirlwind","floor":15,"key":"SMITH"},{"floor":27,"key":"RECALL"},{"data":"Flame Barrier","floor":32,"key":"SMITH"},{"data":"Entrench","floor":40,"key":"SMITH"},{"data":"Juggernaut","floor":42,"key":"SMITH"},{"data":"Uppercut","floor":45,"key":"SMITH"},{"data":"Shockwave","floor":49,"key":"SMITH"}],"neow_cost":"TEN_PERCENT_HP_LOSS","seed_source_timestamp":77295780882445,"circlet_count":0,"master_deck":["Strike_R","Strike_R","Strike_R","Defend_R","Defend_R","Defend_R","Defend_R","Bash","Juggernaut+1","Cleave","Flame Barrier+1","Ghostly Armor","Juggernaut+1","Whirlwind+1","Shrug It Off","Bludgeon","Feed","Entrench+1","Evolve","Uppercut+1","Shrug It Off","Metallicize","Shockwave+1","Reaper","Shrug It Off+1","Feed","Parasite"],"relics":["Burning Blood","Boot","SsserpentHead","Bag of Preparation","Velvet Choker","Oddly Smooth Stone","Bag of Marbles","Sozu","Ginger","Sundial"],"potions_floor_usage":[23,24,24,33,33,33,35],"damage_taken":[{"damage":0,"enemies":"2 Louse","floor":1,"turns":3},{"damage":10,"enemies":"Cultist","floor":2,"turns":4},{"damage":0,"enemies":"Small Slimes","floor":7,"turns":4},{"damage":9,"enemies":"3 Louse","floor":10,"turns":3},{"damage":12,"enemies":"Red Slaver","floor":11,"turns":5},{"damage":2,"enemies":"Blue Slaver","floor":12,"turns":5},{"damage":9,"enemies":"3 Louse","floor":14,"turns":2},{"damage":18,"enemies":"The Guardian","floor":16,"turns":11},{"damage":5,"enemies":"Chosen","floor":18,"turns":4},{"damage":10,"enemies":"Spheric Guardian","floor":20,"turns":4},{"damage":0,"enemies":"Snecko","floor":21,"turns":5},{"damage":30,"enemies":"Chosen and Byrds","floor":22,"turns":5},{"damage":46,"enemies":"Book of Stabbing","floor":23,"turns":6},{"damage":0,"enemies":"Centurion and Healer","floor":24,"turns":4},{"damage":6,"enemies":"Cultist and Chosen","floor":25,"turns":5},{"damage":6,"enemies":"Chosen and Byrds","floor":28,"turns":6},{"damage":17,"enemies":"Shelled Parasite and Fungi","floor":29,"turns":6},{"damage":0,"enemies":"Centurion and Healer","floor":30,"turns":3},{"damage":6,"enemies":"Snecko","floor":31,"turns":4},{"damage":18,"enemies":"Champ","floor":33,"turns":9},{"damage":17,"enemies":"3 Darklings","floor":35,"turns":4},{"damage":10,"enemies":"Mind Bloom Boss Battle","floor":37,"turns":6},{"damage":9,"enemies":"Orb Walker","floor":38,"turns":5},{"damage":15,"enemies":"4 Shapes","floor":39,"turns":4},{"damage":14,"enemies":"3 Darklings","floor":44,"turns":4},{"damage":9,"enemies":"Writhing Mass","floor":46,"turns":5},{"damage":49,"enemies":"Jaw Worm Horde","floor":47,"turns":6},{"damage":37,"enemies":"Awakened One","floor":50,"turns":3}],"seed_played":"793121475174867886","potions_obtained":[{"floor":2,"key":"AttackPotion"},{"floor":7,"key":"SkillPotion"},{"floor":16,"key":"SkillPotion"},{"floor":20,"key":"SkillPotion"},{"floor":22,"key":"Regen Potion"},{"floor":23,"key":"BloodPotion"},{"floor":24,"key":"Fire Potion"},{"floor":31,"key":"EssenceOfSteel"},{"floor":33,"key":"Swift Potion"}],"is_trial":false,"path_per_floor":["M","M","?","$","?","R","M","?","T","M","M","M","$","M","R","B",null,"M","?","M","M","M","E","M","M","T","R","M","M","M","M","R","B",null,"M","?","?","M","M","R","$","R","T","M","R","M","M","?","R","B"],"character_chosen":"IRONCLAD","items_purchased":["Flame Barrier","Whirlwind"],"campfire_rested":0,"item_purchase_floors":[4,13],"current_hp_per_floor":[72,68,68,68,68,68,72,65,65,62,56,60,60,57,57,45,72,72,72,68,72,51,14,42,42,42,42,42,31,40,40,40,28,84,73,73,75,78,69,69,69,69,69,61,61,62,34,34,34,0],"gold":919,"neow_bonus":"THREE_RARE_CARDS","is_prod":false,"is_daily":false,"chose_seed":false,"campfire_upgraded":7,"win_rate":0,"timestamp":1545113137,"path_taken":["M","M","?","$","?","R","?","?","T","M","M","M","$","M","R","BOSS","M","?","M","?","M","E","M","M","T","R","M","M","M","M","R","BOSS","M","?","?","M","M","R","$","R","T","M","R","M","M","?","R","BOSS"],"build_version":"2018-12-13","purchased_purges":2,"victory":false,"max_hp_per_floor":[72,72,72,72,72,72,72,72,72,72,72,72,72,72,72,72,72,72,72,72,72,75,78,81,81,81,81,81,81,84,84,84,84,84,84,84,84,84,84,84,84,84,84,84,84,84,87,83,83,83],"card_choices":[{"not_picked":["Exhume","Impervious"],"picked":"Juggernaut","floor":0},{"not_picked":["True Grit","Blood for Blood"],"picked":"Cleave","floor":1},{"not_picked":["Thunderclap","Feel No Pain","Havoc"],"picked":"SKIP","floor":2},{"not_picked":["Anger","Bloodletting"],"picked":"Ghostly Armor","floor":7},{"not_picked":["Corruption","True Grit","Headbutt"],"picked":"SKIP","floor":10},{"not_picked":["Pommel Strike","Fire Breathing"],"picked":"Juggernaut","floor":11},{"not_picked":["Perfected Strike","Blood for Blood","Twin Strike"],"picked":"SKIP","floor":12},{"not_picked":["Iron Wave","Pummel"],"picked":"Shrug It Off","floor":14},{"not_picked":["Fiend Fire","Brutality"],"picked":"Bludgeon","floor":16},{"not_picked":["Heavy Blade","Cleave","Armaments"],"picked":"SKIP","floor":18},{"not_picked":["Corruption","Intimidate"],"picked":"Feed","floor":20},{"not_picked":["Twin Strike","Shrug It Off"],"picked":"Entrench","floor":21},{"not_picked":["Pummel+1","Anger"],"picked":"Evolve","floor":22},{"not_picked":["Warcry","Feel No Pain+1"],"picked":"Uppercut","floor":23},{"not_picked":["Double Tap","Anger"],"picked":"Shrug It Off","floor":24},{"not_picked":["Wild Strike","Infernal Blade","Body Slam"],"picked":"SKIP","floor":25},{"not_picked":["Clash","Body Slam","Perfected Strike+1"],"picked":"SKIP","floor":28},{"not_picked":["Thunderclap","Wild Strike","Perfected Strike+1"],"picked":"SKIP","floor":29},{"not_picked":["Thunderclap","Havoc"],"picked":"Metallicize","floor":30},{"not_picked":["Anger+1","Shrug It Off"],"picked":"Shockwave","floor":31},{"not_picked":["Limit Break","Offering"],"picked":"Reaper","floor":33},{"not_picked":["Clash","Headbutt","Armaments"],"picked":"SKIP","floor":35},{"not_picked":["Cleave","Havoc+1"],"picked":"Shrug It Off+1","floor":38},{"not_picked":["Anger","Searing Blow","Warcry"],"picked":"SKIP","floor":39},{"not_picked":["Headbutt","Corruption+1"],"picked":"Feed","floor":44},{"not_picked":["Body Slam","Headbutt","Reckless Charge+1"],"picked":"SKIP","floor":46},{"not_picked":["Intimidate","Thunderclap","Sever Soul+1"],"picked":"SKIP","floor":47}],"player_experience":644046,"relics_obtained":[{"floor":23,"key":"Oddly Smooth Stone"},{"floor":26,"key":"Bag of Marbles"},{"floor":37,"key":"Ginger"},{"floor":43,"key":"Sundial"}],"event_choices":[{"damage_healed":0,"gold_gain":0,"player_choice":"Gave Potion","damage_taken":0,"relics_obtained":["Boot"],"max_hp_gain":0,"max_hp_loss":0,"event_name":"WeMeetAgain","floor":3,"gold_loss":0},{"damage_healed":0,"gold_gain":0,"player_choice":"Trade","damage_taken":0,"relics_obtained":["SsserpentHead"],"max_hp_gain":0,"max_hp_loss":0,"event_name":"FaceTrader","floor":5,"gold_loss":0},{"damage_healed":0,"gold_gain":0,"player_choice":"Success","damage_taken":7,"relics_obtained":["Bag of Preparation"],"max_hp_gain":0,"max_hp_loss":0,"event_name":"Scrap Ooze","floor":8,"gold_loss":0},{"damage_healed":0,"gold_gain":100,"player_choice":"Pray","damage_taken":0,"max_hp_gain":0,"max_hp_loss":0,"event_name":"Golden Shrine","floor":19,"gold_loss":0},{"damage_healed":0,"gold_gain":0,"player_choice":"Ignored","damage_taken":0,"max_hp_gain":0,"max_hp_loss":0,"event_name":"Tomb of Lord Red Mask","floor":36,"gold_loss":0},{"damage_healed":0,"gold_gain":0,"player_choice":"Fight","damage_taken":0,"max_hp_gain":0,"max_hp_loss":0,"event_name":"MindBloom","floor":37,"gold_loss":0},{"damage_healed":0,"gold_gain":0,"player_choice":"Max HP","damage_taken":0,"max_hp_gain":0,"max_hp_loss":4,"event_name":"Winding Halls","floor":48,"gold_loss":0}],"is_beta":false,"boss_relics":[{"not_picked":["Astrolabe","Cursed Key"],"picked":"Velvet Choker"},{"not_picked":["Pandora\u0027s Box","Black Blood"],"picked":"Sozu"}],"items_purged_floors":[13,41],"is_endless":false,"potions_floor_spawned":[2,7,16,20,22,23,24,31,33,39,44,46,47],"killed_by":"Awakened One","ascension_level":0}