{"gold_per_floor":[17,92,92,110,110,143,143,167,167,180,205,205],"floor_reached":12,"playtime":669,"items_purged":[],"score":80,"play_id":"296fd070-a08a-4f32-9c25-a35f8b8ce5bf","local_time":"20190701232635","is_ascension_mode":false,"campfire_choices":[{"data":"Body Slam","floor":7,"key":"SMITH"}],"neow_cost":"NO_GOLD","seed_source_timestamp":74381157481100,"circlet_count":0,"master_deck":["Strike_R","Strike_R","Strike_R","Defend_R","Defend_R","Defend_R","Defend_R","Bash","Feel No Pain","Flex","Evolve","Body Slam+1","Decay","Bash","Wild Strike","Exhume"],"relics":["Burning Blood","Golden Idol","Singing Bowl","Bottled Flame"],"potions_floor_usage":[11,12],"damage_taken":[{"damage":9,"enemies":"Small Slimes","floor":1,"turns":4},{"damage":5,"enemies":"Jaw Worm","floor":4,"turns":5},{"damage":25,"enemies":"3 Sentries","floor":6,"turns":12},{"damage":5,"enemies":"2 Louse","floor":8,"turns":4},{"damage":24,"enemies":"Red Slaver","floor":10,"turns":6},{"damage":8,"enemies":"Exordium Wildlife","floor":11,"turns":4},{"damage":25,"enemies":"Gremlin Nob","floor":12,"turns":3}],"seed_played":"-3726929419566266823","potions_obtained":[{"floor":6,"key":"BloodPotion"},{"floor":10,"key":"Block Potion"},{"floor":11,"key":"SteroidPotion"}],"is_trial":false,"path_per_floor":["M","?","?","M","?","E","R","M","T","M","M","E"],"character_chosen":"IRONCLAD","items_purchased":[],"campfire_rested":0,"item_purchase_floors":[],"current_hp_per_floor":[77,66,46,47,47,28,28,29,29,13,13,0],"gold":205,"neow_bonus":"TRANSFORM_TWO_CARDS","is_prod":false,"is_daily":false,"chose_seed":false,"campfire_upgraded":1,"win_rate":0,"timestamp":1561991195,"path_taken":["M","?","?","M","?","E","R","M","T","?","M","E"],"build_version":"2019-01-23","purchased_purges":0,"victory":false,"max_hp_per_floor":[80,80,80,80,80,80,80,80,80,82,84,84],"card_choices":[{"not_picked":["True Grit","Rage"],"picked":"Evolve","floor":1},{"not_picked":["Thunderclap","Clash"],"picked":"Body Slam","floor":4},{"not_picked":["Twin Strike","Pommel Strike"],"picked":"Wild Strike","floor":6},{"not_picked":["Seeing Red","Headbutt"],"picked":"Exhume","floor":8},{"not_picked":["Rupture","Sword Boomerang","Headbutt"],"picked":"Singing Bowl","floor":10},{"not_picked":["Pommel Strike","Heavy Blade","Armaments"],"picked":"Singing Bowl","floor":11}],"player_experience":1074560,"relics_obtained":[{"floor":6,"key":"Singing Bowl"},{"floor":9,"key":"Bottled Flame"}],"event_choices":[{"damage_healed":0,"gold_gain":75,"player_choice":"Gather Gold","damage_taken":11,"max_hp_gain":0,"max_hp_loss":0,"event_name":"World of Goop","floor":2,"gold_loss":0},{"damage_healed":0,"gold_gain":0,"player_choice":"Take Damage","damage_taken":20,"relics_obtained":["Golden Idol"],"max_hp_gain":0,"max_hp_loss":0,"event_name":"Golden Idol","floor":3,"gold_loss":0},{"damage_healed":0,"gold_gain":0,"player_choice":"2 cards matched","damage_taken":0,"max_hp_gain":0,"max_hp_loss":0,"event_name":"Match and Keep!","floor":5,"gold_loss":0,"cards_obtained":["Decay","Bash"]}],"is_beta":false,"boss_relics":[],"items_purged_floors":[],"is_endless":false,"potions_floor_spawned":[6,10,11],"killed_by":"Gremlin Nob","ascension_level":0}