{"gold_per_floor":[113,126,126,38,48,48,62,62,62,62,97,97,117,145,145,145],"floor_reached":16,"playtime":811,"items_purged":[],"score":220,"play_id":"77ed5345-e794-452f-9652-da06547e44f0","local_time":"20190509183507","is_ascension_mode":true,"campfire_choices":[{"data":"Uppercut","floor":6.0,"key":"SMITH"},{"data":"Armaments","floor":8.0,"key":"SMITH"},{"floor":12,"key":"REST"},{"data":"Anger","floor":15,"key":"SMITH"}],"neow_cost":"NONE","seed_source_timestamp":84801686189500,"circlet_count":0,"master_deck":["AscendersBane","Strike_R","Strike_R","Strike_R","Defend_R","Defend_R","Defend_R","Defend_R","Bash+1","Armaments+1","Thunderclap","Uppercut+1","Metallicize","Pummel","Anger+1","Seeing Red"],"special_seed":0,"relics":["Burning Blood","Nunchaku","Potion Belt"],"potions_floor_usage":[11,14],"damage_taken":[{"damage":4.0,"enemies":"Small Slimes","floor":1.0,"turns":3.0},{"damage":4.0,"enemies":"Jaw Worm","floor":2.0,"turns":4.0},{"damage":2.0,"enemies":"Cultist","floor":5.0,"turns":4.0},{"damage":34.0,"enemies":"Large Slime","floor":7.0,"turns":10.0},{"damage":31,"enemies":"3 Sentries","floor":11,"turns":8},{"damage":9,"enemies":"Exordium Thugs","floor":13,"turns":8},{"damage":9,"enemies":"Lagavulin","floor":14,"turns":6},{"damage":32,"enemies":"Hexaghost","floor":16,"turns":9}],"seed_played":"-3500952609212417771","potions_obtained":[{"floor":2.0,"key":"Explosive Potion"},{"floor":5.0,"key":"PowerPotion"}],"is_trial":false,"path_per_floor":["M","M","?","$","M","R","M","R","T","?","E","R","M","E","R","B"],"character_chosen":"IRONCLAD","items_purchased":["Uppercut"],"campfire_rested":1,"item_purchase_floors":[4],"current_hp_per_floor":[70,72,65,65,69,69,41,41,41,41,16,38,35,32,32,0],"gold":145,"neow_bonus":"UPGRADE_CARD","is_prod":false,"is_daily":false,"chose_seed":false,"campfire_upgraded":3,"win_rate":0,"timestamp":1557416107,"path_taken":["M","M","?","$","M","R","M","R","T","?","E","R","M","E","R","BOSS"],"build_version":"2019-01-23","purchased_purges":0,"victory":false,"max_hp_per_floor":[75,75,75,75,75,75,75,75,75,75,75,75,75,75,75,75],"card_choices":[{"not_picked":["Whirlwind","Corruption"],"picked":"Armaments","floor":1.0},{"not_picked":["True Grit","Flex"],"picked":"Thunderclap","floor":2.0},{"not_picked":["Thunderclap","Havoc","Warcry"],"picked":"SKIP","floor":5.0},{"not_picked":["Heavy Blade","Anger"],"picked":"Metallicize","floor":7.0},{"not_picked":["Dark Embrace","Metallicize"],"picked":"Pummel","floor":11},{"not_picked":["Metallicize","Flex"],"picked":"Anger","floor":13},{"not_picked":["Power Through","Metallicize"],"picked":"Seeing Red","floor":14}],"player_experience":1002478,"relics_obtained":[{"floor":11,"key":"Nunchaku"},{"floor":14,"key":"Potion Belt"}],"event_choices":[{"cards_removed":["Strike_R"],"damage_healed":0.0,"max_hp_gain":0.0,"max_hp_loss":0.0,"gold_gain":0.0,"event_name":"Golden Wing","player_choice":"Card Removal","floor":3.0,"gold_loss":0.0,"damage_taken":7.0},{"cards_removed":["Strike_R"],"damage_healed":0.0,"max_hp_gain":0.0,"max_hp_loss":0.0,"gold_gain":0.0,"event_name":"Living Wall","player_choice":"Forget","floor":10.0,"gold_loss":0.0,"damage_taken":0.0}],"is_beta":false,"boss_relics":[],"items_purged_floors":[],"is_endless":false,"potions_floor_spawned":[2,5],"killed_by":"Hexaghost","ascension_level":20}