{"gold_per_floor":[10,10,10,30,30,64,64,82,155,184,196,196,45,63,63,158,158,179,22,47,47,62,62,62],"floor_reached":24,"playtime":874,"items_purged":["Strike_B"],"score":412,"play_id":"8d36f30e-710f-4c14-993e-233e16f670f8","local_time":"20190406160645","is_ascension_mode":true,"campfire_choices":[{"floor":7.0,"key":"REST"},{"data":"Static Discharge","floor":15.0,"key":"SMITH"},{"floor":23,"key":"REST"}],"neow_cost":"NO_GOLD","seed_source_timestamp":0,"circlet_count":0,"master_deck":["AscendersBane","Strike_B","Strike_B","Strike_B","Defend_B","Defend_B","Defend_B","Defend_B","Zap+1","Dualcast","Ball Lightning","Cold Snap+1","Static Discharge+1","Streamline+1","Steam","Conserve Battery","Doom and Gloom","Darkness","Buffer","Barrage","Capacitor","Chill"],"special_seed":0,"relics":["Cracked Core","Bird Faced Urn","Happy Flower","Question Card","Whetstone","Bloody Idol","Inserter","PreservedInsect"],"potions_floor_usage":[22,22],"damage_taken":[{"damage":4.0,"enemies":"Small Slimes","floor":1.0,"turns":3.0},{"damage":7.0,"enemies":"Jaw Worm","floor":4.0,"turns":2.0},{"damage":21.0,"enemies":"3 Sentries","floor":6.0,"turns":6.0},{"damage":2.0,"enemies":"2 Louse","floor":8.0,"turns":2.0},{"damage":20.0,"enemies":"Lagavulin","floor":10.0,"turns":6.0},{"damage":6.0,"enemies":"Blue Slaver","floor":11.0,"turns":2.0},{"damage":4.0,"enemies":"Large Slime","floor":14.0,"turns":4.0},{"damage":17.0,"enemies":"Hexaghost","floor":16.0,"turns":8.0},{"damage":13,"enemies":"Shell Parasite","floor":18,"turns":5},{"damage":7,"enemies":"3 Byrds","floor":20,"turns":3},{"damage":38,"enemies":"Cultist and Chosen","floor":22,"turns":7},{"damage":35,"enemies":"Book of Stabbing","floor":24,"turns":4}],"seed_played":"-6681309363451470360","potions_obtained":[{"floor":4.0,"key":"Explosive Potion"},{"floor":8.0,"key":"EssenceOfSteel"},{"floor":11.0,"key":"AttackPotion"}],"is_trial":false,"path_per_floor":["M","$","?","M","?","E","R","M","T","E","M","?","$","M","R","B",null,"M","$","M","?","M","R","E"],"character_chosen":"DEFECT","items_purchased":["Doom and Gloom","PreservedInsect"],"campfire_rested":2,"item_purchase_floors":[13,19],"current_hp_per_floor":[60,60,60,53,53,32,53,51,51,33,29,29,29,27,27,12,51,42,42,39,39,12,31,0],"gold":62,"neow_bonus":"ONE_RARE_RELIC","is_prod":false,"is_daily":false,"chose_seed":false,"campfire_upgraded":1,"win_rate":0,"timestamp":1554556005,"path_taken":["M","$","?","M","?","E","R","M","T","E","M","?","$","M","R","BOSS","M","$","M","?","M","R","E"],"build_version":"2019-01-23","purchased_purges":1,"victory":false,"max_hp_per_floor":[71,71,71,71,71,71,71,71,71,71,71,64,64,64,64,64,64,64,64,64,64,64,64,64],"card_choices":[{"not_picked":["Steam","Cold Snap"],"picked":"Ball Lightning","floor":1.0},{"not_picked":["Melter","Stack"],"picked":"Cold Snap","floor":4.0},{"not_picked":["Force Field","Beam Cell"],"picked":"Static Discharge","floor":6.0},{"not_picked":["Sweeping Beam","Go for the Eyes"],"picked":"Streamline","floor":8.0},{"not_picked":["Meteor Strike","Turbo","Rebound"],"picked":"Steam","floor":10.0},{"not_picked":["Barrage","Double Energy","Consume"],"picked":"Conserve Battery","floor":11.0},{"not_picked":["Conserve Battery","Go for the Eyes","Steam Power"],"picked":"Darkness","floor":14.0},{"not_picked":["All For One","Meteor Strike","Reboot"],"picked":"Buffer","floor":16.0},{"not_picked":["Hologram","Self Repair","Ball Lightning"],"picked":"Barrage","floor":18},{"not_picked":["Redo","Barrage","Compile Driver"],"picked":"Capacitor","floor":20},{"not_picked":["Auto Shields","Sweeping Beam","Conserve Battery+1"],"picked":"Chill","floor":22}],"player_experience":961413,"relics_obtained":[{"floor":6.0,"key":"Happy Flower"},{"floor":9.0,"key":"Question Card"},{"floor":10.0,"key":"Whetstone"}],"event_choices":[{"damage_healed":0.0,"max_hp_gain":0.0,"max_hp_loss":0.0,"gold_gain":0.0,"event_name":"Liars Game","player_choice":"Ignored","floor":3.0,"gold_loss":0.0,"damage_taken":0.0},{"damage_healed":0.0,"max_hp_gain":0.0,"max_hp_loss":0.0,"gold_gain":0.0,"event_name":"Living Wall","player_choice":"Grow","floor":5.0,"gold_loss":0.0,"damage_taken":0.0,"cards_upgraded":["Zap"]},{"damage_healed":0.0,"max_hp_gain":0.0,"max_hp_loss":7.0,"gold_gain":0.0,"event_name":"Golden Idol","player_choice":"Lose Max HP","floor":12.0,"gold_loss":0.0,"damage_taken":0.0,"relics_obtained":["Golden Idol"]},{"damage_healed":0,"gold_gain":0,"player_choice":"Gave Idol","damage_taken":0,"relics_obtained":["Bloody Idol"],"max_hp_gain":0,"max_hp_loss":0,"event_name":"Forgotten Altar","floor":21,"relics_lost":["Golden Idol"],"gold_loss":0}],"is_beta":false,"boss_relics":[{"not_picked":["Lizard Tail","Snecko Eye"],"picked":"Inserter"}],"items_purged_floors":[13],"is_endless":false,"potions_floor_spawned":[4,8,11,18],"killed_by":"Book of Stabbing","ascension_level":20}