{"gold_per_floor":[119,119,44,62,81,81,114,114,137,137,159,192,267,302,302,375,375,393,393,10,10,26,26,61,11,11,11,37,57,70,90,90,166,166,178,178,190,209,225,256,256,256,329,329,358,69,88,88,88,88],"floor_reached":50,"playtime":1816,"items_purged":["Strike_R","Strike_R","Defend_R"],"score":1212,"play_id":"0499260f-8bdb-4015-8a27-d1b2f886d46a","local_time":"20190523231247","is_ascension_mode":true,"campfire_choices":[{"data":"Anger","floor":6.0,"key":"SMITH"},{"data":"Whirlwind","floor":8.0,"key":"SMITH"},{"data":"Cleave","floor":10.0,"key":"SMITH"},{"data":"Immolate","floor":15.0,"key":"SMITH"},{"floor":23.0,"key":"REST"},{"floor":27.0,"key":"DIG"},{"floor":32.0,"key":"DIG"},{"floor":41.0,"key":"DIG"},{"floor":49.0,"key":"DIG"}],"neow_cost":"NONE","seed_source_timestamp":137903860828000,"circlet_count":0,"master_deck":["AscendersBane","Defend_R","Defend_R","Bash+1","Anger+1","Shockwave","Cleave+1","Whirlwind+1","Immolate+1","Impervious","Shockwave+1","Battle Trance","Impervious","Limit Break+1","Pommel Strike+1","Reckless Charge+1","Spot Weakness","True Grit","Inflame+1","Feel No Pain+1","Metallicize","Pummel","Inflame+1"],"special_seed":0,"relics":["Burning Blood","Orichalcum","Ancient Tea Set","Odd Mushroom","Omamori","Vajra","Velvet Choker","Necronomicon","Membership Card","Pantograph","WarpedTongs","Centennial Puzzle","Shovel","PreservedInsect","Happy Flower","Lantern","Astrolabe","Mummified Hand","Ginger","Mercury Hourglass","Torii","Bag of Preparation","Strawberry","Blood Vial"],"potions_floor_usage":[],"damage_taken":[{"damage":4.0,"enemies":"Small Slimes","floor":1.0,"turns":4.0},{"damage":2.0,"enemies":"2 Louse","floor":4.0,"turns":4.0},{"damage":6.0,"enemies":"Jaw Worm","floor":5.0,"turns":4.0},{"damage":34.0,"enemies":"Lagavulin","floor":7.0,"turns":7.0},{"damage":0.0,"enemies":"The Mushroom Lair","floor":11.0,"turns":1.0},{"damage":10.0,"enemies":"3 Sentries","floor":12.0,"turns":3.0},{"damage":16.0,"enemies":"Gremlin Nob","floor":14.0,"turns":4.0},{"damage":7.0,"enemies":"Slime Boss","floor":16.0,"turns":4.0},{"damage":13.0,"enemies":"3 Byrds","floor":18.0,"turns":3.0},{"damage":0.0,"enemies":"Spheric Guardian","floor":22.0,"turns":1.0},{"damage":7.0,"enemies":"Book of Stabbing","floor":24.0,"turns":3.0},{"damage":0.0,"enemies":"Gremlin Leader","floor":28.0,"turns":1.0},{"damage":15.0,"enemies":"Snake Plant","floor":29.0,"turns":3.0},{"damage":5.0,"enemies":"Shelled Parasite and Fungi","floor":30.0,"turns":2.0},{"damage":0.0,"enemies":"3 Cultists","floor":31.0,"turns":2.0},{"damage":9.0,"enemies":"Collector","floor":33.0,"turns":3.0},{"damage":21.0,"enemies":"3 Shapes","floor":35.0,"turns":3.0},{"damage":3.0,"enemies":"3 Darklings","floor":37.0,"turns":2.0},{"damage":0.0,"enemies":"Spire Growth","floor":38.0,"turns":3.0},{"damage":0.0,"enemies":"Jaw Worm Horde","floor":39.0,"turns":1.0},{"damage":6.0,"enemies":"Giant Head","floor":40.0,"turns":4.0},{"damage":0.0,"enemies":"Reptomancer","floor":45.0,"turns":2.0},{"damage":22.0,"enemies":"Transient","floor":47.0,"turns":6.0},{"damage":99,"enemies":"Awakened One","floor":50,"turns":6}],"seed_played":"-5546093527838566431","potions_obtained":[{"floor":1.0,"key":"Strength Potion"},{"floor":4.0,"key":"Explosive Potion"},{"floor":18.0,"key":"Poison Potion"},{"floor":24.0,"key":"BloodPotion"},{"floor":33.0,"key":"Ancient Potion"},{"floor":37.0,"key":"Fruit Juice"},{"floor":40.0,"key":"Dexterity Potion"}],"is_trial":false,"path_per_floor":["M","?","?","M","M","R","E","R","T","R","?","E","?","E","R","B",null,"M","?","$","?","M","R","E","$","T","R","E","M","M","M","R","B",null,"M","?","M","M","M","E","R","?","T","?","E","$","M","?","R","B"],"character_chosen":"IRONCLAD","items_purchased":["Membership Card","Pantograph","Bag of Preparation","Strawberry","Metallicize","Pummel"],"campfire_rested":1,"item_purchase_floors":[20,20,46,46,46,46],"current_hp_per_floor":[77,77,77,81,81,81,53,53,53,53,59,55,44,34,34,33,70,63,42,42,42,48,72,71,71,71,71,77,68,69,75,75,79,81,66,82,82,82,82,87,87,83,83,83,83,90,74,74,74,0],"gold":88,"neow_bonus":"TEN_PERCENT_HP_BONUS","is_prod":false,"is_daily":false,"chose_seed":false,"campfire_upgraded":4,"win_rate":0,"timestamp":1558642367,"path_taken":["M","?","?","M","M","R","E","R","T","R","?","E","?","E","R","BOSS","M","?","$","?","M","R","E","$","T","R","E","M","M","?","R","BOSS","M","?","?","M","M","E","R","?","T","?","E","$","M","?","R","BOSS"],"build_version":"2019-01-23","purchased_purges":3,"victory":false,"max_hp_per_floor":[82,82,82,82,82,82,82,82,82,82,82,82,82,82,82,82,82,82,82,82,82,82,82,82,82,82,82,82,82,82,82,82,82,82,82,82,82,82,82,87,87,83,83,83,83,90,90,90,90,90],"card_choices":[{"not_picked":["Second Wind","Thunderclap"],"picked":"Anger","floor":1.0},{"not_picked":["Flame Barrier","Perfected Strike"],"picked":"Shockwave","floor":4.0},{"not_picked":["Clothesline","Fire Breathing"],"picked":"Cleave","floor":5.0},{"not_picked":["Anger","Headbutt"],"picked":"Whirlwind","floor":7.0},{"not_picked":["Dropkick","Rage"],"picked":"Immolate","floor":11.0},{"not_picked":["Dual Wield","Iron Wave","Armaments"],"picked":"SKIP","floor":12.0},{"not_picked":["Dual Wield","Iron Wave","Armaments"],"picked":"SKIP","floor":12.0},{"not_picked":["Clash","Twin Strike","Perfected Strike"],"picked":"SKIP","floor":14.0},{"not_picked":["Limit Break","Feed"],"picked":"Impervious","floor":16.0},{"not_picked":["Fire Breathing","Cleave","Combust"],"picked":"SKIP","floor":18.0},{"not_picked":["Shrug It Off","Evolve"],"picked":"Shockwave+1","floor":22.0},{"not_picked":["Ghostly Armor+1","Anger","Cleave"],"picked":"SKIP","floor":24.0},{"not_picked":["Second Wind","Fire Breathing"],"picked":"Battle Trance","floor":28.0},{"not_picked":["Burning Pact","Armaments+1","Sentinel"],"picked":"SKIP","floor":29.0},{"not_picked":["Clash","Blood for Blood","Pommel Strike"],"picked":"SKIP","floor":30.0},{"not_picked":["Iron Wave+1","Warcry","Cleave"],"picked":"SKIP","floor":31.0},{"not_picked":["Brutality","Juggernaut"],"picked":"Impervious","floor":33.0},{"not_picked":["Power Through","Shrug It Off"],"picked":"Spot Weakness","floor":35.0},{"not_picked":["Pommel Strike","Sentinel"],"picked":"True Grit","floor":37.0},{"not_picked":["Iron Wave","Ghostly Armor"],"picked":"Inflame+1","floor":38.0},{"not_picked":["True Grit","Anger","Blood for Blood"],"picked":"SKIP","floor":39.0},{"not_picked":["Rage+1","Berserk"],"picked":"Inflame+1","floor":40.0},{"not_picked":["Cleave+1","Uppercut"],"picked":"Feel No Pain+1","floor":45.0},{"not_picked":["Searing Blow","Sword Boomerang"],"picked":"Inflame+1","floor":47.0}],"player_experience":1028932,"relics_obtained":[{"floor":7.0,"key":"Orichalcum"},{"floor":9.0,"key":"Ancient Tea Set"},{"floor":11.0,"key":"Odd Mushroom"},{"floor":12.0,"key":"Omamori"},{"floor":14.0,"key":"Vajra"},{"floor":19.0,"key":"Necronomicon"},{"floor":24.0,"key":"Centennial Puzzle"},{"floor":26.0,"key":"Shovel"},{"floor":27.0,"key":"PreservedInsect"},{"floor":28.0,"key":"Happy Flower"},{"floor":32.0,"key":"Lantern"},{"floor":40.0,"key":"Mummified Hand"},{"floor":41.0,"key":"Ginger"},{"floor":43.0,"key":"Mercury Hourglass"},{"floor":45.0,"key":"Torii"},{"floor":49.0,"key":"Blood Vial"}],"event_choices":[{"damage_healed":0.0,"max_hp_gain":0.0,"max_hp_loss":0.0,"gold_gain":0.0,"event_name":"Living Wall","player_choice":"Grow","floor":2.0,"gold_loss":0.0,"damage_taken":0.0,"cards_upgraded":["Bash"]},{"cards_removed":["Strike_R"],"damage_healed":0.0,"max_hp_gain":0.0,"max_hp_loss":0.0,"gold_gain":0.0,"event_name":"The Cleric","player_choice":"Card Removal","floor":3.0,"gold_loss":75.0,"damage_taken":0.0},{"damage_healed":0.0,"max_hp_gain":0.0,"max_hp_loss":0.0,"gold_gain":0.0,"event_name":"Mushrooms","player_choice":"Fought Mushrooms","floor":11.0,"gold_loss":0.0,"damage_taken":0.0},{"damage_healed":0.0,"max_hp_gain":0.0,"max_hp_loss":0.0,"gold_gain":75.0,"event_name":"World of Goop","player_choice":"Gather Gold","floor":13.0,"gold_loss":0.0,"damage_taken":11.0},{"damage_healed":0.0,"max_hp_gain":0.0,"max_hp_loss":0.0,"gold_gain":0.0,"event_name":"Cursed Tome","player_choice":"Obtained Book","floor":19.0,"gold_loss":0.0,"damage_taken":21.0},{"damage_healed":0.0,"max_hp_gain":0.0,"max_hp_loss":0.0,"gold_gain":0.0,"event_name":"Accursed Blacksmith","player_choice":"Rummage","floor":21.0,"gold_loss":0.0,"damage_taken":0.0,"relics_obtained":["WarpedTongs"],"cards_obtained":["Pain"]},{"damage_healed":16.0,"max_hp_gain":0.0,"max_hp_loss":0.0,"gold_gain":0.0,"event_name":"Wheel of Change","player_choice":"Full Heal","floor":36.0,"gold_loss":0.0,"damage_taken":0.0},{"damage_healed":0.0,"max_hp_gain":0.0,"max_hp_loss":4.0,"gold_gain":0.0,"event_name":"Winding Halls","player_choice":"Max HP","floor":42.0,"gold_loss":0.0,"damage_taken":0.0},{"damage_healed":0.0,"max_hp_gain":0.0,"max_hp_loss":0.0,"gold_gain":0.0,"event_name":"Tomb of Lord Red Mask","player_choice":"Ignored","floor":44.0,"gold_loss":0.0,"damage_taken":0.0},{"cards_removed":["Inflame"],"damage_healed":0.0,"max_hp_gain":0.0,"max_hp_loss":0.0,"gold_gain":0.0,"event_name":"Falling","player_choice":"Removed Power","floor":48.0,"gold_loss":0.0,"damage_taken":0.0}],"is_beta":false,"boss_relics":[{"not_picked":["Runic Dome","Coffee Dripper"],"picked":"Velvet Choker"},{"not_picked":["Cursed Key","Mark of Pain"],"picked":"Astrolabe"}],"items_purged_floors":[20,25,46],"is_endless":false,"potions_floor_spawned":[1,4,11,18,24,29,33,37,40],"killed_by":"Awakened One","ascension_level":20}