{"gold_per_floor":[118,118,118,118,130,130,146,163,163,194,209,209,219,279,279,350,350,361,361],"floor_reached":19,"playtime":1081,"items_purged":[],"score":313,"play_id":"4e7c73fa-cf3a-48ac-be31-163f3e78da77","local_time":"20190112182611","is_ascension_mode":true,"campfire_choices":[{"data":"Defragment","floor":6,"key":"SMITH"},{"data":"Zap","floor":12,"key":"SMITH"},{"data":"Go for the Eyes","floor":15,"key":"SMITH"}],"neow_cost":"NONE","seed_source_timestamp":286127936314200,"circlet_count":0,"master_deck":["AscendersBane","Defend_B","Defend_B","Defend_B","Zap+1","Dualcast","Multi-Cast","Glacier","Defragment+1","Doom and Gloom","Leap","Hologram","Reinforced Body","Go for the Eyes+1","Echo Form","Loop+1","Undo+1","Amplify+1","Coolheaded"],"relics":["Cracked Core","Meat on the Bone","Mercury Hourglass","Du-Vu Doll","Astrolabe"],"potions_floor_usage":[19],"damage_taken":[{"damage":9,"enemies":"Jaw Worm","floor":1,"turns":4},{"damage":0,"enemies":"2 Louse","floor":5,"turns":3},{"damage":0,"enemies":"Cultist","floor":7,"turns":4},{"damage":0,"enemies":"Exordium Wildlife","floor":8,"turns":3},{"damage":10,"enemies":"3 Sentries","floor":10,"turns":7},{"damage":1,"enemies":"Blue Slaver","floor":11,"turns":3},{"damage":0,"enemies":"2 Fungi Beasts","floor":13,"turns":2},{"damage":9,"enemies":"Gremlin Nob","floor":14,"turns":4},{"damage":16,"enemies":"The Guardian","floor":16,"turns":8},{"damage":7,"enemies":"Shell Parasite","floor":18,"turns":7},{"damage":22,"enemies":"Colosseum Slavers","floor":19,"turns":6},{"damage":66,"enemies":"Colosseum Nobs","floor":19,"turns":3}],"seed_played":"-4872436617267551732","potions_obtained":[{"floor":5,"key":"Swift Potion"},{"floor":7,"key":"Block Potion"}],"is_trial":false,"path_per_floor":["M","$","?","?","M","R","M","M","T","E","M","R","M","?","R","B",null,"M","?"],"character_chosen":"DEFECT","items_purchased":[],"campfire_rested":0,"item_purchase_floors":[],"current_hp_per_floor":[55,55,48,48,48,48,48,48,48,38,37,37,37,40,40,36,62,55,0],"gold":361,"neow_bonus":"ONE_RANDOM_RARE_CARD","is_prod":false,"is_daily":false,"chose_seed":false,"campfire_upgraded":3,"win_rate":0,"timestamp":1547310371,"path_taken":["M","$","?","?","M","R","M","?","T","E","M","R","M","?","R","BOSS","M","?"],"build_version":"2019-01-10","purchased_purges":0,"victory":false,"max_hp_per_floor":[71,71,71,71,71,71,71,71,71,71,71,71,71,71,71,71,71,71,71],"card_choices":[{"not_picked":["Steam","Cold Snap"],"picked":"Glacier","floor":1},{"not_picked":["Static Discharge","Stack"],"picked":"Defragment","floor":5},{"not_picked":["Heatsinks","Barrage"],"picked":"Doom and Gloom","floor":7},{"not_picked":["Auto Shields","Stack"],"picked":"Leap","floor":8},{"not_picked":["Turbo","Leap"],"picked":"Hologram","floor":10},{"not_picked":["Streamline","Melter"],"picked":"Reinforced Body","floor":11},{"not_picked":["Darkness","Sweeping Beam","Fusion"],"picked":"SKIP","floor":13},{"not_picked":["Meteor Strike","BootSequence"],"picked":"Go for the Eyes","floor":14},{"not_picked":["Creative AI","Multi-Cast"],"picked":"Echo Form","floor":16},{"not_picked":["Fusion","Beam Cell"],"picked":"Coolheaded","floor":18}],"player_experience":817894,"relics_obtained":[{"floor":9,"key":"Meat on the Bone"},{"floor":10,"key":"Mercury Hourglass"},{"floor":14,"key":"Du-Vu Doll"}],"event_choices":[{"cards_removed":["Strike_B"],"damage_healed":0,"gold_gain":0,"player_choice":"Card Removal","damage_taken":7,"max_hp_gain":0,"max_hp_loss":0,"event_name":"Golden Wing","floor":3,"gold_loss":0},{"cards_removed":["Defend_B"],"damage_healed":0,"gold_gain":0,"player_choice":"Card Removal","damage_taken":0,"max_hp_gain":0,"max_hp_loss":0,"event_name":"Wheel of Change","floor":4,"gold_loss":0},{"damage_healed":0,"gold_gain":30,"player_choice":"Searched \u00272\u0027 times","damage_taken":0,"max_hp_gain":0,"max_hp_loss":0,"event_name":"Dead Adventurer","floor":14,"gold_loss":0},{"damage_healed":0,"gold_gain":0,"player_choice":"Fight","damage_taken":0,"max_hp_gain":0,"max_hp_loss":0,"event_name":"Colosseum","floor":19,"gold_loss":0},{"damage_healed":0,"gold_gain":0,"player_choice":"Fought Nobs","damage_taken":0,"max_hp_gain":0,"max_hp_loss":0,"event_name":"Colosseum","floor":19,"gold_loss":0}],"is_beta":false,"boss_relics":[{"not_picked":["Empty Cage","White Beast Statue"],"picked":"Astrolabe"}],"items_purged_floors":[],"is_endless":false,"potions_floor_spawned":[5,7,8,10,19],"killed_by":"Colosseum Nobs","ascension_level":17}