{"gold_per_floor":[112,112,112,130,55,89,119,145,239,251,283,295,324,355,367,379],"floor_reached":16,"playtime":463,"items_purged":["Regret"],"score":219,"play_id":"2e83a61c-333d-4472-b2b1-adb79189ed61","local_time":"20190102145425","is_ascension_mode":true,"campfire_choices":[{"floor":10,"key":"DIG"},{"floor":12,"key":"DIG"},{"floor":15,"key":"DIG"}],"neow_cost":"NONE","seed_source_timestamp":1374847222110737,"circlet_count":0,"master_deck":["AscendersBane","Strike_B","Strike_B","Strike_B","Strike_B","Defend_B","Defend_B","Defend_B","Defend_B","Zap","Dualcast","Cold Snap","Conserve Battery","BootSequence","Double Energy"],"relics":["Cracked Core","NeowsBlessing","Shovel","Oddly Smooth Stone","MawBank","Frozen Egg 2","Strawberry","Question Card","Ornamental Fan"],"potions_floor_usage":[16],"damage_taken":[{"damage":0,"enemies":"2 Louse","floor":1,"turns":1},{"damage":0,"enemies":"Jaw Worm","floor":4,"turns":1},{"damage":0,"enemies":"3 Sentries","floor":6,"turns":1},{"damage":0,"enemies":"Small Slimes","floor":7,"turns":3},{"damage":14,"enemies":"Gremlin Gang","floor":8,"turns":5},{"damage":4,"enemies":"3 Louse","floor":11,"turns":4},{"damage":0,"enemies":"2 Fungi Beasts","floor":13,"turns":4},{"damage":1,"enemies":"Red Slaver","floor":14,"turns":4},{"damage":48,"enemies":"Hexaghost","floor":16,"turns":14}],"seed_played":"1957665592695441984","potions_obtained":[{"floor":7,"key":"FairyPotion"},{"floor":8,"key":"Poison Potion"}],"is_trial":false,"path_per_floor":["M","?","?","M","$","E","M","M","T","R","M","R","M","M","R","B"],"character_chosen":"DEFECT","items_purchased":[],"campfire_rested":0,"item_purchase_floors":[],"current_hp_per_floor":[64,64,52,52,52,52,52,38,38,45,41,41,41,40,40,0],"gold":379,"neow_bonus":"THREE_ENEMY_KILL","is_prod":false,"is_daily":false,"chose_seed":false,"campfire_upgraded":0,"win_rate":0,"timestamp":1546408465,"path_taken":["M","?","?","M","$","E","?","M","T","R","M","R","M","M","R","BOSS"],"build_version":"2018-12-20","purchased_purges":1,"victory":false,"max_hp_per_floor":[71,71,71,71,71,71,71,71,71,78,78,78,78,78,78,78],"card_choices":[{"not_picked":["Compile Driver","Recycle"],"picked":"Cold Snap","floor":1},{"not_picked":["Sweeping Beam","Reinforced Body","Beam Cell"],"picked":"SKIP","floor":4},{"not_picked":["Sweeping Beam","Barrage"],"picked":"Conserve Battery","floor":6},{"not_picked":["Barrage","Leap","Turbo"],"picked":"SKIP","floor":7},{"not_picked":["Go for the Eyes","White Noise"],"picked":"BootSequence","floor":8},{"not_picked":["Cold Snap","All For One","Rebound"],"picked":"SKIP","floor":11},{"not_picked":["Skim","Streamline","Hologram"],"picked":"Double Energy","floor":13},{"not_picked":["Sweeping Beam","Melter","Hyperbeam","Steam"],"picked":"SKIP","floor":14}],"player_experience":699015,"relics_obtained":[{"floor":6,"key":"MawBank"},{"floor":9,"key":"Frozen Egg 2"},{"floor":10,"key":"Strawberry"},{"floor":12,"key":"Question Card"},{"floor":15,"key":"Ornamental Fan"}],"event_choices":[{"damage_healed":0,"gold_gain":0,"player_choice":"Box","damage_taken":0,"relics_obtained":["Shovel"],"max_hp_gain":0,"max_hp_loss":0,"event_name":"Big Fish","floor":2,"gold_loss":0,"cards_obtained":["Regret"]},{"damage_healed":0,"gold_gain":0,"player_choice":"Success","damage_taken":12,"relics_obtained":["Oddly Smooth Stone"],"max_hp_gain":0,"max_hp_loss":0,"event_name":"Scrap Ooze","floor":3,"gold_loss":0}],"is_beta":false,"boss_relics":[],"items_purged_floors":[5],"is_endless":false,"potions_floor_spawned":[7,8],"killed_by":"Hexaghost","ascension_level":14}