{"gold_per_floor":[109,259,269,194,213,213,213,232,258,65,78,96,96,27,27,27],"floor_reached":16,"playtime":324,"items_purged":["Strike_B"],"score":161,"play_id":"7d53ede4-6ff8-48f3-ae3a-84cb689b49d1","local_time":"20190102155543","is_ascension_mode":true,"campfire_choices":[{"data":"Dualcast","floor":6,"key":"SMITH"},{"data":"Defragment","floor":13,"key":"SMITH"},{"data":"Loop","floor":15,"key":"SMITH"}],"neow_cost":"NONE","seed_source_timestamp":1378664787459540,"circlet_count":0,"master_deck":["AscendersBane","Strike_B","Strike_B","Strike_B","Defend_B","Defend_B","Defend_B","Defend_B","Zap+1","Dualcast+1","FTL","BootSequence","Loop+1","Cold Snap","Cold Snap","Defragment+1","Capacitor"],"relics":["Cracked Core","NeowsBlessing","Smiling Mask","Lantern"],"potions_floor_usage":[],"damage_taken":[{"damage":0,"enemies":"Jaw Worm","floor":1,"turns":1},{"damage":0,"enemies":"Small Slimes","floor":3,"turns":1},{"damage":0,"enemies":"Cultist","floor":5,"turns":1},{"damage":14,"enemies":"Lots of Slimes","floor":8,"turns":3},{"damage":0,"enemies":"3 Louse","floor":11,"turns":3},{"damage":2,"enemies":"Looter","floor":12,"turns":3},{"damage":48,"enemies":"Slime Boss","floor":16,"turns":11}],"seed_played":"8096693328920420574","potions_obtained":[{"floor":3,"key":"Energy Potion"},{"floor":8,"key":"Poison Potion"}],"is_trial":false,"path_per_floor":["M","?","M","?","M","R","?","M","T","$","M","M","R","$","R","B"],"character_chosen":"DEFECT","items_purchased":["Lantern","Capacitor"],"campfire_rested":0,"item_purchase_floors":[10,14],"current_hp_per_floor":[64,64,64,64,64,64,64,50,50,50,50,48,48,48,48,0],"gold":27,"neow_bonus":"THREE_ENEMY_KILL","is_prod":false,"is_daily":false,"chose_seed":false,"campfire_upgraded":3,"win_rate":0,"timestamp":1546412143,"path_taken":["M","?","M","?","?","R","?","?","T","$","M","M","R","?","R","BOSS"],"build_version":"2018-12-20","purchased_purges":1,"victory":false,"max_hp_per_floor":[71,71,71,71,71,71,71,71,71,71,71,71,71,71,71,71],"card_choices":[{"not_picked":["Rebound","Compile Driver"],"picked":"FTL","floor":1},{"not_picked":["Go for the Eyes","Force Field"],"picked":"BootSequence","floor":3},{"not_picked":["Compile Driver","Leap"],"picked":"Loop","floor":5},{"not_picked":["Gash","Redo"],"picked":"Cold Snap","floor":8},{"not_picked":["Aggregate","BootSequence"],"picked":"Cold Snap","floor":11},{"not_picked":["Heatsinks","Beam Cell"],"picked":"Defragment","floor":12}],"player_experience":702592,"relics_obtained":[{"floor":9,"key":"Smiling Mask"}],"event_choices":[{"damage_healed":0,"gold_gain":150,"player_choice":"AGREE","damage_taken":0,"max_hp_gain":0,"max_hp_loss":0,"event_name":"Liars Game","floor":2,"gold_loss":0,"cards_obtained":["Doubt"]},{"cards_removed":["Doubt"],"damage_healed":0,"gold_gain":0,"player_choice":"Card Removal","damage_taken":0,"max_hp_gain":0,"max_hp_loss":0,"event_name":"The Cleric","floor":4,"gold_loss":75},{"damage_healed":0,"gold_gain":0,"player_choice":"Upgraded","damage_taken":0,"max_hp_gain":0,"max_hp_loss":0,"event_name":"Upgrade Shrine","floor":7,"gold_loss":0,"cards_upgraded":["Zap"]}],"is_beta":false,"boss_relics":[],"items_purged_floors":[10],"is_endless":false,"potions_floor_spawned":[3,8,12],"killed_by":"Slime Boss","ascension_level":15}