{"gold_per_floor":[112,112,287,287,297,329,329,329,377,377,191,205,205,233,233,329,329,345,362,377,396,321,321,355,355,355,355,454,474,486,498,498,595,595,615,629,146,56,73,73,73,91,114,114,9,9,9,20,20,20],"floor_reached":51,"playtime":1220,"items_purged":["Doubt","Strike_R+1"],"score":825,"play_id":"26f1b9c7-0143-4f88-b402-8bc41f461473","local_time":"20190701062339","is_ascension_mode":false,"campfire_choices":[{"data":"Inflame","floor":7.0,"key":"SMITH"},{"data":"Bash","floor":10.0,"key":"SMITH"},{"data":"Inflame","floor":13.0,"key":"SMITH"},{"data":"Uppercut","floor":15.0,"key":"SMITH"},{"data":"Twin Strike","floor":23.0,"key":"SMITH"},{"data":"Battle Trance","floor":27.0,"key":"SMITH"},{"data":"Sword Boomerang","floor":32.0,"key":"SMITH"},{"data":"Feed","floor":41,"key":"SMITH"},{"data":"Pummel","floor":44,"key":"SMITH"},{"data":"Clash","floor":47,"key":"SMITH"},{"data":"Thunderclap","floor":49,"key":"SMITH"}],"neow_cost":"NONE","seed_source_timestamp":5323998251093,"circlet_count":0,"master_deck":["Defend_R+1","Defend_R+1","Defend_R+1","Bash+1","Inflame+1","Twin Strike+1","Inflame+1","Uppercut+1","Battle Trance+1","Sword Boomerang+1","Feed+1","Thunderclap+1","Pummel+1","Twin Strike+1","Sword Boomerang+1","Juggernaut+1","Flex+1","Clash+1","Spot Weakness+1","Flex+1","Flex+1","Flame Barrier+1"],"special_seed":0,"relics":["Burning Blood","NeowsBlessing","Kunai","Regal Pillow","Orichalcum","Bag of Preparation","Pen Nib","Busted Crown","Pantograph","The Courier","Astrolabe","Toxic Egg 2","Frozen Egg 2","Bronze Scales"],"potions_floor_usage":[50,50,50],"damage_taken":[{"damage":0.0,"enemies":"2 Louse","floor":1.0,"turns":1.0},{"damage":0.0,"enemies":"Jaw Worm","floor":5.0,"turns":1.0},{"damage":0.0,"enemies":"3 Sentries","floor":6.0,"turns":2.0},{"damage":0.0,"enemies":"Cultist","floor":12.0,"turns":3.0},{"damage":0.0,"enemies":"Gremlin Nob","floor":14.0,"turns":3.0},{"damage":0.0,"enemies":"Slime Boss","floor":16.0,"turns":3.0},{"damage":8.0,"enemies":"Shell Parasite","floor":18.0,"turns":3.0},{"damage":3.0,"enemies":"3 Byrds","floor":19.0,"turns":5.0},{"damage":4.0,"enemies":"Centurion and Healer","floor":20.0,"turns":4.0},{"damage":15.0,"enemies":"3 Cultists","floor":21.0,"turns":4.0},{"damage":9.0,"enemies":"Gremlin Leader","floor":24.0,"turns":5.0},{"damage":8.0,"enemies":"Cultist and Chosen","floor":29.0,"turns":5.0},{"damage":5.0,"enemies":"Snecko","floor":30.0,"turns":3.0},{"damage":3.0,"enemies":"3 Cultists","floor":31.0,"turns":4.0},{"damage":48.0,"enemies":"Champ","floor":33.0,"turns":7.0},{"damage":2.0,"enemies":"Orb Walker","floor":35.0,"turns":2.0},{"damage":4.0,"enemies":"3 Shapes","floor":36.0,"turns":4.0},{"damage":10.0,"enemies":"Sphere and 2 Shapes","floor":39.0,"turns":5.0},{"damage":32,"enemies":"Spire Growth","floor":42,"turns":4},{"damage":1,"enemies":"3 Darklings","floor":48,"turns":3},{"damage":65,"enemies":"Awakened One","floor":50,"turns":7}],"seed_played":"-2597917915616364715","potions_obtained":[{"floor":1.0,"key":"Block Potion"},{"floor":14.0,"key":"Fire Potion"},{"floor":16.0,"key":"Swift Potion"},{"floor":18.0,"key":"Strength Potion"},{"floor":20.0,"key":"Regen Potion"},{"floor":24.0,"key":"Swift Potion"},{"floor":29.0,"key":"GamblersBrew"},{"floor":33.0,"key":"Weak Potion"}],"is_trial":false,"path_per_floor":["M","?","?","?","M","E","R","T","T","R","$","M","R","E","R","B",null,"M","M","M","M","?","R","E","?","T","R","?","M","M","M","R","B",null,"M","M","$","?","M","?","R","M","T","R","$","?","R","M","R","B",null],"character_chosen":"IRONCLAD","items_purchased":["Inflame","Uppercut","Toxic Egg 2","Frozen Egg 2","Spot Weakness+1","Flex+1","Flex+1"],"campfire_rested":0,"item_purchase_floors":[11,11,37,37,45,45,45],"current_hp_per_floor":[80,62,62,67,73,79,79,79,79,79,79,85,85,85,85,85,85,83,88,91,85,85,85,82,82,82,82,82,83,84,87,87,55,97,97,100,100,100,99,99,99,73,73,73,73,73,73,82,82,58],"gold":20,"neow_bonus":"THREE_ENEMY_KILL","is_prod":false,"is_daily":false,"chose_seed":false,"campfire_upgraded":11,"win_rate":0,"timestamp":1561983819,"path_taken":["M","?","?","?","M","E","R","?","T","R","$","?","R","E","R","BOSS","M","?","M","?","?","R","E","?","T","R","?","?","M","M","R","BOSS","M","M","$","?","?","?","R","M","T","R","$","?","R","M","R","BOSS"],"build_version":"2019-01-23","purchased_purges":2,"victory":true,"max_hp_per_floor":[80,80,80,85,85,85,85,85,85,85,85,85,85,85,85,85,85,85,88,91,94,94,94,94,94,94,94,94,97,97,97,97,97,97,97,100,100,100,103,103,103,103,103,103,103,103,103,107,107,107],"card_choices":[{"not_picked":["Thunderclap","Perfected Strike"],"picked":"Inflame","floor":1.0},{"not_picked":["Body Slam","Fire Breathing","Havoc"],"picked":"SKIP","floor":5.0},{"not_picked":["Infernal Blade","Battle Trance"],"picked":"Twin Strike","floor":6.0},{"not_picked":["Infernal Blade","Cleave"],"picked":"Battle Trance","floor":12.0},{"not_picked":["Corruption","Perfected Strike"],"picked":"Sword Boomerang","floor":14.0},{"not_picked":["Exhume","Dark Embrace"],"picked":"Feed","floor":16.0},{"not_picked":["Pommel Strike"],"picked":"SKIP","floor":18.0},{"not_picked":["Anger"],"picked":"SKIP","floor":19.0},{"not_picked":["Power Through"],"picked":"SKIP","floor":20.0},{"not_picked":[],"picked":"Thunderclap","floor":21.0},{"not_picked":[],"picked":"Pummel","floor":24.0},{"not_picked":[],"picked":"Twin Strike","floor":29.0},{"not_picked":["Armaments"],"picked":"SKIP","floor":30.0},{"not_picked":["Power Through"],"picked":"SKIP","floor":31.0},{"not_picked":["Reckless Charge+1"],"picked":"SKIP","floor":35.0},{"not_picked":["Cleave"],"picked":"SKIP","floor":36.0},{"not_picked":[],"picked":"Flex+1","floor":39.0},{"not_picked":[],"picked":"Clash","floor":42},{"not_picked":["Reckless Charge"],"picked":"SKIP","floor":48}],"player_experience":1528282,"relics_obtained":[{"floor":6.0,"key":"Regal Pillow"},{"floor":8.0,"key":"Orichalcum"},{"floor":9.0,"key":"Bag of Preparation"},{"floor":14.0,"key":"Pen Nib"},{"floor":24.0,"key":"Pantograph"},{"floor":26.0,"key":"The Courier"},{"floor":43,"key":"Bronze Scales"}],"event_choices":[{"damage_healed":0.0,"max_hp_gain":0.0,"max_hp_loss":0.0,"gold_gain":0.0,"event_name":"Scrap Ooze","player_choice":"Success","floor":2.0,"gold_loss":0.0,"damage_taken":18.0,"relics_obtained":["Kunai"]},{"damage_healed":0.0,"max_hp_gain":0.0,"max_hp_loss":0.0,"gold_gain":175.0,"event_name":"Liars Game","player_choice":"AGREE","floor":3.0,"gold_loss":0.0,"damage_taken":0.0,"cards_obtained":["Doubt"]},{"damage_healed":0.0,"max_hp_gain":5.0,"max_hp_loss":0.0,"gold_gain":0.0,"event_name":"Big Fish","player_choice":"Donut","floor":4.0,"gold_loss":0.0,"damage_taken":0.0},{"cards_removed":["Strike_R"],"damage_healed":0.0,"max_hp_gain":0.0,"max_hp_loss":0.0,"gold_gain":0.0,"event_name":"Beggar","player_choice":"Gave Gold","floor":22.0,"gold_loss":75.0,"damage_taken":0.0},{"damage_healed":0.0,"max_hp_gain":0.0,"max_hp_loss":0.0,"gold_gain":0.0,"event_name":"Back to Basics","player_choice":"Simplicity","floor":25.0,"gold_loss":0.0,"damage_taken":0.0,"cards_upgraded":["Strike_R","Strike_R","Strike_R","Strike_R","Defend_R","Defend_R","Defend_R","Defend_R"]},{"damage_healed":0.0,"max_hp_gain":0.0,"max_hp_loss":0.0,"gold_gain":99.0,"event_name":"Nest","player_choice":"Stole From Cult","floor":28.0,"gold_loss":0.0,"damage_taken":0.0},{"cards_removed":["Strike_R"],"damage_healed":0.0,"max_hp_gain":0.0,"max_hp_loss":0.0,"gold_gain":0.0,"event_name":"Designer","player_choice":"Upgrade and Remove","floor":38.0,"gold_loss":90.0,"damage_taken":0.0,"cards_upgraded":["Twin Strike"]},{"damage_healed":0,"gold_gain":0,"player_choice":"Ignored","damage_taken":0,"max_hp_gain":0,"max_hp_loss":0,"event_name":"Mysterious Sphere","floor":40,"gold_loss":0},{"damage_healed":0,"gold_gain":0,"cards_transformed":["Combust"],"player_choice":"Transformed","damage_taken":0,"max_hp_gain":0,"max_hp_loss":0,"event_name":"Transmorgrifier","floor":46,"gold_loss":0,"cards_obtained":["Flame Barrier"]}],"is_beta":false,"boss_relics":[{"not_picked":["Black Blood","Runic Pyramid"],"picked":"Busted Crown"},{"not_picked":["Black Star","Runic Dome"],"picked":"Astrolabe"}],"items_purged_floors":[11,37],"is_endless":false,"potions_floor_spawned":[1,14,16,18,20,24,29,33,42,48],"ascension_level":0}