{"gold_per_floor":[113,130,130,147,162,162,187,187],"floor_reached":8,"playtime":515,"items_purged":[],"score":113,"play_id":"667188ec-681e-4d01-ab88-61afec731268","local_time":"20190316081151","is_ascension_mode":true,"campfire_choices":[{"data":"Neutralize","floor":6,"key":"SMITH"}],"neow_cost":"TEN_PERCENT_HP_LOSS","seed_source_timestamp":86259054240800,"circlet_count":0,"master_deck":["AscendersBane","Defend_G","Defend_G","Defend_G","Defend_G","Defend_G","Strike_G","Strike_G","Strike_G","Strike_G","Strike_G","Survivor","Neutralize+1","Noxious Fumes","Deadly Poison","Caltrops","Cloak And Dagger"],"relics":["Ring of the Snake","Unceasing Top","Shuriken"],"potions_floor_usage":[],"damage_taken":[{"damage":1,"enemies":"Cultist","floor":1,"turns":4},{"damage":3,"enemies":"2 Louse","floor":2,"turns":4},{"damage":4,"enemies":"Small Slimes","floor":4,"turns":4},{"damage":2,"enemies":"Red Slaver","floor":5,"turns":5},{"damage":31,"enemies":"3 Sentries","floor":7,"turns":9},{"damage":24,"enemies":"3 Louse","floor":8,"turns":2}],"seed_played":"-7296521170950307852","potions_obtained":[{"floor":4,"key":"PowerPotion"},{"floor":5,"key":"LiquidBronze"}],"is_trial":false,"path_per_floor":["M","M","?","M","M","R","E","M"],"character_chosen":"THE_SILENT","items_purchased":[],"campfire_rested":0,"item_purchase_floors":[],"current_hp_per_floor":[58,55,55,51,49,49,18,0],"gold":187,"neow_bonus":"ONE_RARE_RELIC","is_prod":false,"is_daily":false,"chose_seed":false,"campfire_upgraded":1,"win_rate":0,"timestamp":1552716711,"path_taken":["M","?","?","M","M","R","E","M"],"build_version":"2019-01-23","purchased_purges":0,"victory":false,"max_hp_per_floor":[60,60,60,60,60,60,60,60],"card_choices":[{"not_picked":["Quick Slash","Terror","Dodge and Roll"],"picked":"SKIP","floor":1},{"not_picked":["Dagger Throw","Blur"],"picked":"Noxious Fumes","floor":2},{"not_picked":["Blade Dance","Underhanded Strike"],"picked":"Deadly Poison","floor":4},{"not_picked":["Footwork","Calculated Gamble"],"picked":"Caltrops","floor":5},{"not_picked":["Quick Slash","Glass Knife"],"picked":"Cloak And Dagger","floor":7}],"player_experience":923708,"relics_obtained":[{"floor":7,"key":"Shuriken"}],"event_choices":[{"damage_healed":0,"gold_gain":0,"player_choice":"Leave","damage_taken":0,"max_hp_gain":0,"max_hp_loss":0,"event_name":"The Cleric","floor":3,"gold_loss":0}],"is_beta":false,"boss_relics":[],"items_purged_floors":[],"is_endless":false,"potions_floor_spawned":[4,5],"killed_by":"3 Louse","ascension_level":19}