{"gold_per_floor":[118,132,57,77,94,94,124,138,138,151,151,165,165,197,197,275,275,289,289,289,301,318,318,318,346,346,0,0,0,17,35,35,35],"floor_reached":33,"playtime":2045,"items_purged":[],"score":511,"play_id":"77fb035b-93c2-4723-a12f-e40bed0c0de6","local_time":"20190131190045","is_ascension_mode":true,"campfire_choices":[{"data":"Body Slam","floor":6,"key":"SMITH"},{"data":"Armaments","floor":11,"key":"SMITH"},{"floor":13,"key":"REST"},{"data":"Barricade","floor":15,"key":"SMITH"},{"floor":23,"key":"REST"},{"data":"Fiend Fire","floor":29,"key":"SMITH"},{"data":"Flame Barrier","floor":32,"key":"SMITH"}],"neow_cost":"NONE","seed_source_timestamp":900438428072600,"circlet_count":0,"master_deck":["AscendersBane","Defend_R+1","Defend_R+1","Defend_R+1","Defend_R+1","Bash","Barricade+1","Body Slam+1","Twin Strike","Pommel Strike","Body Slam","Body Slam","Armaments+1","Offering","Fiend Fire+1","Ghostly Armor+1","Blood for Blood+1","Reaper+1","Evolve","Flame Barrier+1","Iron Wave+1","Intimidate"],"relics":["Burning Blood","Kunai","Smiling Mask","Astrolabe","Du-Vu Doll","Charon\u0027s Ashes","CultistMask"],"potions_floor_usage":[12,20,33,33],"damage_taken":[{"damage":16,"enemies":"Jaw Worm","floor":1,"turns":6},{"damage":15,"enemies":"Small Slimes","floor":2,"turns":6},{"damage":3,"enemies":"2 Louse","floor":4,"turns":3},{"damage":24,"enemies":"Lots of Slimes","floor":5,"turns":7},{"damage":6,"enemies":"2 Fungi Beasts","floor":8,"turns":3},{"damage":15,"enemies":"Large Slime","floor":10,"turns":6},{"damage":7,"enemies":"Gremlin Gang","floor":12,"turns":4},{"damage":19,"enemies":"3 Sentries","floor":14,"turns":7},{"damage":13,"enemies":"Hexaghost","floor":16,"turns":10},{"damage":35,"enemies":"2 Thieves","floor":18,"turns":4},{"damage":37,"enemies":"3 Byrds","floor":21,"turns":8},{"damage":8,"enemies":"Snecko","floor":22,"turns":4},{"damage":46,"enemies":"Slavers","floor":25,"turns":7},{"damage":11,"enemies":"Chosen and Byrds","floor":30,"turns":5},{"damage":6,"enemies":"Snake Plant","floor":31,"turns":3},{"damage":35,"enemies":"Automaton","floor":33,"turns":12}],"seed_played":"2374191505941733260","potions_obtained":[{"floor":1,"key":"Ancient Potion"},{"floor":2,"key":"PowerPotion"},{"floor":14,"key":"LiquidBronze"},{"floor":20,"key":"Fruit Juice"},{"floor":20,"key":"PowerPotion"},{"floor":30,"key":"SkillPotion"}],"is_trial":false,"path_per_floor":["M","M","?","M","M","R","?","M","T","M","R","M","R","E","R","B",null,"M","?","?","M","M","R","?","E","T","?","?","R","M","M","R","B"],"character_chosen":"IRONCLAD","items_purchased":[],"campfire_rested":2,"item_purchase_floors":[],"current_hp_per_floor":[58,49,49,52,34,34,34,34,34,25,25,24,46,33,33,26,63,44,44,49,22,20,44,44,19,19,19,19,19,23,29,29,0],"gold":35,"neow_bonus":"TRANSFORM_CARD","is_prod":false,"is_daily":false,"chose_seed":false,"campfire_upgraded":5,"win_rate":0,"timestamp":1548954045,"path_taken":["M","M","?","M","M","R","?","M","T","?","R","M","R","E","R","BOSS","M","?","?","M","?","R","?","E","T","?","?","R","?","M","R","BOSS"],"build_version":"2019-01-23","purchased_purges":0,"victory":false,"max_hp_per_floor":[75,75,75,75,75,75,75,75,75,75,75,75,75,75,75,75,75,75,75,80,80,80,80,80,80,80,80,80,80,80,80,80,80],"card_choices":[{"not_picked":["Inflame","Sever Soul"],"picked":"Body Slam","floor":1},{"not_picked":["Thunderclap","Blood for Blood"],"picked":"Twin Strike","floor":2},{"not_picked":["Rage","Rupture"],"picked":"Pommel Strike","floor":4},{"not_picked":["Anger","Pummel"],"picked":"Body Slam","floor":5},{"not_picked":["Headbutt","Sever Soul"],"picked":"Body Slam","floor":8},{"not_picked":["Pummel","Second Wind"],"picked":"Armaments","floor":10},{"not_picked":["Anger","Sever Soul"],"picked":"Offering","floor":12},{"not_picked":["Headbutt","Combust","Rampage"],"picked":"SKIP","floor":14},{"not_picked":["Limit Break","Exhume"],"picked":"Fiend Fire","floor":16},{"not_picked":["Iron Wave","Hemokinesis"],"picked":"Evolve","floor":18},{"not_picked":["Blood for Blood","Sever Soul","Pummel"],"picked":"SKIP","floor":21},{"not_picked":["Second Wind","Headbutt+1"],"picked":"Flame Barrier","floor":22},{"not_picked":["Clash","Wild Strike"],"picked":"Iron Wave+1","floor":25},{"not_picked":["Perfected Strike","Barricade"],"picked":"Intimidate","floor":30},{"not_picked":["Inflame","Flex","Body Slam"],"picked":"SKIP","floor":31}],"player_experience":855992,"relics_obtained":[{"floor":9,"key":"Kunai"},{"floor":14,"key":"Smiling Mask"},{"floor":25,"key":"Du-Vu Doll"},{"floor":26,"key":"Charon\u0027s Ashes"}],"event_choices":[{"cards_removed":["Strike_R"],"damage_healed":0,"gold_gain":0,"player_choice":"Card Removal","damage_taken":0,"max_hp_gain":0,"max_hp_loss":0,"event_name":"The Cleric","floor":3,"gold_loss":75},{"damage_healed":0,"gold_gain":30,"player_choice":"Searched \u00272\u0027 times","damage_taken":0,"max_hp_gain":0,"max_hp_loss":0,"event_name":"Dead Adventurer","floor":7,"gold_loss":0},{"damage_healed":0,"gold_gain":0,"player_choice":"Simplicity","damage_taken":0,"max_hp_gain":0,"max_hp_loss":0,"event_name":"Back to Basics","floor":19,"gold_loss":0,"cards_upgraded":["Defend_R","Defend_R","Defend_R","Defend_R"]},{"damage_healed":0,"gold_gain":0,"player_choice":"Got Potions","damage_taken":0,"max_hp_gain":0,"max_hp_loss":0,"event_name":"Lab","floor":20,"gold_loss":0},{"damage_healed":0,"gold_gain":0,"player_choice":"Ignored","damage_taken":0,"max_hp_gain":0,"max_hp_loss":0,"event_name":"Vampires","floor":24,"gold_loss":0},{"damage_healed":0,"gold_gain":0,"player_choice":"Paid Fearfully","damage_taken":0,"max_hp_gain":0,"max_hp_loss":0,"event_name":"Masked Bandits","floor":27,"gold_loss":346},{"damage_healed":0,"gold_gain":0,"player_choice":"Trade","damage_taken":0,"relics_obtained":["CultistMask"],"max_hp_gain":0,"max_hp_loss":0,"event_name":"FaceTrader","floor":28,"gold_loss":0}],"is_beta":false,"boss_relics":[{"not_picked":["Velvet Choker","Calling Bell"],"picked":"Astrolabe"}],"items_purged_floors":[],"is_endless":false,"potions_floor_spawned":[1,2,8,14,21,30,31],"killed_by":"Automaton","ascension_level":18}