{"gold_per_floor":[117,67,67,84,104,131,206,206,206,206,232,243,243,276,276,374,374,394,163,173,173,173,204,214,214,214,214,230,103,136,147,147,147],"floor_reached":33,"playtime":1961,"items_purged":["Strike_R"],"score":318,"play_id":"eaa764d7-8661-414d-ab44-19ed8de7abb1","local_time":"20190615022549","is_ascension_mode":false,"campfire_choices":[{"data":"Metallicize","floor":8,"key":"SMITH"},{"data":"Rampage","floor":10,"key":"SMITH"},{"data":"Armaments","floor":13,"key":"SMITH"},{"data":"Flame Barrier","floor":15,"key":"SMITH"},{"data":"Inflame","floor":27,"key":"SMITH"},{"data":"Uppercut","floor":32,"key":"SMITH"}],"neow_cost":"NONE","seed_source_timestamp":147094523217200,"circlet_count":0,"master_deck":["Defend_R","Defend_R","Defend_R","Defend_R","Bash+1","Battle Trance","Rampage+1","Metallicize+1","Flame Barrier+1","Armaments+1","Feed","Fiend Fire","Inflame+1","Uppercut+1","Pummel","Offering","Bite","Bite","Bite","Bite","Bite","Heavy Blade","Immolate","Shrug It Off","Shrug It Off"],"relics":["Burning Blood"],"potions_floor_usage":[18,24,30,30,33],"damage_taken":[{"damage":0,"enemies":"Small Slimes","floor":1,"turns":3},{"damage":0,"enemies":"2 Louse","floor":4,"turns":3},{"damage":1,"enemies":"Jaw Worm","floor":5,"turns":5},{"damage":10,"enemies":"Lagavulin","floor":6,"turns":7},{"damage":11,"enemies":"The Mushroom Lair","floor":11,"turns":4},{"damage":9,"enemies":"Large Slime","floor":12,"turns":6},{"damage":6,"enemies":"3 Sentries","floor":14,"turns":10},{"damage":37,"enemies":"Hexaghost","floor":16,"turns":11},{"damage":19,"enemies":"2 Thieves","floor":18,"turns":5},{"damage":10,"enemies":"Chosen","floor":20,"turns":6},{"damage":43,"enemies":"Slavers","floor":23,"turns":8},{"damage":23,"enemies":"3 Cultists","floor":24,"turns":6},{"damage":17,"enemies":"Centurion and Healer","floor":28,"turns":11},{"damage":14,"enemies":"Book of Stabbing","floor":30,"turns":5},{"damage":6,"enemies":"Cultist and Chosen","floor":31,"turns":6},{"damage":109,"enemies":"Automaton","floor":33,"turns":12}],"seed_played":"7540474162622886459","potions_obtained":[{"floor":1,"key":"SkillPotion"},{"floor":11,"key":"FearPotion"},{"floor":16,"key":"GamblersBrew"},{"floor":18,"key":"FearPotion"},{"floor":24,"key":"Block Potion"},{"floor":30,"key":"SkillPotion"}],"is_trial":false,"path_per_floor":["M","?","?","M","M","E","?","R","T","R","?","M","R","E","R","B",null,"M","$","M","?","?","E","M","?","T","R","M","$","E","M","R","B"],"character_chosen":"IRONCLAD","items_purchased":["Inflame","Uppercut","Immolate","Shrug It Off"],"campfire_rested":0,"item_purchase_floors":[19,19,29,29],"current_hp_per_floor":[88,88,88,88,88,84,73,73,73,73,68,65,65,65,65,37,91,82,82,78,78,78,44,31,31,31,31,55,55,49,57,57,0],"gold":147,"neow_bonus":"TEN_PERCENT_HP_BONUS","is_prod":false,"is_daily":false,"chose_seed":false,"campfire_upgraded":6,"win_rate":0,"timestamp":1560554749,"path_taken":["M","?","?","M","M","E","?","R","T","R","?","M","R","E","R","BOSS","M","$","M","?","?","E","M","?","T","R","M","$","E","M","R","BOSS"],"build_version":"2019-01-23","purchased_purges":1,"victory":false,"max_hp_per_floor":[88,88,88,88,88,88,88,88,88,88,88,88,88,88,88,91,91,95,95,95,95,95,98,102,71,71,71,71,71,71,75,75,75],"card_choices":[{"not_picked":["Thunderclap","Combust"],"picked":"Battle Trance","floor":1},{"not_picked":["Uppercut","Clash"],"picked":"Rampage","floor":4},{"not_picked":["Havoc","Battle Trance"],"picked":"Metallicize","floor":5},{"not_picked":["Wild Strike","Anger","Warcry"],"picked":"SKIP","floor":6},{"not_picked":["Corruption","Body Slam"],"picked":"Flame Barrier","floor":11},{"not_picked":["Evolve","Clash"],"picked":"Armaments","floor":12},{"not_picked":["Infernal Blade","Wild Strike"],"picked":"Feed","floor":14},{"not_picked":["Demon Form","Berserk"],"picked":"Fiend Fire","floor":16},{"not_picked":["Reckless Charge","Sever Soul","Warcry"],"picked":"SKIP","floor":18},{"not_picked":["Body Slam","Perfected Strike+1"],"picked":"Pummel","floor":20},{"not_picked":["Twin Strike","Wild Strike+1"],"picked":"Offering","floor":23},{"not_picked":["Flex","Dropkick","Iron Wave"],"picked":"SKIP","floor":24},{"not_picked":["Rampage","Searing Blow"],"picked":"Heavy Blade","floor":28},{"not_picked":["Carnage","Infernal Blade","Evolve"],"picked":"SKIP","floor":30},{"not_picked":["Blood for Blood","Body Slam"],"picked":"Shrug It Off","floor":31}],"player_experience":1112867,"relics_obtained":[],"event_choices":[{"cards_removed":["Strike_R"],"damage_healed":0,"gold_gain":0,"player_choice":"Card Removal","damage_taken":0,"max_hp_gain":0,"max_hp_loss":0,"event_name":"The Cleric","floor":2,"gold_loss":50},{"damage_healed":0,"gold_gain":0,"player_choice":"Grow","damage_taken":0,"max_hp_gain":0,"max_hp_loss":0,"event_name":"Living Wall","floor":3,"gold_loss":0,"cards_upgraded":["Bash"]},{"damage_healed":0,"gold_gain":75,"player_choice":"Gather Gold","damage_taken":11,"max_hp_gain":0,"max_hp_loss":0,"event_name":"World of Goop","floor":7,"gold_loss":0},{"damage_healed":0,"gold_gain":0,"player_choice":"Fought Mushrooms","damage_taken":0,"max_hp_gain":0,"max_hp_loss":0,"event_name":"Mushrooms","floor":11,"gold_loss":0},{"damage_healed":0,"gold_gain":0,"player_choice":"Ignored","damage_taken":0,"max_hp_gain":0,"max_hp_loss":0,"event_name":"Ghosts","floor":22,"gold_loss":0},{"damage_healed":0,"gold_gain":0,"player_choice":"Became a vampire","damage_taken":0,"max_hp_gain":0,"max_hp_loss":31,"event_name":"Vampires","floor":25,"gold_loss":0,"cards_obtained":["Bite","Bite","Bite","Bite","Bite"]}],"is_beta":false,"boss_relics":[{"not_picked":["Runic Dome","Fusion Hammer","Mark of Pain"]}],"items_purged_floors":[19],"is_endless":false,"potions_floor_spawned":[1,11,16,18,23,24,30],"killed_by":"Automaton","ascension_level":0}