{"gold_per_floor":[113,186,202,202,212,246,246,246,246,246,260,270,301,321,321,398,398,412,154,169,169,30,30,63,63,63,79,111,138,171,189,189,261,261,280,75,95,112,124,124,150,150,174,203,215,215,231,18,18,18,18],"floor_reached":51,"playtime":3155,"items_purged":["Strike_G","Strike_G"],"score":1594,"play_id":"6d84217e-31eb-4538-a9b1-a2c88ae9fe2e","local_time":"20190623113254","is_ascension_mode":true,"campfire_choices":[{"data":"Neutralize","floor":8,"key":"SMITH"},{"floor":10,"key":"REST"},{"data":"Skewer","floor":15,"key":"SMITH"},{"data":"Well Laid Plans","floor":23,"key":"SMITH"},{"data":"Wraith Form v2","floor":32,"key":"SMITH"},{"floor":40,"key":"DIG"},{"floor":42,"key":"DIG"},{"floor":46,"key":"DIG"},{"floor":49,"key":"RECALL"}],"neow_cost":"PERCENT_DAMAGE","seed_source_timestamp":869935675052300,"circlet_count":0,"master_deck":["AscendersBane","Defend_G","Defend_G","Defend_G","Defend_G","Defend_G","Strike_G","Strike_G","Survivor","Neutralize+1","Storm of Steel+1","Backflip","Flying Knee","Infinite Blades","Skewer+1","Accuracy","Wraith Form v2+1","Well Laid Plans+1","Backflip","RitualDagger","Escape Plan","Cloak And Dagger","PiercingWail","Dagger Spray+1","Acrobatics","Reflex","Venomology","Well Laid Plans","Blade Dance+1","Footwork+1","Grand Finale","Backflip","Dagger Throw+1"],"relics":["Ring of the Snake","Pear","Anchor","Du-Vu Doll","Ninja Scroll","WristBlade","Bag of Marbles","Bird Faced Urn","Shovel","WingedGreaves","Blue Candle","Tingsha","Fusion Hammer","Pen Nib","Mercury Hourglass","Bronze Scales","Orichalcum","Tough Bandages","Paper Crane","Sling"],"potions_floor_usage":[6,33,33,39,41,44,50,51,51,51],"damage_taken":[{"damage":5,"enemies":"Cultist","floor":1,"turns":4},{"damage":3,"enemies":"Jaw Worm","floor":3,"turns":8},{"damage":1,"enemies":"2 Louse","floor":5,"turns":2},{"damage":3,"enemies":"Gremlin Nob","floor":6,"turns":4},{"damage":0,"enemies":"Exordium Thugs","floor":11,"turns":4},{"damage":0,"enemies":"Exordium Wildlife","floor":12,"turns":3},{"damage":25,"enemies":"3 Sentries","floor":13,"turns":6},{"damage":0,"enemies":"Gremlin Gang","floor":14,"turns":2},{"damage":9,"enemies":"Hexaghost","floor":16,"turns":8},{"damage":3,"enemies":"Spheric Guardian","floor":18,"turns":4},{"damage":2,"enemies":"2 Thieves","floor":20,"turns":4},{"damage":15,"enemies":"Book of Stabbing","floor":24,"turns":3},{"damage":0,"enemies":"Cultist and Chosen","floor":27,"turns":3},{"damage":10,"enemies":"Gremlin Leader","floor":28,"turns":7},{"damage":1,"enemies":"Book of Stabbing","floor":29,"turns":6},{"damage":14,"enemies":"Slavers","floor":30,"turns":5},{"damage":8,"enemies":"Snake Plant","floor":31,"turns":3},{"damage":20,"enemies":"Automaton","floor":33,"turns":7},{"damage":0,"enemies":"Orb Walker","floor":35,"turns":3},{"damage":6,"enemies":"3 Shapes","floor":37,"turns":1},{"damage":0,"enemies":"Spire Growth","floor":38,"turns":2},{"damage":6,"enemies":"Writhing Mass","floor":39,"turns":2},{"damage":2,"enemies":"Giant Head","floor":41,"turns":7},{"damage":0,"enemies":"Reptomancer","floor":44,"turns":1},{"damage":0,"enemies":"3 Darklings","floor":45,"turns":4},{"damage":0,"enemies":"Jaw Worm Horde","floor":47,"turns":3},{"damage":62,"enemies":"Donu and Deca","floor":50,"turns":8},{"damage":25,"enemies":"Awakened One","floor":51,"turns":4}],"seed_played":"-1655719460312069755","potions_obtained":[{"floor":5,"key":"GhostInAJar"},{"floor":13,"key":"GamblersBrew"},{"floor":14,"key":"SneckoOil"},{"floor":16,"key":"Dexterity Potion"},{"floor":20,"key":"SteroidPotion"},{"floor":28,"key":"Ancient Potion"},{"floor":33,"key":"SkillPotion"},{"floor":38,"key":"SteroidPotion"}],"is_trial":false,"path_per_floor":["M","T","M","?","M","E","?","R","T","R","M","M","E","M","R","B",null,"M","$","M","?","$","R","E","$","T","M","E","E","E","M","R","B",null,"M","$","M","M","M","R","E","R","T","E","M","R","M","$","R","B","B"],"character_chosen":"THE_SILENT","items_purchased":["Bag of Marbles","Backflip","Escape Plan","Pen Nib","Well Laid Plans","Sling"],"campfire_rested":1,"item_purchase_floors":[19,19,22,36,36,48],"current_hp_per_floor":[39,49,46,46,45,42,35,35,35,57,57,57,32,32,32,23,63,60,60,58,52,52,52,37,37,37,43,41,46,40,38,38,26,64,72,72,66,66,64,64,74,74,74,74,76,76,76,76,76,16,0],"gold":18,"neow_bonus":"THREE_RARE_CARDS","is_prod":false,"is_daily":false,"chose_seed":false,"campfire_upgraded":4,"win_rate":0,"timestamp":1561278774,"path_taken":["M","?","?","?","M","E","?","R","T","R","M","M","E","M","R","BOSS","M","$","M","?","?","R","E","?","T","?","E","E","E","M","R","BOSS","M","$","M","M","?","R","E","R","T","E","M","R","M","$","R","BOSS","BOSS"],"build_version":"2019-01-23","purchased_purges":2,"victory":false,"max_hp_per_floor":[66,76,76,76,76,76,76,76,76,76,76,76,76,76,76,76,76,76,76,76,76,76,76,76,76,76,76,76,76,76,76,76,76,76,76,76,76,76,76,76,76,76,76,76,76,76,76,76,76,76,76],"card_choices":[{"not_picked":["Doppelganger","Bullet Time"],"picked":"Storm of Steel","floor":0},{"not_picked":["Underhanded Strike","Bane"],"picked":"Backflip","floor":1},{"not_picked":["Dagger Spray","Masterful Stab"],"picked":"Flying Knee","floor":3},{"not_picked":["Dagger Spray","PiercingWail"],"picked":"Infinite Blades","floor":5},{"not_picked":["Bane","Concentrate","Dagger Throw"],"picked":"SKIP","floor":6},{"not_picked":["Cloak And Dagger","Endless Agony"],"picked":"Skewer","floor":11},{"not_picked":["Dagger Throw","Bane"],"picked":"Accuracy","floor":12},{"not_picked":["Flying Knee","Reflex","Skewer"],"picked":"SKIP","floor":13},{"not_picked":["Expertise","Bane","All Out Attack"],"picked":"SKIP","floor":14},{"not_picked":["Adrenaline","Tools of the Trade"],"picked":"Wraith Form v2","floor":16},{"not_picked":["Masterful Stab","Deflect"],"picked":"Well Laid Plans","floor":18},{"not_picked":["Dodge and Roll","Poisoned Stab","Concentrate"],"picked":"SKIP","floor":20},{"not_picked":["Outmaneuver","Tactician","Reflex"],"picked":"SKIP","floor":24},{"not_picked":["Predator","Flying Knee"],"picked":"Cloak And Dagger","floor":27},{"not_picked":["Flying Knee","Calculated Gamble"],"picked":"PiercingWail","floor":28},{"not_picked":["Sucker Punch+1","Finisher"],"picked":"Dagger Spray+1","floor":29},{"not_picked":["Expertise","Tactician"],"picked":"Acrobatics","floor":30},{"not_picked":["Deflect","Underhanded Strike"],"picked":"Reflex","floor":31},{"not_picked":["Burst","Storm of Steel"],"picked":"Venomology","floor":33},{"not_picked":["Flying Knee","Bane+1","Eviscerate"],"picked":"SKIP","floor":35},{"not_picked":["Prepared","Setup+1","Expertise"],"picked":"SKIP","floor":37},{"not_picked":["Heel Hook","Flying Knee+1"],"picked":"Blade Dance+1","floor":38},{"not_picked":["Poisoned Stab+1","Slice+1"],"picked":"Footwork+1","floor":39},{"not_picked":["Setup+1","Acrobatics","Masterful Stab"],"picked":"SKIP","floor":41},{"not_picked":["Terror","Expertise"],"picked":"Grand Finale","floor":44},{"not_picked":["Well Laid Plans","Underhanded Strike"],"picked":"Backflip","floor":45},{"not_picked":["Deflect","Prepared"],"picked":"Dagger Throw+1","floor":47}],"player_experience":1162392,"relics_obtained":[{"floor":2,"key":"Pear"},{"floor":6,"key":"Anchor"},{"floor":9,"key":"Du-Vu Doll"},{"floor":13,"key":"Ninja Scroll"},{"floor":24,"key":"Bird Faced Urn"},{"floor":26,"key":"Shovel"},{"floor":28,"key":"WingedGreaves"},{"floor":29,"key":"Blue Candle"},{"floor":30,"key":"Tingsha"},{"floor":40,"key":"Mercury Hourglass"},{"floor":41,"key":"Bronze Scales"},{"floor":42,"key":"Orichalcum"},{"floor":44,"key":"Tough Bandages"},{"floor":46,"key":"Paper Crane"}],"event_choices":[{"damage_healed":0,"gold_gain":0,"player_choice":"Grow","damage_taken":0,"max_hp_gain":0,"max_hp_loss":0,"event_name":"Living Wall","floor":4,"gold_loss":0,"cards_upgraded":["Storm of Steel"]},{"cards_removed":["Strike_G"],"damage_healed":0,"gold_gain":0,"player_choice":"Card Removal","damage_taken":7,"max_hp_gain":0,"max_hp_loss":0,"event_name":"Golden Wing","floor":7,"gold_loss":0},{"damage_healed":0,"gold_gain":0,"player_choice":"Joined the Cult","damage_taken":6,"max_hp_gain":0,"max_hp_loss":0,"event_name":"Nest","floor":21,"gold_loss":0,"cards_obtained":["RitualDagger"]}],"is_beta":false,"boss_relics":[{"not_picked":["Eternal Feather","Runic Dome"],"picked":"WristBlade"},{"not_picked":["Orrery","Busted Crown"],"picked":"Fusion Hammer"}],"items_purged_floors":[19,22],"is_endless":false,"potions_floor_spawned":[5,13,14,16,20,27,28,31,33,38,41,47],"killed_by":"Awakened One","ascension_level":20}