{"gold_per_floor":[369,444,458,476,476,177,198,218,244,244,270,270,294,205,205,205],"floor_reached":16,"playtime":759,"items_purged":["Strike_G"],"score":170,"play_id":"f3a68e55-e519-476a-87c0-6ca01d3f0cf1","local_time":"20190120105136","is_ascension_mode":true,"campfire_choices":[{"floor":10,"key":"REST"},{"data":"Footwork","floor":12,"key":"SMITH"},{"data":"Noxious Fumes","floor":15,"key":"SMITH"}],"neow_cost":"TEN_PERCENT_HP_LOSS","seed_source_timestamp":92870180295600,"circlet_count":0,"master_deck":["AscendersBane","Defend_G","Defend_G","Defend_G","Defend_G","Defend_G","Strike_G","Strike_G","Strike_G","Strike_G","Survivor","Neutralize","Quick Slash","Corpse Explosion","Footwork+1","Blur","Deflect","Backflip","Burst","Backflip","Backflip","Noxious Fumes+1"],"relics":["Ring of the Snake","Golden Idol","Oddly Smooth Stone","Odd Mushroom"],"potions_floor_usage":[16,16],"damage_taken":[{"damage":2,"enemies":"Small Slimes","floor":1,"turns":6},{"damage":8,"enemies":"Jaw Worm","floor":3,"turns":5},{"damage":0,"enemies":"2 Louse","floor":4,"turns":2},{"damage":3,"enemies":"Red Slaver","floor":7,"turns":7},{"damage":24,"enemies":"Large Slime","floor":8,"turns":12},{"damage":0,"enemies":"The Mushroom Lair","floor":11,"turns":3},{"damage":4,"enemies":"Exordium Wildlife","floor":13,"turns":4},{"damage":24,"enemies":"Slime Boss","floor":16,"turns":10}],"seed_played":"1283321111922573266","potions_obtained":[{"floor":7,"key":"Weak Potion"},{"floor":8,"key":"Strength Potion"},{"floor":13,"key":"AttackPotion"}],"is_trial":false,"path_per_floor":["M","?","M","M","?","$","M","M","T","R","?","R","M","$","R","B"],"character_chosen":"THE_SILENT","items_purchased":["Footwork","Blur","Deflect","Noxious Fumes"],"campfire_rested":1,"item_purchase_floors":[6,6,6,14],"current_hp_per_floor":[57,46,38,38,38,38,35,11,11,27,27,27,23,23,23,0],"gold":205,"neow_bonus":"TWO_FIFTY_GOLD","is_prod":false,"is_daily":false,"chose_seed":false,"campfire_upgraded":2,"win_rate":0,"timestamp":1547974296,"path_taken":["M","?","M","M","?","$","M","M","T","R","?","R","M","?","R","BOSS"],"build_version":"2019-01-17v2","purchased_purges":1,"victory":false,"max_hp_per_floor":[60,60,60,60,54,54,54,54,54,54,54,54,54,54,54,54],"card_choices":[{"not_picked":["Deflect","Bane"],"picked":"Quick Slash","floor":1},{"not_picked":["Cloak And Dagger","Quick Slash"],"picked":"Corpse Explosion","floor":3},{"not_picked":["Choke","Masterful Stab","Acrobatics"],"picked":"SKIP","floor":4},{"not_picked":["Cloak And Dagger","Deflect"],"picked":"Backflip","floor":7},{"not_picked":["Blade Dance","Poisoned Stab"],"picked":"Burst","floor":8},{"not_picked":["Accuracy","Expertise"],"picked":"Backflip","floor":11},{"not_picked":["PiercingWail","Reflex"],"picked":"Backflip","floor":13}],"player_experience":824899,"relics_obtained":[{"floor":9,"key":"Oddly Smooth Stone"},{"floor":11,"key":"Odd Mushroom"}],"event_choices":[{"damage_healed":0,"gold_gain":75,"player_choice":"Gather Gold","damage_taken":11,"max_hp_gain":0,"max_hp_loss":0,"event_name":"World of Goop","floor":2,"gold_loss":0},{"damage_healed":0,"gold_gain":0,"player_choice":"Lose Max HP","damage_taken":0,"relics_obtained":["Golden Idol"],"max_hp_gain":0,"max_hp_loss":6,"event_name":"Golden Idol","floor":5,"gold_loss":0},{"damage_healed":0,"gold_gain":0,"player_choice":"Fought Mushrooms","damage_taken":0,"max_hp_gain":0,"max_hp_loss":0,"event_name":"Mushrooms","floor":11,"gold_loss":0}],"is_beta":false,"boss_relics":[],"items_purged_floors":[6],"is_endless":false,"potions_floor_spawned":[7,8,13],"killed_by":"Slime Boss","ascension_level":17}