{"gold_per_floor":[111,122,122,132,407,407,299,310,310,310,321,321,331,347,347,447,447,458,469,568,600,613,613,613,528,528,276,276,290,290,290,290,394,394,409,422,422,434,1,19,29,29,53,53,53,275,275,291,291,291],"floor_reached":51,"playtime":23674,"items_purged":["Regret","Regret"],"score":689,"play_id":"0fabe150-bc50-4410-b92a-8c7d17d09d6c","local_time":"20190601064558","is_ascension_mode":false,"campfire_choices":[{"data":"Zap","floor":6,"key":"SMITH"},{"data":"Dualcast","floor":10,"key":"SMITH"},{"data":"Loop","floor":15,"key":"SMITH"},{"data":"Biased Cognition","floor":23,"key":"SMITH"},{"data":"Consume","floor":30,"key":"SMITH"},{"data":"Defragment","floor":32,"key":"SMITH"},{"data":"Fission","floor":42,"key":"SMITH"},{"data":"Buffer","floor":44,"key":"SMITH"},{"data":"Capacitor","floor":47,"key":"SMITH"},{"data":"Seek","floor":49,"key":"SMITH"}],"neow_cost":"TEN_PERCENT_HP_LOSS","seed_source_timestamp":63369889693468,"circlet_count":0,"master_deck":["Defend_B+1","Defend_B+1","Defend_B+1","Zap+1","Dualcast+1","Electrodynamics","Heatsinks","Cold Snap+1","Seek+1","Glacier","Cold Snap","Capacitor+1","Machine Learning","Conserve Battery","Loop+1","Biased Cognition+1","Glacier+1","Hologram+1","Ball Lightning+1","Heatsinks","Consume+1","Loop","Coolheaded","Defragment+1","Fission+1","Coolheaded","Conserve Battery","Barrage","Buffer+1","Glacier","Hologram+1","Coolheaded+1","Parasite","Heatsinks+1"],"relics":["Cracked Core","Pantograph","Cursed Key","Red Mask","Shuriken","Incense Burner","Philosopher\u0027s Stone","Runic Capacitor","Whetstone"],"potions_floor_usage":[50],"damage_taken":[{"damage":0,"enemies":"2 Louse","floor":1,"turns":1},{"damage":0,"enemies":"Cultist","floor":2,"turns":2},{"damage":6,"enemies":"Jaw Worm","floor":4,"turns":3},{"damage":0,"enemies":"Gremlin Gang","floor":8,"turns":2},{"damage":6,"enemies":"3 Louse","floor":11,"turns":2},{"damage":0,"enemies":"Lots of Slimes","floor":13,"turns":1},{"damage":0,"enemies":"Blue Slaver","floor":14,"turns":4},{"damage":18,"enemies":"Hexaghost","floor":16,"turns":15},{"damage":7,"enemies":"Shell Parasite","floor":18,"turns":6},{"damage":3,"enemies":"3 Byrds","floor":19,"turns":2},{"damage":17,"enemies":"Masked Bandits","floor":21,"turns":4},{"damage":1,"enemies":"3 Cultists","floor":22,"turns":3},{"damage":0,"enemies":"Snecko","floor":29,"turns":5},{"damage":2,"enemies":"Automaton","floor":33,"turns":7},{"damage":14,"enemies":"3 Darklings","floor":35,"turns":3},{"damage":0,"enemies":"3 Shapes","floor":36,"turns":5},{"damage":18,"enemies":"Jaw Worm Horde","floor":38,"turns":4},{"damage":0,"enemies":"Maw","floor":40,"turns":6},{"damage":0,"enemies":"Sphere and 2 Shapes","floor":41,"turns":4},{"damage":0,"enemies":"Transient","floor":48,"turns":5},{"damage":0,"enemies":"Donu and Deca","floor":50,"turns":8}],"seed_played":"4454105634644200883","potions_obtained":[{"floor":2,"key":"Block Potion"},{"floor":8,"key":"Energy Potion"},{"floor":16,"key":"Strength Potion"},{"floor":21,"key":"Regen Potion"},{"floor":38,"key":"Regen Potion"}],"is_trial":false,"path_per_floor":["M","M","?","M","?","R","$","M","T","R","M","?","M","M","R","B",null,"M","M","?","?","M","R","?","?","T","$","?","M","R","?","R","B",null,"M","M","?","M","$","M","M","R","T","R","$","?","R","M","R","B",null],"character_chosen":"DEFECT","items_purchased":["Glacier","Consume","Loop","Runic Capacitor","Buffer","Glacier"],"campfire_rested":0,"item_purchase_floors":[7,27,27,39,39,39],"current_hp_per_floor":[68,68,68,62,62,62,62,62,62,62,56,56,56,56,56,50,68,61,58,58,41,40,40,40,40,40,40,40,40,40,40,40,63,68,54,54,54,36,36,36,36,36,36,36,36,36,36,36,36,61],"gold":291,"neow_bonus":"TRANSFORM_TWO_CARDS","is_prod":false,"is_daily":false,"chose_seed":false,"campfire_upgraded":10,"win_rate":0,"timestamp":1559339158,"path_taken":["M","M","?","?","?","R","$","M","T","R","?","?","?","M","R","BOSS","M","M","?","?","M","R","?","?","T","$","?","?","R","?","R","BOSS","M","M","?","M","?","M","?","R","T","R","?","?","R","M","R","BOSS"],"build_version":"2019-01-23","purchased_purges":2,"victory":true,"max_hp_per_floor":[68,68,68,68,68,68,68,68,68,68,68,68,68,68,68,68,68,68,68,68,68,68,68,68,68,68,68,68,68,68,68,68,68,68,68,68,68,68,68,68,68,68,68,68,68,68,68,68,68,68],"card_choices":[{"not_picked":["Compile Driver","Sweeping Beam"],"picked":"Cold Snap","floor":1},{"not_picked":["Force Field","Leap"],"picked":"Redo","floor":2},{"not_picked":["Streamline","Conserve Battery"],"picked":"Seek","floor":4},{"not_picked":["Lockon","Beam Cell"],"picked":"Cold Snap","floor":8},{"not_picked":["Sweeping Beam","Hello World"],"picked":"Capacitor","floor":11},{"not_picked":["Skim","Melter"],"picked":"Conserve Battery","floor":13},{"not_picked":["Cold Snap","Streamline"],"picked":"Loop","floor":14},{"not_picked":["Machine Learning","Amplify"],"picked":"Biased Cognition","floor":16},{"not_picked":["Conserve Battery+1","Melter+1"],"picked":"Glacier+1","floor":18},{"not_picked":["Redo","White Noise"],"picked":"Hologram+1","floor":19},{"not_picked":["Tempest","Compile Driver"],"picked":"Ball Lightning","floor":21},{"not_picked":["Sweeping Beam","Redo"],"picked":"Heatsinks","floor":22},{"not_picked":["Heatsinks","Rebound","Redo"],"picked":"SKIP","floor":29},{"not_picked":["Seek","Meteor Strike"],"picked":"Fission","floor":33},{"not_picked":["Recycle+1","Doom and Gloom+1"],"picked":"Coolheaded","floor":35},{"not_picked":["Sweeping Beam+1","Undo+1"],"picked":"Conserve Battery","floor":36},{"not_picked":["Beam Cell+1","Darkness+1"],"picked":"Barrage","floor":38},{"not_picked":["Recycle+1","Steam Power"],"picked":"Hologram+1","floor":40},{"not_picked":["Hologram+1","Stack+1"],"picked":"Coolheaded+1","floor":41},{"not_picked":["Steam Power+1","Melter+1"],"picked":"Heatsinks+1","floor":48}],"player_experience":927381,"relics_obtained":[{"floor":9,"key":"Pantograph"},{"floor":21,"key":"Red Mask"},{"floor":26,"key":"Incense Burner"},{"floor":43,"key":"Whetstone"}],"event_choices":[{"cards_removed":["Strike_B"],"damage_healed":0,"gold_gain":0,"player_choice":"Purged","damage_taken":0,"max_hp_gain":0,"max_hp_loss":0,"event_name":"Purifier","floor":3,"gold_loss":0},{"damage_healed":0,"gold_gain":275,"player_choice":"Desecrate","damage_taken":0,"max_hp_gain":0,"max_hp_loss":0,"event_name":"Golden Shrine","floor":5,"gold_loss":0,"cards_obtained":["Regret"]},{"damage_healed":0,"gold_gain":0,"cards_transformed":["Defend_B"],"player_choice":"Transformed","damage_taken":0,"max_hp_gain":0,"max_hp_loss":0,"event_name":"Transmorgrifier","floor":12,"gold_loss":0,"cards_obtained":["Machine Learning"]},{"damage_healed":0,"gold_gain":99,"player_choice":"Stole From Cult","damage_taken":0,"max_hp_gain":0,"max_hp_loss":0,"event_name":"Nest","floor":20,"gold_loss":0},{"damage_healed":0,"gold_gain":0,"player_choice":"Fought Bandits","damage_taken":0,"max_hp_gain":0,"max_hp_loss":0,"event_name":"Masked Bandits","floor":21,"gold_loss":0},{"damage_healed":0,"gold_gain":0,"player_choice":"Simplicity","damage_taken":0,"max_hp_gain":0,"max_hp_loss":0,"event_name":"Back to Basics","floor":24,"gold_loss":0,"cards_upgraded":["Strike_B","Defend_B","Defend_B","Defend_B"]},{"damage_healed":0,"gold_gain":0,"player_choice":"Obtained Relic","damage_taken":0,"relics_obtained":["Shuriken"],"max_hp_gain":0,"max_hp_loss":0,"event_name":"Addict","floor":25,"gold_loss":85},{"damage_healed":0,"gold_gain":0,"cards_transformed":["Redo"],"player_choice":"Transformed","damage_taken":0,"max_hp_gain":0,"max_hp_loss":0,"event_name":"Transmorgrifier","floor":28,"gold_loss":0,"cards_obtained":["Coolheaded"]},{"damage_healed":0,"gold_gain":0,"player_choice":"Read","damage_taken":0,"max_hp_gain":0,"max_hp_loss":0,"event_name":"The Library","floor":31,"gold_loss":0,"cards_obtained":["Defragment"]},{"cards_removed":["Strike_B"],"damage_healed":0,"gold_gain":0,"player_choice":"Purged","damage_taken":0,"max_hp_gain":0,"max_hp_loss":0,"event_name":"Purifier","floor":37,"gold_loss":0},{"damage_healed":0,"gold_gain":222,"player_choice":"Wore Mask","damage_taken":0,"max_hp_gain":0,"max_hp_loss":0,"event_name":"Tomb of Lord Red Mask","floor":46,"gold_loss":0}],"is_beta":false,"boss_relics":[{"not_picked":["Coffee Dripper","Orrery"],"picked":"Cursed Key"},{"not_picked":["Snecko Eye","Runic Pyramid"],"picked":"Philosopher\u0027s Stone"}],"items_purged_floors":[7,27],"is_endless":false,"potions_floor_spawned":[2,8,16,21,29,35,38,41],"ascension_level":0}