{"gold_per_floor":[118,13,13,13,24,55,55,85,85,85,105,121,121,154,154,154],"floor_reached":16,"playtime":483,"items_purged":[],"score":236,"play_id":"1717207f-d37b-4ce3-82eb-09608ab46e13","local_time":"20190625102144","is_ascension_mode":true,"campfire_choices":[{"floor":7,"key":"REST"},{"floor":10,"key":"REST"},{"data":"Coolheaded","floor":15,"key":"SMITH"}],"neow_cost":"NONE","seed_source_timestamp":1041132178140400,"circlet_count":0,"master_deck":["AscendersBane","Strike_B","Strike_B","Strike_B","Strike_B","Defend_B","Defend_B","Defend_B","Defend_B","Zap","Dualcast","Ball Lightning","Self Repair","Coolheaded","Coolheaded+1","Conserve Battery","Darkness","Gash","Core Surge","Skim"],"special_seed":0,"relics":["Cracked Core","Cables","Mercury Hourglass","Ornamental Fan","Golden Idol","Potion Belt"],"potions_floor_usage":[],"damage_taken":[{"damage":6.0,"enemies":"Cultist","floor":1.0,"turns":3.0},{"damage":5,"enemies":"Jaw Worm","floor":5,"turns":3},{"damage":50,"enemies":"3 Sentries","floor":6,"turns":8},{"damage":32,"enemies":"Gremlin Nob","floor":8,"turns":4},{"damage":8,"enemies":"Small Slimes","floor":11,"turns":3},{"damage":10,"enemies":"Red Slaver","floor":12,"turns":3},{"damage":17,"enemies":"Lagavulin","floor":14,"turns":4},{"damage":34,"enemies":"Slime Boss","floor":16,"turns":6}],"seed_played":"-7805081420179395083","potions_obtained":[{"floor":5,"key":"SkillPotion"},{"floor":12,"key":"LiquidBronze"}],"is_trial":false,"path_per_floor":["M","$","?","$","M","E","R","E","T","R","M","M","?","E","R","B"],"character_chosen":"DEFECT","items_purchased":["Self Repair","Coolheaded"],"campfire_rested":2,"item_purchase_floors":[2,2],"current_hp_per_floor":[65,65,65,65,67,24,47,22,22,45,44,34,34,24,24,0],"gold":154,"neow_bonus":"TEN_PERCENT_HP_BONUS","is_prod":false,"is_daily":false,"chose_seed":false,"campfire_upgraded":1,"win_rate":0,"timestamp":1561447304,"path_taken":["M","?","?","$","M","E","R","E","T","R","?","M","?","E","R","BOSS"],"build_version":"2019-01-23","purchased_purges":0,"victory":false,"max_hp_per_floor":[78,78,78,78,78,78,78,78,78,78,78,78,71,71,71,71],"card_choices":[{"not_picked":["Go for the Eyes","Turbo"],"picked":"Ball Lightning","floor":1.0},{"not_picked":["Gash","Compile Driver"],"picked":"Coolheaded","floor":5},{"not_picked":["Meteor Strike","Redo"],"picked":"Conserve Battery","floor":6},{"not_picked":["Sweeping Beam","Redo"],"picked":"Darkness","floor":8},{"not_picked":["Sweeping Beam","Redo"],"picked":"Gash","floor":11},{"not_picked":["Undo","Streamline"],"picked":"Core Surge","floor":12},{"not_picked":["Blizzard","Sweeping Beam"],"picked":"Skim","floor":14}],"player_experience":1178000,"relics_obtained":[{"floor":6,"key":"Cables"},{"floor":8,"key":"Mercury Hourglass"},{"floor":9,"key":"Ornamental Fan"},{"floor":14,"key":"Potion Belt"}],"event_choices":[{"damage_healed":0.0,"max_hp_gain":0.0,"max_hp_loss":0.0,"gold_gain":0.0,"event_name":"The Cleric","player_choice":"Leave","floor":3.0,"gold_loss":0.0,"damage_taken":0.0},{"damage_healed":0,"gold_gain":0,"player_choice":"Lose Max HP","damage_taken":0,"relics_obtained":["Golden Idol"],"max_hp_gain":0,"max_hp_loss":7,"event_name":"Golden Idol","floor":13,"gold_loss":0}],"is_beta":false,"boss_relics":[],"items_purged_floors":[],"is_endless":false,"potions_floor_spawned":[5,12],"killed_by":"Slime Boss","ascension_level":20}