{"gold_per_floor":[118,118,83,83,97,97,128,228,228,228,66,83,83,2,2,2],"floor_reached":16,"playtime":404,"items_purged":["Strike_G"],"score":192,"play_id":"fc3f5a8c-b3b7-48f8-8b9d-2fbdbff2e48f","local_time":"20190623165208","is_ascension_mode":true,"campfire_choices":[{"floor":6,"key":"REST"},{"data":"Noxious Fumes","floor":10,"key":"SMITH"},{"data":"Crippling Poison","floor":15,"key":"SMITH"}],"neow_cost":"NONE","seed_source_timestamp":891841120226300,"circlet_count":0,"master_deck":["AscendersBane","Defend_G","Defend_G","Defend_G","Defend_G","Defend_G","Strike_G","Strike_G+1","Strike_G","Survivor","Neutralize","Burst+1","Noxious Fumes+1","Dagger Spray","Leg Sweep","Escape Plan","Deadly Poison","Crippling Poison+1"],"relics":["Ring of the Snake","Turnip","Vajra","Unceasing Top","Ancient Tea Set"],"potions_floor_usage":[7],"damage_taken":[{"damage":20,"enemies":"Jaw Worm","floor":1,"turns":9},{"damage":0,"enemies":"Small Slimes","floor":5,"turns":4},{"damage":8,"enemies":"Gremlin Nob","floor":7,"turns":3},{"damage":0,"enemies":"Cultist","floor":12,"turns":5},{"damage":27,"enemies":"The Guardian","floor":16,"turns":2}],"seed_played":"-1770226285389751520","potions_obtained":[{"floor":1,"key":"SkillPotion"},{"floor":12,"key":"Ancient Potion"}],"is_trial":false,"path_per_floor":["M","?","?","?","M","R","E","?","T","R","$","M","T","$","R","B"],"character_chosen":"THE_SILENT","items_purchased":["Escape Plan","Crippling Poison"],"campfire_rested":1,"item_purchase_floors":[11,14],"current_hp_per_floor":[39,19,35,9,9,28,20,20,20,20,20,20,20,20,20,0],"gold":2,"neow_bonus":"TRANSFORM_CARD","is_prod":false,"is_daily":false,"chose_seed":false,"campfire_upgraded":2,"win_rate":0,"timestamp":1561297928,"path_taken":["M","?","?","?","M","R","E","?","T","R","$","?","?","?","R","BOSS"],"build_version":"2019-01-23","purchased_purges":1,"victory":false,"max_hp_per_floor":[66,66,66,66,66,66,66,66,66,66,66,66,66,66,66,66],"card_choices":[{"not_picked":["Prepared","PiercingWail"],"picked":"Noxious Fumes","floor":1},{"not_picked":["Underhanded Strike","Deflect"],"picked":"Dagger Spray","floor":5},{"not_picked":["Dagger Spray","Calculated Gamble"],"picked":"Leg Sweep","floor":7},{"not_picked":["Riddle With Holes","Dagger Spray"],"picked":"Deadly Poison","floor":12}],"player_experience":1167496,"relics_obtained":[{"floor":7,"key":"Vajra"},{"floor":9,"key":"Unceasing Top"},{"floor":13,"key":"Ancient Tea Set"}],"event_choices":[{"damage_healed":0,"gold_gain":0,"player_choice":"Entered Light","damage_taken":20,"max_hp_gain":0,"max_hp_loss":0,"event_name":"Shining Light","floor":2,"gold_loss":0,"cards_upgraded":["Strike_G","Burst"]},{"damage_healed":16,"gold_gain":0,"player_choice":"Healed","damage_taken":0,"max_hp_gain":0,"max_hp_loss":0,"event_name":"The Cleric","floor":3,"gold_loss":35},{"damage_healed":0,"gold_gain":0,"player_choice":"Success","damage_taken":26,"relics_obtained":["Turnip"],"max_hp_gain":0,"max_hp_loss":0,"event_name":"Scrap Ooze","floor":4,"gold_loss":0},{"damage_healed":0,"gold_gain":100,"player_choice":"Gold","damage_taken":0,"max_hp_gain":0,"max_hp_loss":0,"event_name":"Wheel of Change","floor":8,"gold_loss":0}],"is_beta":false,"boss_relics":[],"items_purged_floors":[11],"is_endless":false,"potions_floor_spawned":[1,12],"killed_by":"The Guardian","ascension_level":20}