{"gold_per_floor":[119,138,138,154,104,104,120,120,120,130,130,18,100,113,113,208,208,224,244,343,358,371,371,406,406,430,345,357,357,357,89,89,190,190,204,13,61,61,61,61,61,61,88,105,105,122,122,142,142,142],"floor_reached":51,"playtime":1563,"items_purged":["Regret","Defend_B"],"score":680,"play_id":"02c5c7ed-5671-4b7f-b45a-a9f4567a7c9a","local_time":"20190611023207","is_ascension_mode":false,"campfire_choices":[{"data":"Dualcast","floor":6,"key":"SMITH"},{"data":"Static Discharge","floor":8,"key":"SMITH"},{"data":"Strike_B","floor":15,"key":"PURGE"},{"data":"Strike_B","floor":23,"key":"PURGE"},{"data":"Strike_B","floor":25,"key":"PURGE"},{"data":"Consume","floor":29,"key":"SMITH"},{"data":"Apotheosis","floor":32,"key":"SMITH"},{"data":"Defend_B","floor":40,"key":"PURGE"},{"data":"Madness","floor":42,"key":"SMITH"},{"data":"Defend_B","floor":45,"key":"PURGE"},{"data":"Defend_B","floor":47,"key":"PURGE"},{"floor":49,"key":"REST"}],"neow_cost":"NONE","seed_source_timestamp":934019947961885,"circlet_count":0,"master_deck":["Zap+1","Dualcast+1","Coolheaded","Gash+1","Static Discharge+1","Go for the Eyes+1","Redo","Consume+1","Gash","All For One","Go for the Eyes","Auto Shields","Glacier+1","Ghostly","Ghostly","Ghostly","Ghostly","Ghostly","Apotheosis+1","Echo Form","Capacitor","Scrape","Flash of Steel","Madness+1","Madness","All For One","Hologram+1","Gash"],"relics":["Cracked Core","Girya","Du-Vu Doll","Peace Pipe","Mercury Hourglass","Busted Crown","Turnip","Whetstone","Anchor","Sozu","Gambling Chip","PreservedInsect"],"potions_floor_usage":[24,37,37],"damage_taken":[{"damage":0,"enemies":"2 Louse","floor":1,"turns":2},{"damage":6,"enemies":"Jaw Worm","floor":2,"turns":3},{"damage":0,"enemies":"Small Slimes","floor":4,"turns":3},{"damage":1,"enemies":"2 Fungi Beasts","floor":7,"turns":3},{"damage":0,"enemies":"Blue Slaver","floor":10,"turns":3},{"damage":13,"enemies":"Red Slaver","floor":14,"turns":2},{"damage":26,"enemies":"Hexaghost","floor":16,"turns":4},{"damage":1,"enemies":"Spheric Guardian","floor":18,"turns":3},{"damage":0,"enemies":"Chosen","floor":19,"turns":3},{"damage":10,"enemies":"Snake Plant","floor":21,"turns":3},{"damage":13,"enemies":"Centurion and Healer","floor":22,"turns":6},{"damage":22,"enemies":"Slavers","floor":24,"turns":4},{"damage":14,"enemies":"Sentry and Sphere","floor":28,"turns":3},{"damage":13,"enemies":"Collector","floor":33,"turns":10},{"damage":0,"enemies":"Orb Walker","floor":35,"turns":5},{"damage":15,"enemies":"2 Orb Walkers","floor":37,"turns":7},{"damage":0,"enemies":"3 Darklings","floor":44,"turns":6},{"damage":4,"enemies":"4 Shapes","floor":46,"turns":8},{"damage":1,"enemies":"Jaw Worm Horde","floor":48,"turns":3},{"damage":4,"enemies":"Donu and Deca","floor":50,"turns":7}],"seed_played":"7104216180160544184","potions_obtained":[{"floor":2,"key":"FairyPotion"},{"floor":7,"key":"Explosive Potion"},{"floor":14,"key":"GamblersBrew"},{"floor":18,"key":"Swift Potion"},{"floor":24,"key":"Weak Potion"}],"is_trial":false,"path_per_floor":["M","M","?","M","?","R","M","R","T","M","?","$","T","M","R","B",null,"M","M","?","M","M","R","E","R","T","?","M","R","?","$","R","B",null,"M","$","?","?","?","R","?","R","T","M","R","M","R","M","R","B",null],"character_chosen":"DEFECT","items_purchased":["Consume","Apotheosis","Capacitor","Scrape","Flash of Steel"],"campfire_rested":1,"item_purchase_floors":[12,31,36,36,36],"current_hp_per_floor":[75,69,57,57,57,57,56,56,56,56,56,56,56,43,43,17,75,74,74,74,64,51,51,29,29,29,29,15,15,15,15,15,2,37,37,37,22,22,17,17,17,17,17,17,17,13,13,12,23,19],"gold":142,"neow_bonus":"UPGRADE_CARD","is_prod":false,"is_daily":false,"chose_seed":false,"campfire_upgraded":5,"win_rate":0,"timestamp":1560187927,"path_taken":["M","M","?","M","?","R","M","R","T","M","?","$","?","?","R","BOSS","M","M","?","M","M","R","E","R","T","?","M","R","?","$","R","BOSS","M","$","?","?","?","R","?","R","T","?","R","M","R","M","R","BOSS"],"build_version":"2019-01-23","purchased_purges":2,"victory":true,"max_hp_per_floor":[75,75,75,75,75,75,75,75,75,75,75,75,75,75,75,75,75,75,75,75,75,75,75,75,75,75,75,75,75,37,37,37,37,37,37,37,37,37,37,37,37,37,37,37,37,37,37,37,37,37],"card_choices":[{"not_picked":["Go for the Eyes","Rebound"],"picked":"Coolheaded","floor":1},{"not_picked":["Steam","Melter"],"picked":"Gash","floor":2},{"not_picked":["Steam","Auto Shields"],"picked":"Static Discharge","floor":4},{"not_picked":["Cold Snap","Force Field"],"picked":"Go for the Eyes","floor":7},{"not_picked":["Doom and Gloom","Melter"],"picked":"Redo","floor":10},{"not_picked":["Fusion","Turbo"],"picked":"Gash","floor":14},{"not_picked":["Buffer","Electrodynamics"],"picked":"All For One","floor":16},{"not_picked":["Ball Lightning+1"],"picked":"SKIP","floor":18},{"not_picked":[],"picked":"Go for the Eyes","floor":19},{"not_picked":["Leap"],"picked":"SKIP","floor":21},{"not_picked":[],"picked":"Turbo+1","floor":22},{"not_picked":[],"picked":"Auto Shields","floor":24},{"not_picked":[],"picked":"Glacier+1","floor":28},{"not_picked":[],"picked":"Echo Form","floor":33},{"not_picked":["Leap"],"picked":"SKIP","floor":35},{"not_picked":[],"picked":"Hologram+1","floor":44},{"not_picked":["Barrage"],"picked":"SKIP","floor":46},{"not_picked":[],"picked":"Gash","floor":48}],"player_experience":1017403,"relics_obtained":[{"floor":9,"key":"Du-Vu Doll"},{"floor":13,"key":"Mercury Hourglass"},{"floor":24,"key":"Turnip"},{"floor":26,"key":"Whetstone"},{"floor":37,"key":"Gambling Chip"},{"floor":43,"key":"PreservedInsect"}],"event_choices":[{"damage_healed":0,"gold_gain":0,"player_choice":"Success","damage_taken":12,"relics_obtained":["Girya"],"max_hp_gain":0,"max_hp_loss":0,"event_name":"Scrap Ooze","floor":3,"gold_loss":0},{"cards_removed":["Strike_B"],"damage_healed":0,"gold_gain":0,"player_choice":"Card Removal","damage_taken":0,"max_hp_gain":0,"max_hp_loss":0,"event_name":"The Cleric","floor":5,"gold_loss":50},{"damage_healed":0,"gold_gain":0,"player_choice":"Box","damage_taken":0,"relics_obtained":["Peace Pipe"],"max_hp_gain":0,"max_hp_loss":0,"event_name":"Big Fish","floor":11,"gold_loss":0,"cards_obtained":["Regret"]},{"damage_healed":0,"gold_gain":99,"player_choice":"Stole From Cult","damage_taken":0,"max_hp_gain":0,"max_hp_loss":0,"event_name":"Nest","floor":20,"gold_loss":0},{"damage_healed":0,"gold_gain":0,"player_choice":"Obtained Relic","damage_taken":0,"relics_obtained":["Anchor"],"max_hp_gain":0,"max_hp_loss":0,"event_name":"Addict","floor":27,"gold_loss":85},{"damage_healed":0,"gold_gain":0,"player_choice":"Became a Ghost","damage_taken":0,"max_hp_gain":0,"max_hp_loss":38,"event_name":"Ghosts","floor":30,"gold_loss":0,"cards_obtained":["Ghostly","Ghostly","Ghostly","Ghostly","Ghostly"]},{"damage_healed":0,"gold_gain":0,"player_choice":"Fight","damage_taken":0,"max_hp_gain":0,"max_hp_loss":0,"event_name":"Mysterious Sphere","floor":37,"gold_loss":0},{"cards_removed":["Turbo"],"damage_healed":0,"gold_gain":0,"player_choice":"Removed Skill","damage_taken":0,"max_hp_gain":0,"max_hp_loss":0,"event_name":"Falling","floor":38,"gold_loss":0},{"damage_healed":0,"gold_gain":0,"player_choice":"Embrace Madness","damage_taken":5,"max_hp_gain":0,"max_hp_loss":0,"event_name":"Winding Halls","floor":39,"gold_loss":0,"cards_obtained":["Madness","Madness"]},{"damage_healed":0,"gold_gain":0,"player_choice":"Copied","damage_taken":0,"max_hp_gain":0,"max_hp_loss":0,"event_name":"Duplicator","floor":41,"gold_loss":0,"cards_obtained":["All For One"]}],"is_beta":false,"boss_relics":[{"not_picked":["Snecko Eye","Runic Pyramid"],"picked":"Busted Crown"},{"not_picked":["Runic Dome","Velvet Choker"],"picked":"Sozu"}],"items_purged_floors":[12,31],"is_endless":false,"potions_floor_spawned":[2,7,14,18,21,24,48],"ascension_level":0}