{"gold_per_floor":[216,232,82,82,100,100,116,116,165,165,182,200,200],"floor_reached":13,"playtime":428,"items_purged":["Strike_B"],"score":142,"play_id":"b9af174e-4344-4b17-9bcd-0eb27366fc90","local_time":"20190103100105","is_ascension_mode":true,"campfire_choices":[{"data":"Defragment","floor":6,"key":"SMITH"},{"data":"Zap","floor":8,"key":"SMITH"},{"data":"Hologram","floor":10,"key":"SMITH"}],"neow_cost":"NONE","seed_source_timestamp":1443681484307672,"circlet_count":0,"master_deck":["AscendersBane","Strike_B","Strike_B","Strike_B","Defend_B","Defend_B","Defend_B","Defend_B","Zap+1","Dualcast","Melter","Conserve Battery","Capacitor","Defragment+1","Hologram+1","Auto Shields","FTL"],"relics":["Cracked Core","Potion Belt"],"potions_floor_usage":[7,7,12,12],"damage_taken":[{"damage":10,"enemies":"Small Slimes","floor":1,"turns":3},{"damage":1,"enemies":"Cultist","floor":2,"turns":3},{"damage":3,"enemies":"2 Louse","floor":5,"turns":3},{"damage":17,"enemies":"Exordium Thugs","floor":7,"turns":5},{"damage":22,"enemies":"Gremlin Gang","floor":11,"turns":5},{"damage":14,"enemies":"Large Slime","floor":12,"turns":5},{"damage":3,"enemies":"Blue Slaver","floor":13,"turns":2}],"seed_played":"3937588569734942584","potions_obtained":[{"floor":1,"key":"Fruit Juice"},{"floor":4,"key":"EntropicBrew"}],"is_trial":false,"path_per_floor":["M","M","$","?","M","R","M","R","T","R","M","M","M"],"character_chosen":"DEFECT","items_purchased":["Capacitor"],"campfire_rested":0,"item_purchase_floors":[3],"current_hp_per_floor":[54,53,53,53,50,50,38,38,38,38,16,2,0],"gold":200,"neow_bonus":"HUNDRED_GOLD","is_prod":false,"is_daily":false,"chose_seed":false,"campfire_upgraded":3,"win_rate":0,"timestamp":1546477265,"path_taken":["M","M","$","?","M","R","M","R","T","R","M","M","?"],"build_version":"2018-12-20","purchased_purges":1,"victory":false,"max_hp_per_floor":[71,71,71,71,71,71,76,76,76,76,76,76,76],"card_choices":[{"not_picked":["Rebound","Gash"],"picked":"Melter","floor":1},{"not_picked":["Sweeping Beam","Aggregate"],"picked":"Conserve Battery","floor":2},{"not_picked":["Steam","Undo"],"picked":"Defragment","floor":5},{"not_picked":["Doom and Gloom","Scrape"],"picked":"Hologram","floor":7},{"not_picked":["Stack","Capacitor"],"picked":"Auto Shields","floor":11},{"not_picked":["Compile Driver","Hologram"],"picked":"FTL","floor":12}],"player_experience":724574,"relics_obtained":[{"floor":9,"key":"Potion Belt"}],"event_choices":[{"damage_healed":0,"gold_gain":0,"player_choice":"Got Potions","damage_taken":0,"max_hp_gain":0,"max_hp_loss":0,"event_name":"Lab","floor":4,"gold_loss":0}],"is_beta":false,"boss_relics":[],"items_purged_floors":[3],"is_endless":false,"potions_floor_spawned":[1,5,7],"killed_by":"Blue Slaver","ascension_level":17}