{"gold_per_floor":[114,5,20,20,36,36,80,80,132,146,146,146,146,166,166,296,296,321,321,321,86,186,186,219,219,264,264,264,264,284,103,103,103],"floor_reached":33,"playtime":1046,"items_purged":["Strike_B","Strike_B"],"score":259,"play_id":"2c2c50c4-4d5d-4a1d-8c02-43ecbacf699e","local_time":"20190612221321","is_ascension_mode":false,"campfire_choices":[{"data":"Genetic Algorithm","floor":6,"key":"SMITH"},{"data":"Zap","floor":8,"key":"SMITH"},{"data":"Dualcast","floor":11,"key":"SMITH"},{"data":"Capacitor","floor":13,"key":"SMITH"},{"data":"Rainbow","floor":15,"key":"SMITH"},{"data":"Consume","floor":23,"key":"SMITH"},{"data":"Hologram","floor":25,"key":"SMITH"},{"data":"Machine Learning","floor":27,"key":"SMITH"},{"data":"Chill","floor":29,"key":"SMITH"},{"data":"Defragment","floor":32,"key":"SMITH"}],"neow_cost":"NONE","seed_source_timestamp":1091813600344236,"circlet_count":0,"master_deck":["Strike_B","Defend_B","Defend_B","Defend_B","Defend_B","Zap+1","Dualcast+1","Genetic Algorithm+1","Chill+1","Hologram+1","Capacitor+1","Rainbow+1","Go for the Eyes","Biased Cognition+1","Hologram+1","Consume+1","Machine Learning+1","Melter","Heatsinks","Rainbow","Defragment+1"],"relics":["Cracked Core","NeowsBlessing","Bloody Idol","Oddly Smooth Stone","Ancient Tea Set","Juzu Bracelet","Velvet Choker","Dead Branch","Darkstone Periapt","Dodecahedron","Omamori"],"potions_floor_usage":[7,16,22,22],"damage_taken":[{"damage":0,"enemies":"2 Louse","floor":1,"turns":1},{"damage":0,"enemies":"Jaw Worm","floor":3,"turns":1},{"damage":0,"enemies":"Cultist","floor":5,"turns":1},{"damage":8,"enemies":"3 Sentries","floor":7,"turns":9},{"damage":13,"enemies":"Large Slime","floor":10,"turns":6},{"damage":0,"enemies":"3 Louse","floor":14,"turns":3},{"damage":22,"enemies":"Slime Boss","floor":16,"turns":12},{"damage":0,"enemies":"Spheric Guardian","floor":18,"turns":3},{"damage":4,"enemies":"Colosseum Slavers","floor":22,"turns":3},{"damage":33,"enemies":"Colosseum Nobs","floor":22,"turns":5},{"damage":28,"enemies":"Slavers","floor":24,"turns":5},{"damage":0,"enemies":"Shell Parasite","floor":30,"turns":6},{"damage":54,"enemies":"Automaton","floor":33,"turns":6}],"seed_played":"-6141753408020816817","potions_obtained":[{"floor":1,"key":"Explosive Potion"},{"floor":7,"key":"Poison Potion"},{"floor":10,"key":"Energy Potion"},{"floor":18,"key":"Explosive Potion"}],"is_trial":false,"path_per_floor":["M","$","M","?","M","R","E","R","T","M","R","?","R","M","R","B",null,"M","?","?","$","?","R","E","R","T","R","?","R","M","$","R","B"],"character_chosen":"DEFECT","items_purchased":["Chill","Consume","Machine Learning","Defragment"],"campfire_rested":0,"item_purchase_floors":[2,21,21,31],"current_hp_per_floor":[75,75,75,57,57,57,49,49,49,36,36,29,29,29,29,7,75,75,75,75,75,43,43,20,20,25,25,25,25,30,30,30,0],"gold":103,"neow_bonus":"THREE_ENEMY_KILL","is_prod":false,"is_daily":false,"chose_seed":false,"campfire_upgraded":10,"win_rate":0,"timestamp":1560345201,"path_taken":["M","$","M","?","M","R","E","R","T","M","R","?","R","M","R","BOSS","M","?","?","$","?","R","E","R","T","R","?","R","M","$","R","BOSS"],"build_version":"2019-01-23","purchased_purges":2,"victory":false,"max_hp_per_floor":[75,75,75,75,75,75,75,75,75,75,75,75,75,75,75,75,75,75,75,75,75,75,75,75,75,75,75,75,75,75,75,75,75],"card_choices":[{"not_picked":["Go for the Eyes","Redo"],"picked":"Genetic Algorithm","floor":1},{"not_picked":["Streamline","Darkness"],"picked":"Hologram","floor":3},{"not_picked":["Auto Shields","Hologram"],"picked":"Capacitor","floor":5},{"not_picked":["Blizzard","White Noise"],"picked":"Rainbow","floor":7},{"not_picked":["Force Field","Aggregate"],"picked":"Go for the Eyes","floor":10},{"not_picked":["Compile Driver","Leap","Reprogram"],"picked":"SKIP","floor":14},{"not_picked":["Electrodynamics","Thunder Strike"],"picked":"Biased Cognition","floor":16},{"not_picked":["Reinforced Body","Auto Shields+1"],"picked":"Hologram+1","floor":18},{"not_picked":["Sweeping Beam","Leap"],"picked":"Melter","floor":22},{"not_picked":["Rebound","Barrage+1"],"picked":"Heatsinks","floor":24},{"not_picked":["Coolheaded","Beam Cell"],"picked":"Rainbow","floor":30}],"player_experience":1043945,"relics_obtained":[{"floor":7,"key":"Oddly Smooth Stone"},{"floor":9,"key":"Ancient Tea Set"},{"floor":22,"key":"Dead Branch"},{"floor":22,"key":"Darkstone Periapt"},{"floor":24,"key":"Dodecahedron"},{"floor":26,"key":"Omamori"}],"event_choices":[{"damage_healed":0,"gold_gain":0,"player_choice":"Take Damage","damage_taken":18,"relics_obtained":["Golden Idol"],"max_hp_gain":0,"max_hp_loss":0,"event_name":"Golden Idol","floor":4,"gold_loss":0},{"damage_healed":0,"gold_gain":0,"player_choice":"Success","damage_taken":7,"relics_obtained":["Juzu Bracelet"],"max_hp_gain":0,"max_hp_loss":0,"event_name":"Scrap Ooze","floor":12,"gold_loss":0},{"damage_healed":0,"gold_gain":0,"player_choice":"Upgraded","damage_taken":0,"max_hp_gain":0,"max_hp_loss":0,"event_name":"Upgrade Shrine","floor":19,"gold_loss":0,"cards_upgraded":["Biased Cognition"]},{"damage_healed":0,"gold_gain":0,"player_choice":"Gave Idol","damage_taken":0,"relics_obtained":["Bloody Idol"],"max_hp_gain":0,"max_hp_loss":0,"event_name":"Forgotten Altar","floor":20,"relics_lost":["Golden Idol"],"gold_loss":0},{"damage_healed":0,"gold_gain":0,"player_choice":"Fight","damage_taken":0,"max_hp_gain":0,"max_hp_loss":0,"event_name":"Colosseum","floor":22,"gold_loss":0},{"damage_healed":0,"gold_gain":0,"player_choice":"Fought Nobs","damage_taken":0,"max_hp_gain":0,"max_hp_loss":0,"event_name":"Colosseum","floor":22,"gold_loss":0},{"cards_removed":["Strike_B"],"damage_healed":0,"gold_gain":0,"player_choice":"Elegance","damage_taken":0,"max_hp_gain":0,"max_hp_loss":0,"event_name":"Back to Basics","floor":28,"gold_loss":0}],"is_beta":false,"boss_relics":[{"not_picked":["Fusion Hammer","Eternal Feather"],"picked":"Velvet Choker"}],"items_purged_floors":[2,31],"is_endless":false,"potions_floor_spawned":[1,7,10,18,22],"killed_by":"Automaton","ascension_level":0}