{"gold_per_floor":[109,109,109,128,144,144,155,155,181,196,156,171,171,18,18,93,93,108,0],"floor_reached":19,"playtime":564,"items_purged":["Strike_B"],"score":387,"play_id":"a1e6e4fc-9be8-47c3-83fc-bc7611092eaf","local_time":"20190103095345","is_ascension_mode":true,"campfire_choices":[{"data":"Consume","floor":6,"key":"SMITH"},{"data":"Hologram","floor":8,"key":"SMITH"},{"data":"Loop","floor":13,"key":"SMITH"},{"data":"Dualcast","floor":15,"key":"SMITH"}],"neow_cost":"NONE","seed_source_timestamp":1443103968094345,"circlet_count":0,"master_deck":["AscendersBane","Strike_B","Strike_B","Defend_B","Defend_B","Defend_B","Defend_B","Zap+1","Dualcast+1","Consume+1","Hologram+1","All For One","FTL","Loop+1","Capacitor","Rainbow"],"relics":["Cracked Core","NeowsBlessing","Happy Flower","Nuclear Battery"],"potions_floor_usage":[16],"damage_taken":[{"damage":0,"enemies":"Jaw Worm","floor":1,"turns":1},{"damage":0,"enemies":"2 Louse","floor":4,"turns":1},{"damage":0,"enemies":"Cultist","floor":5,"turns":1},{"damage":13,"enemies":"3 Louse","floor":7,"turns":4},{"damage":2,"enemies":"Exordium Wildlife","floor":10,"turns":3},{"damage":18,"enemies":"Large Slime","floor":12,"turns":4},{"damage":0,"enemies":"Slime Boss","floor":16,"turns":6},{"damage":20,"enemies":"Chosen","floor":18,"turns":4},{"damage":46,"enemies":"2 Thieves","floor":19,"turns":3}],"seed_played":"-4229811784257072701","potions_obtained":[{"floor":1,"key":"Dexterity Potion"},{"floor":5,"key":"PowerPotion"}],"is_trial":false,"path_per_floor":["M","?","?","M","M","R","M","R","T","M","$","M","R","$","R","B",null,"M","M"],"character_chosen":"DEFECT","items_purchased":["FTL","Capacitor"],"campfire_rested":0,"item_purchase_floors":[11,14],"current_hp_per_floor":[64,57,57,57,57,57,44,44,44,42,42,24,24,24,24,24,59,39,0],"gold":0,"neow_bonus":"THREE_ENEMY_KILL","is_prod":false,"is_daily":false,"chose_seed":false,"campfire_upgraded":4,"win_rate":0,"timestamp":1546476825,"path_taken":["M","?","?","?","M","R","M","R","T","M","$","M","R","$","R","BOSS","M","M"],"build_version":"2018-12-20","purchased_purges":1,"victory":false,"max_hp_per_floor":[71,71,71,71,71,71,71,71,71,71,71,71,71,71,71,71,71,71,71],"card_choices":[{"not_picked":["Recycle","Lockon","Chaos"],"picked":"SKIP","floor":1},{"not_picked":["Redo","Gash"],"picked":"Consume","floor":4},{"not_picked":["Fusion","Sweeping Beam","Redo"],"picked":"SKIP","floor":5},{"not_picked":["Gash","Beam Cell"],"picked":"Hologram","floor":7},{"not_picked":["Coolheaded","Darkness"],"picked":"All For One","floor":10},{"not_picked":["Storm","Leap"],"picked":"Loop","floor":12},{"not_picked":["Meteor Strike","Hyperbeam"],"picked":"Rainbow","floor":16},{"not_picked":["Consume+1","Sweeping Beam","Gash"],"picked":"SKIP","floor":18}],"player_experience":724010,"relics_obtained":[{"floor":9,"key":"Happy Flower"}],"event_choices":[{"cards_removed":["Strike_B"],"damage_healed":0,"gold_gain":0,"player_choice":"Card Removal","damage_taken":7,"max_hp_gain":0,"max_hp_loss":0,"event_name":"Golden Wing","floor":2,"gold_loss":0},{"damage_healed":0,"gold_gain":0,"player_choice":"Upgraded","damage_taken":0,"max_hp_gain":0,"max_hp_loss":0,"event_name":"Upgrade Shrine","floor":3,"gold_loss":0,"cards_upgraded":["Zap"]}],"is_beta":false,"boss_relics":[{"not_picked":["White Beast Statue","Runic Dome"],"picked":"Nuclear Battery"}],"items_purged_floors":[14],"is_endless":false,"potions_floor_spawned":[1,5,10,12],"killed_by":"2 Thieves","ascension_level":17}