{"gold_per_floor":[109,59,76,76,91,91,166,87,113,113,77,96,96,50,50,152,152,170,170,180,193,292,292,292,292,292,292,302,302,54,67,67,169,169,188,113,123,23,34,34,54,54,102,132,144,256,286,323,335,347],"floor_reached":51,"playtime":3415,"items_purged":["Strike_R","Strike_R"],"score":759,"play_id":"11b31ea2-007d-4ef2-b8f6-78f788101a73","local_time":"20190409180259","is_ascension_mode":true,"campfire_choices":[{"data":"Warcry","floor":6.0,"key":"SMITH"},{"data":"Fire Breathing","floor":10.0,"key":"SMITH"},{"data":"Anger","floor":15.0,"key":"SMITH"},{"floor":23.0,"key":"REST"},{"data":"Intimidate","floor":25.0,"key":"SMITH"},{"data":"Flex","floor":29.0,"key":"SMITH"},{"floor":32.0,"key":"REST"},{"data":"Limit Break","floor":40.0,"key":"SMITH"},{"data":"Inflame","floor":42,"key":"SMITH"},{"data":"Shrug It Off","floor":49,"key":"SMITH"}],"neow_cost":"NONE","seed_source_timestamp":629288219902549,"circlet_count":0,"master_deck":["Strike_R+1","Strike_R","Defend_R","Defend_R","Defend_R+1","Defend_R+1","Battle Trance","Anger+1","Warcry+1","Fire Breathing+1","Inflame+1","Anger+1","Flex+1","Intimidate+1","Limit Break+1","Shrug It Off+1","Heavy Blade+1"],"special_seed":0,"relics":["Black Blood","Whetstone","Lantern","WarpedTongs","Kunai","Pear","Bottled Tornado","Coffee Dripper","Bag of Preparation","MawBank","Dead Branch","Blood Vial"],"potions_floor_usage":[41,50],"damage_taken":[{"damage":3.0,"enemies":"Jaw Worm","floor":1.0,"turns":4.0},{"damage":0.0,"enemies":"Small Slimes","floor":3.0,"turns":4.0},{"damage":0.0,"enemies":"2 Louse","floor":5.0,"turns":3.0},{"damage":3.0,"enemies":"Blue Slaver","floor":12.0,"turns":3.0},{"damage":51.0,"enemies":"The Guardian","floor":16.0,"turns":9.0},{"damage":15.0,"enemies":"3 Byrds","floor":18.0,"turns":5.0},{"damage":26.0,"enemies":"Shell Parasite","floor":20.0,"turns":5.0},{"damage":22.0,"enemies":"Centurion and Healer","floor":21.0,"turns":6.0},{"damage":5.0,"enemies":"Cultist and Chosen","floor":28.0,"turns":7.0},{"damage":18.0,"enemies":"Snake Plant","floor":31.0,"turns":4.0},{"damage":71.0,"enemies":"Automaton","floor":33.0,"turns":10.0},{"damage":4.0,"enemies":"Orb Walker","floor":35.0,"turns":3.0},{"damage":6.0,"enemies":"3 Shapes","floor":37.0,"turns":7.0},{"damage":1.0,"enemies":"Transient","floor":39.0,"turns":5.0},{"damage":12,"enemies":"Spire Growth","floor":41,"turns":4},{"damage":4,"enemies":"Giant Head","floor":44,"turns":5},{"damage":0,"enemies":"Mind Bloom Boss Battle","floor":46,"turns":4},{"damage":9,"enemies":"3 Darklings","floor":47,"turns":4},{"damage":96,"enemies":"Time Eater","floor":50,"turns":9}],"seed_played":"-8989012432737804365","potions_obtained":[{"floor":1.0,"key":"AttackPotion"},{"floor":3.0,"key":"Dexterity Potion"},{"floor":20.0,"key":"Weak Potion"},{"floor":28.0,"key":"Energy Potion"},{"floor":31.0,"key":"Dexterity Potion"},{"floor":35.0,"key":"Swift Potion"},{"floor":41,"key":"BloodPotion"}],"is_trial":false,"path_per_floor":["M","?","M","?","M","R","?","$","T","R","$","M","?","$","R","B",null,"M","?","M","M","?","R","T","R","T","?","M","R","$","M","R","B",null,"M","$","M","$","M","R","M","R","T","E","?","?","M","T","R","B",null],"character_chosen":"IRONCLAD","items_purchased":["Fire Breathing","Inflame","Anger","Bottled Tornado"],"campfire_rested":2,"item_purchase_floors":[8,11,14,30],"current_hp_per_floor":[80,80,80,80,80,80,69,69,69,69,69,72,56,56,56,11,80,75,75,59,47,47,71,71,71,81,81,86,86,86,78,90,29,90,90,90,90,90,90,90,88,88,88,90,90,90,90,90,90,13],"gold":359,"neow_bonus":"RANDOM_COMMON_RELIC","is_prod":false,"is_daily":false,"chose_seed":false,"campfire_upgraded":8,"win_rate":0,"timestamp":1554829379,"path_taken":["M","?","M","?","M","R","?","?","T","R","$","M","?","?","R","BOSS","M","?","?","M","?","R","?","R","T","?","M","R","$","M","R","BOSS","M","$","M","$","M","R","M","R","T","E","?","?","M","?","R","BOSS"],"build_version":"2019-01-23","purchased_purges":2,"victory":true,"max_hp_per_floor":[80,80,80,80,80,80,80,80,80,80,80,80,80,80,80,80,80,80,80,80,80,80,80,80,80,90,90,90,90,90,90,90,90,90,90,90,90,90,90,90,90,90,90,90,90,90,90,90,90,90],"card_choices":[{"not_picked":["Hemokinesis","Pommel Strike"],"picked":"Battle Trance","floor":1.0},{"not_picked":["Bloodletting","Body Slam"],"picked":"Anger","floor":3.0},{"not_picked":["Wild Strike","Iron Wave"],"picked":"Warcry","floor":5.0},{"not_picked":["True Grit","Heavy Blade","Entrench"],"picked":"SKIP","floor":12.0},{"not_picked":["Anger","Havoc","Iron Wave"],"picked":"SKIP","floor":18.0},{"not_picked":["Sword Boomerang+1","Armaments+1"],"picked":"Flex","floor":20.0},{"not_picked":["Heavy Blade+1","Second Wind"],"picked":"Intimidate","floor":21.0},{"not_picked":["Clash","Cleave","Havoc"],"picked":"SKIP","floor":28.0},{"not_picked":["Havoc","Combust+1","Ghostly Armor"],"picked":"SKIP","floor":31.0},{"not_picked":["Brutality","Juggernaut"],"picked":"Limit Break","floor":33.0},{"not_picked":["Clash+1","Warcry","Flex+1"],"picked":"SKIP","floor":35.0},{"not_picked":["Headbutt+1","Perfected Strike","Anger+1"],"picked":"SKIP","floor":37.0},{"not_picked":["Seeing Red","Anger+1"],"picked":"Shrug It Off","floor":39.0},{"not_picked":["Perfected Strike","Iron Wave+1","Sentinel"],"picked":"SKIP","floor":41},{"not_picked":["Wild Strike+1","Sword Boomerang+1"],"picked":"Heavy Blade+1","floor":44},{"not_picked":["Twin Strike","Perfected Strike","Havoc+1"],"picked":"SKIP","floor":47}],"player_experience":228866,"relics_obtained":[{"floor":9.0,"key":"Lantern"},{"floor":24.0,"key":"Kunai"},{"floor":26.0,"key":"Pear"},{"floor":43,"key":"Bag of Preparation"},{"floor":44,"key":"MawBank"},{"floor":46,"key":"Dead Branch"},{"floor":48,"key":"Blood Vial"}],"event_choices":[{"cards_removed":["Strike_R"],"damage_healed":0.0,"max_hp_gain":0.0,"max_hp_loss":0.0,"gold_gain":0.0,"event_name":"The Cleric","player_choice":"Card Removal","floor":2.0,"gold_loss":50.0,"damage_taken":0.0},{"damage_healed":0.0,"max_hp_gain":0.0,"max_hp_loss":0.0,"gold_gain":0.0,"event_name":"Living Wall","player_choice":"Grow","floor":4.0,"gold_loss":0.0,"damage_taken":0.0,"cards_upgraded":["Anger"]},{"damage_healed":0.0,"max_hp_gain":0.0,"max_hp_loss":0.0,"gold_gain":75.0,"event_name":"World of Goop","player_choice":"Gather Gold","floor":7.0,"gold_loss":0.0,"damage_taken":11.0},{"damage_healed":0.0,"max_hp_gain":0.0,"max_hp_loss":0.0,"gold_gain":0.0,"event_name":"Shining Light","player_choice":"Entered Light","floor":13.0,"gold_loss":0.0,"damage_taken":16.0,"cards_upgraded":["Defend_R","Defend_R"]},{"damage_healed":0.0,"max_hp_gain":0.0,"max_hp_loss":0.0,"gold_gain":0.0,"event_name":"Accursed Blacksmith","player_choice":"Rummage","floor":19.0,"gold_loss":0.0,"damage_taken":0.0,"relics_obtained":["WarpedTongs"],"cards_obtained":["Pain"]},{"damage_healed":0.0,"max_hp_gain":0.0,"max_hp_loss":0.0,"gold_gain":99.0,"event_name":"Nest","player_choice":"Stole From Cult","floor":22.0,"gold_loss":0.0,"damage_taken":0.0},{"cards_removed":["Pain"],"damage_healed":0.0,"max_hp_gain":0.0,"max_hp_loss":0.0,"gold_gain":0.0,"event_name":"Back to Basics","player_choice":"Elegance","floor":27.0,"gold_loss":0.0,"damage_taken":0.0},{"cards_removed":["Bash"],"damage_healed":0,"gold_gain":0,"player_choice":"Removed Attack","damage_taken":0,"max_hp_gain":0,"max_hp_loss":0,"event_name":"Falling","floor":45,"gold_loss":0},{"damage_healed":0,"gold_gain":0,"player_choice":"Fight","damage_taken":0,"max_hp_gain":0,"max_hp_loss":0,"event_name":"MindBloom","floor":46,"gold_loss":0}],"is_beta":false,"boss_relics":[{"not_picked":["Orrery","Lizard Tail"],"picked":"Black Blood"},{"not_picked":["Calling Bell","White Beast Statue"],"picked":"Coffee Dripper"}],"items_purged_floors":[36,38],"is_endless":false,"potions_floor_spawned":[1,3,20,28,31,35,41],"ascension_level":3}