{"gold_per_floor":[119,131,131,143,157,157,175,175,175,187,112,127,142,159,159,259,259,276,276,289,149,168,168,78,89,137,149,149,162,176,193,193,297,297,316,316,330,330,330,330,361,140,140,120,120],"floor_reached":45,"playtime":3020,"items_purged":["Strike_G","Doubt"],"score":468,"play_id":"16514005-16fa-4549-b60f-a9f00eadb9a7","local_time":"20190105170504","is_ascension_mode":false,"campfire_choices":[{"data":"Noxious Fumes","floor":6,"key":"SMITH"},{"data":"Neutralize","floor":8,"key":"SMITH"},{"data":"Footwork","floor":15,"key":"SMITH"},{"data":"Accuracy","floor":23,"key":"SMITH"},{"floor":32,"key":"REST"},{"floor":40,"key":"REST"}],"neow_cost":"NONE","seed_source_timestamp":1639309794883335,"circlet_count":0,"master_deck":["Defend_G","Defend_G+1","Survivor","Neutralize+1","Dagger Throw+1","Prepared+1","Burst+1","Noxious Fumes+1","Footwork+1","Leg Sweep","Caltrops","Storm of Steel","Corpse Explosion","Noxious Fumes","Caltrops","Footwork","Accuracy+1","Infinite Blades","Phantasmal Killer","Catalyst","Tools of the Trade","Well Laid Plans+1","Escape Plan+1","Distraction"],"relics":["Astrolabe","Tough Bandages","Cursed Key","Singing Bowl","Omamori","Empty Cage","Question Card","Vajra","Frozen Egg 2"],"potions_floor_usage":[30,31,45],"damage_taken":[{"damage":0,"enemies":"Cultist","floor":1,"turns":4},{"damage":1,"enemies":"2 Louse","floor":2,"turns":3},{"damage":0,"enemies":"Small Slimes","floor":4,"turns":3},{"damage":5,"enemies":"Blue Slaver","floor":5,"turns":5},{"damage":1,"enemies":"Lots of Slimes","floor":7,"turns":8},{"damage":0,"enemies":"Red Slaver","floor":10,"turns":5},{"damage":0,"enemies":"3 Louse","floor":12,"turns":5},{"damage":0,"enemies":"Gremlin Gang","floor":13,"turns":7},{"damage":0,"enemies":"Exordium Thugs","floor":14,"turns":6},{"damage":5,"enemies":"Slime Boss","floor":16,"turns":12},{"damage":19,"enemies":"2 Thieves","floor":18,"turns":4},{"damage":9,"enemies":"Spheric Guardian","floor":20,"turns":7},{"damage":13,"enemies":"Snecko","floor":22,"turns":7},{"damage":0,"enemies":"Centurion and Healer","floor":25,"turns":6},{"damage":3,"enemies":"Snake Plant","floor":27,"turns":4},{"damage":17,"enemies":"Shelled Parasite and Fungi","floor":29,"turns":5},{"damage":9,"enemies":"Chosen and Byrds","floor":30,"turns":6},{"damage":4,"enemies":"Centurion and Healer","floor":31,"turns":5},{"damage":10,"enemies":"Automaton","floor":33,"turns":11},{"damage":39,"enemies":"3 Darklings","floor":35,"turns":5},{"damage":26,"enemies":"3 Shapes","floor":37,"turns":6},{"damage":12,"enemies":"Reptomancer","floor":41,"turns":7},{"damage":24,"enemies":"Jaw Worm Horde","floor":45,"turns":3}],"seed_played":"-4476956950229354649","potions_obtained":[{"floor":5,"key":"GamblersBrew"},{"floor":7,"key":"GamblersBrew"},{"floor":12,"key":"Weak Potion"},{"floor":30,"key":"FairyPotion"},{"floor":35,"key":"Weak Potion"},{"floor":44,"key":"SkillPotion"}],"is_trial":false,"path_per_floor":["M","M","?","M","M","R","M","R","T","M","$","M","M","M","R","B",null,"M","T","M","$","M","R","?","M","T","M","?","M","M","M","R","B",null,"M","?","M","$","?","R","E","$","T","?","M"],"character_chosen":"THE_SILENT","items_purchased":["Footwork","Vajra","Distraction"],"campfire_rested":2,"item_purchase_floors":[21,42,42],"current_hp_per_floor":[70,69,69,69,64,64,63,63,63,63,63,63,63,63,63,58,70,51,51,42,42,29,29,29,29,29,28,28,11,4,7,29,19,74,35,35,11,11,11,33,21,21,21,21,0],"gold":120,"neow_bonus":"BOSS_RELIC","is_prod":false,"is_daily":false,"chose_seed":false,"campfire_upgraded":4,"win_rate":0,"timestamp":1546675504,"path_taken":["M","?","?","M","M","R","M","R","T","M","$","M","M","M","R","BOSS","M","?","M","$","M","R","?","M","T","?","?","M","?","M","R","BOSS","M","?","M","$","?","R","E","$","T","?","M"],"build_version":"2019-01-03v4","purchased_purges":2,"victory":false,"max_hp_per_floor":[70,70,70,70,70,70,70,70,70,70,70,70,70,70,70,70,70,70,70,70,70,70,70,70,70,70,72,72,72,74,74,74,74,74,74,74,76,76,76,76,76,76,76,76,76],"card_choices":[{"not_picked":["Dagger Throw","Underhanded Strike","Quick Slash"],"picked":"SKIP","floor":1},{"not_picked":["Deadly Poison","Blade Dance"],"picked":"Noxious Fumes","floor":2},{"not_picked":["Caltrops","Concentrate"],"picked":"Footwork","floor":4},{"not_picked":["Cloak And Dagger","Choke"],"picked":"Leg Sweep","floor":5},{"not_picked":["Deflect","Dodge and Roll","Finisher"],"picked":"SKIP","floor":7},{"not_picked":["Reflex","Dodge and Roll","Blur"],"picked":"SKIP","floor":10},{"not_picked":["Concentrate","Deadly Poison"],"picked":"Caltrops","floor":12},{"not_picked":["Cloak And Dagger","Sucker Punch"],"picked":"Storm of Steel","floor":13},{"not_picked":["Quick Slash","Heel Hook","Bane"],"picked":"SKIP","floor":14},{"not_picked":["Bullet Time","Tools of the Trade"],"picked":"Corpse Explosion","floor":16},{"not_picked":["PiercingWail+1","Prepared"],"picked":"Noxious Fumes","floor":18},{"not_picked":["Concentrate","Setup"],"picked":"Caltrops","floor":20},{"not_picked":["Underhanded Strike","Backflip"],"picked":"Accuracy","floor":22},{"not_picked":["Backflip","Poisoned Stab+1"],"picked":"Infinite Blades","floor":25},{"not_picked":["PiercingWail","Expertise","Riddle With Holes"],"picked":"Singing Bowl","floor":27},{"not_picked":["Bouncing Flask","Choke"],"picked":"Phantasmal Killer","floor":29},{"not_picked":["Underhanded Strike","Deadly Poison","Bane"],"picked":"Singing Bowl","floor":30},{"not_picked":["Prepared","Quick Slash+1"],"picked":"Catalyst","floor":31},{"not_picked":["Die Die Die","Burst"],"picked":"Tools of the Trade","floor":33},{"not_picked":["Distraction+1","Sucker Punch+1"],"picked":"Well Laid Plans+1","floor":35},{"not_picked":["Expertise+1","PiercingWail","Outmaneuver+1"],"picked":"Singing Bowl","floor":37},{"not_picked":["Eviscerate","Cloak And Dagger"],"picked":"Escape Plan+1","floor":41}],"player_experience":769180,"relics_obtained":[{"floor":9,"key":"Tough Bandages"},{"floor":19,"key":"Singing Bowl"},{"floor":26,"key":"Omamori"},{"floor":41,"key":"Question Card"},{"floor":43,"key":"Frozen Egg 2"}],"event_choices":[{"cards_removed":["Defend_G"],"damage_healed":0,"gold_gain":0,"player_choice":"Card Removal","damage_taken":0,"max_hp_gain":0,"max_hp_loss":0,"event_name":"Wheel of Change","floor":3,"gold_loss":0},{"cards_removed":["Strike_G"],"damage_healed":0,"gold_gain":0,"player_choice":"Upgrade and Remove","damage_taken":0,"max_hp_gain":0,"max_hp_loss":0,"event_name":"Designer","floor":24,"gold_loss":90,"cards_upgraded":["Defend_G"]},{"damage_healed":0,"gold_gain":0,"player_choice":"Ignored","damage_taken":0,"max_hp_gain":0,"max_hp_loss":0,"event_name":"NoteForYourself","floor":28,"gold_loss":0},{"damage_healed":0,"gold_gain":0,"player_choice":"Ignored","damage_taken":0,"max_hp_gain":0,"max_hp_loss":0,"event_name":"Mysterious Sphere","floor":36,"gold_loss":0},{"cards_removed":["Defend_G"],"damage_healed":0,"gold_gain":0,"player_choice":"Removed Skill","damage_taken":0,"max_hp_gain":0,"max_hp_loss":0,"event_name":"Falling","floor":39,"gold_loss":0},{"damage_healed":0,"gold_gain":0,"player_choice":"Bought 1 Potion","damage_taken":0,"max_hp_gain":0,"max_hp_loss":0,"event_name":"The Woman in Blue","floor":44,"gold_loss":0}],"is_beta":false,"boss_relics":[{"not_picked":["Fusion Hammer","Tiny House"],"picked":"Cursed Key"},{"not_picked":["Calling Bell","Runic Dome"],"picked":"Empty Cage"}],"items_purged_floors":[11,21],"is_endless":false,"potions_floor_spawned":[5,7,12,20,22,29,30,35],"killed_by":"Jaw Worm Horde","ascension_level":0}