{"gold_per_floor":[211,211,227,24,36,36,62,62,62,62,82,112,58,71,71,71],"floor_reached":16,"playtime":622,"items_purged":["Brutality"],"score":220,"play_id":"c8df0ccb-8d00-4aed-bd8e-dfb60e0a75da","local_time":"20190427091539","is_ascension_mode":true,"campfire_choices":[{"data":"Uppercut","floor":6,"key":"SMITH"},{"data":"Hemokinesis","floor":8,"key":"SMITH"},{"data":"Feel No Pain","floor":10,"key":"SMITH"},{"floor":15,"key":"REST"}],"neow_cost":"NONE","seed_source_timestamp":83245814781500,"circlet_count":0,"master_deck":["AscendersBane","Strike_R","Strike_R","Strike_R","Strike_R","Defend_R","Defend_R","Defend_R","Defend_R","Bash","Spot Weakness","Feel No Pain+1","Hemokinesis+1","Uppercut+1","Exhume","Sword Boomerang","True Grit","Inflame"],"relics":["Burning Blood","Bag of Preparation","Orichalcum"],"potions_floor_usage":[],"damage_taken":[{"damage":1,"enemies":"Small Slimes","floor":1,"turns":4},{"damage":6,"enemies":"Cultist","floor":3,"turns":3},{"damage":12,"enemies":"Jaw Worm","floor":5,"turns":3},{"damage":29,"enemies":"Lagavulin","floor":7,"turns":7},{"damage":27,"enemies":"Large Slime","floor":11,"turns":7},{"damage":17,"enemies":"3 Sentries","floor":12,"turns":9},{"damage":7,"enemies":"Blue Slaver","floor":14,"turns":3},{"damage":34,"enemies":"Hexaghost","floor":16,"turns":9}],"seed_played":"-562277612635186743","potions_obtained":[{"floor":5,"key":"PowerPotion"},{"floor":11,"key":"Poison Potion"}],"is_trial":false,"path_per_floor":["M","?","M","$","M","R","E","R","T","R","M","E","$","M","R","B"],"character_chosen":"IRONCLAD","items_purchased":["Feel No Pain","Hemokinesis","True Grit"],"campfire_rested":1,"item_purchase_floors":[4,4,13],"current_hp_per_floor":[73,73,73,73,67,67,44,44,44,44,23,12,12,11,33,0],"gold":71,"neow_bonus":"HUNDRED_GOLD","is_prod":false,"is_daily":false,"chose_seed":false,"campfire_upgraded":3,"win_rate":0,"timestamp":1556345739,"path_taken":["M","?","M","?","M","R","E","R","T","R","M","E","$","M","R","BOSS"],"build_version":"2019-01-23","purchased_purges":1,"victory":false,"max_hp_per_floor":[75,75,75,75,75,75,75,75,75,75,75,75,75,75,75,75],"card_choices":[{"not_picked":["Havoc","Wild Strike","Clothesline"],"picked":"SKIP","floor":1},{"not_picked":["Heavy Blade","Shrug It Off"],"picked":"Spot Weakness","floor":3},{"not_picked":["Flex","Spot Weakness"],"picked":"Uppercut","floor":5},{"not_picked":["Intimidate","Heavy Blade"],"picked":"Exhume","floor":7},{"not_picked":["Clothesline","Perfected Strike","Corruption"],"picked":"SKIP","floor":11},{"not_picked":["Pommel Strike","Body Slam"],"picked":"Sword Boomerang","floor":12},{"not_picked":["Whirlwind","Evolve"],"picked":"Inflame","floor":14}],"player_experience":985766,"relics_obtained":[{"floor":9,"key":"Bag of Preparation"},{"floor":12,"key":"Orichalcum"}],"event_choices":[{"damage_healed":0,"gold_gain":0,"cards_transformed":["Strike_R"],"player_choice":"Transformed","damage_taken":0,"max_hp_gain":0,"max_hp_loss":0,"event_name":"Transmorgrifier","floor":2,"gold_loss":0,"cards_obtained":["Brutality"]}],"is_beta":false,"boss_relics":[],"items_purged_floors":[4],"is_endless":false,"potions_floor_spawned":[5,11,14],"killed_by":"Hexaghost","ascension_level":20}