{"gold_per_floor":[115,135,17,30,105,105,133,133,157,157,157,200,246,290,290,290],"floor_reached":16,"playtime":516,"items_purged":[],"score":315,"play_id":"008ffcd9-346f-41b3-a0de-9c55840299a2","local_time":"20190130173008","is_ascension_mode":true,"campfire_choices":[{"data":"Uppercut","floor":6,"key":"SMITH"},{"data":"Bash","floor":10,"key":"SMITH"},{"floor":15,"key":"DIG"}],"neow_cost":"NONE","seed_source_timestamp":810130995805300,"circlet_count":0,"master_deck":["AscendersBane","Strike_R","Strike_R","Strike_R","Strike_R+1","Strike_R","Defend_R","Defend_R","Defend_R","Defend_R","Bash+1","Uppercut+1","Anger+1","Flame Barrier","Corruption","Pommel Strike+1","Ghostly Armor","Shockwave","Entrench"],"relics":["Burning Blood","Ancient Tea Set","Whetstone","Golden Idol","Shovel","Bag of Preparation","Regal Pillow","Gremlin Horn"],"potions_floor_usage":[7,12],"damage_taken":[{"damage":1,"enemies":"Small Slimes","floor":1,"turns":5},{"damage":1,"enemies":"2 Louse","floor":2,"turns":3},{"damage":4,"enemies":"Cultist","floor":4,"turns":4},{"damage":20,"enemies":"3 Sentries","floor":7,"turns":8},{"damage":7,"enemies":"Gremlin Nob","floor":12,"turns":4},{"damage":5,"enemies":"Lagavulin","floor":14,"turns":5}],"seed_played":"-4794419636192592941","potions_obtained":[{"floor":1,"key":"Explosive Potion"},{"floor":4,"key":"SkillPotion"}],"is_trial":false,"path_per_floor":["M","M","$","M","?","R","E","?","T","R","?","E","T","E","R","B"],"character_chosen":"IRONCLAD","items_purchased":["Flame Barrier","Corruption"],"campfire_rested":0,"item_purchase_floors":[3,3],"current_hp_per_floor":[80,82,82,82,71,71,57,57,57,57,57,56,56,57,57,0],"gold":290,"neow_bonus":"TEN_PERCENT_HP_BONUS","is_prod":false,"is_daily":false,"chose_seed":false,"campfire_upgraded":2,"win_rate":0,"timestamp":1548862208,"path_taken":["M","M","$","M","?","R","E","?","T","R","?","E","?","E","R","BOSS"],"build_version":"2019-01-23","purchased_purges":0,"victory":false,"max_hp_per_floor":[82,82,82,82,82,82,82,82,82,82,74,74,74,74,74,74],"card_choices":[{"not_picked":["Hemokinesis","True Grit"],"picked":"Uppercut","floor":1},{"not_picked":["Power Through","Headbutt"],"picked":"Anger","floor":2},{"not_picked":["Fire Breathing","Clash"],"picked":"Pommel Strike","floor":4},{"not_picked":["Warcry","Pommel Strike"],"picked":"Ghostly Armor","floor":7},{"not_picked":["Thunderclap","Wild Strike"],"picked":"Shockwave","floor":12},{"not_picked":["Perfected Strike","Wild Strike"],"picked":"Entrench","floor":14}],"player_experience":855476,"relics_obtained":[{"floor":7,"key":"Ancient Tea Set"},{"floor":9,"key":"Whetstone"},{"floor":12,"key":"Shovel"},{"floor":13,"key":"Bag of Preparation"},{"floor":14,"key":"Regal Pillow"},{"floor":15,"key":"Gremlin Horn"}],"event_choices":[{"damage_healed":0,"gold_gain":75,"player_choice":"Gather Gold","damage_taken":11,"max_hp_gain":0,"max_hp_loss":0,"event_name":"World of Goop","floor":5,"gold_loss":0},{"damage_healed":0,"gold_gain":0,"player_choice":"Grow","damage_taken":0,"max_hp_gain":0,"max_hp_loss":0,"event_name":"Living Wall","floor":8,"gold_loss":0,"cards_upgraded":["Anger"]},{"damage_healed":0,"gold_gain":0,"player_choice":"Lose Max HP","damage_taken":0,"relics_obtained":["Golden Idol"],"max_hp_gain":0,"max_hp_loss":8,"event_name":"Golden Idol","floor":11,"gold_loss":0}],"is_beta":false,"boss_relics":[],"items_purged_floors":[],"is_endless":false,"potions_floor_spawned":[1,4],"killed_by":"The Guardian","ascension_level":18}