{"gold_per_floor":[117,136,156,156,168,168,200,200,200,226,238,238,238,250,250,322,322,337,370,370,370,384,413,102,27,95,108,187,187],"floor_reached":29,"playtime":1611,"items_purged":["Strike_R"],"score":606,"play_id":"d97a4de7-e7dd-4bb5-b5e0-6e3b77cb9e3c","local_time":"20190509101155","is_ascension_mode":true,"campfire_choices":[{"data":"Bash","floor":6.0,"key":"SMITH"},{"floor":8.0,"key":"REST"},{"data":"Fiend Fire","floor":13.0,"key":"SMITH"},{"data":"Battle Trance","floor":15.0,"key":"SMITH"}],"neow_cost":"NONE","seed_source_timestamp":0,"circlet_count":0,"master_deck":["AscendersBane","Strike_R+1","Strike_R+1","Defend_R","Defend_R","Defend_R","Defend_R","Bash+1","Corruption","Battle Trance+1","Clothesline","Thunderclap","Rampage","Fiend Fire+1","Spot Weakness","Headbutt","Limit Break+1","Shockwave","Feel No Pain","Feed","Shrug It Off","Inflame","Flash of Steel","Armaments"],"special_seed":0,"relics":["Burning Blood","Du-Vu Doll","Bottled Lightning","Darkstone Periapt","Sozu","Red Mask","Vajra","Bottled Tornado","Mercury Hourglass"],"potions_floor_usage":[],"damage_taken":[{"damage":2.0,"enemies":"Cultist","floor":1.0,"turns":4.0},{"damage":2.0,"enemies":"2 Louse","floor":2.0,"turns":4.0},{"damage":11.0,"enemies":"Small Slimes","floor":3.0,"turns":3.0},{"damage":7.0,"enemies":"2 Fungi Beasts","floor":5.0,"turns":4.0},{"damage":49.0,"enemies":"3 Sentries","floor":7.0,"turns":11.0},{"damage":30.0,"enemies":"Gremlin Nob","floor":10.0,"turns":4.0},{"damage":0.0,"enemies":"Red Slaver","floor":11.0,"turns":1.0},{"damage":0.0,"enemies":"Large Slime","floor":14.0,"turns":2.0},{"damage":0.0,"enemies":"Slime Boss","floor":16.0,"turns":3.0},{"damage":0.0,"enemies":"Spheric Guardian","floor":18.0,"turns":1.0},{"damage":30.0,"enemies":"Masked Bandits","floor":19.0,"turns":4.0},{"damage":5.0,"enemies":"Shell Parasite","floor":22.0,"turns":2.0},{"damage":34,"enemies":"Gremlin Leader","floor":23,"turns":3},{"damage":14,"enemies":"Chosen and Byrds","floor":27,"turns":4},{"damage":16,"enemies":"Slavers","floor":29,"turns":1}],"seed_played":"-7811179778955272999","potions_obtained":[{"floor":1.0,"key":"Swift Potion"},{"floor":2.0,"key":"GamblersBrew"},{"floor":16.0,"key":"Swift Potion"}],"is_trial":false,"path_per_floor":["M","M","M","?","M","R","E","R","T","E","M","?","R","M","R","B",null,"M","?","?","?","M","E","$","?","T","M","T","E"],"character_chosen":"IRONCLAD","items_purchased":["Shrug It Off","Inflame","Flash of Steel"],"campfire_rested":1,"item_purchase_floors":[24,24,24],"current_hp_per_floor":[79,82,77,52,51,51,8,32,32,8,14,14,14,20,20,26,68,74,50,50,50,51,23,23,23,23,15,15,0],"gold":187,"neow_bonus":"TEN_PERCENT_HP_BONUS","is_prod":false,"is_daily":false,"chose_seed":false,"campfire_upgraded":3,"win_rate":0,"timestamp":1557385915,"path_taken":["M","M","M","?","M","R","E","R","T","E","M","?","R","M","R","BOSS","M","?","?","?","?","E","$","?","T","M","?","E"],"build_version":"2019-01-23","purchased_purges":1,"victory":false,"max_hp_per_floor":[82,82,82,82,82,82,82,82,82,82,82,82,82,82,82,82,82,82,82,82,82,82,82,82,82,82,82,82,82],"card_choices":[{"not_picked":["Sentinel","Heavy Blade"],"picked":"Corruption","floor":1.0},{"not_picked":["Cleave","Clash"],"picked":"Battle Trance","floor":2.0},{"not_picked":["Anger","Clash"],"picked":"Clothesline","floor":3.0},{"not_picked":["Rupture","Perfected Strike"],"picked":"Thunderclap","floor":5.0},{"not_picked":["Blood for Blood","Heavy Blade"],"picked":"Rampage","floor":7.0},{"not_picked":["Anger","Havoc"],"picked":"Fiend Fire","floor":10.0},{"not_picked":["Feel No Pain","Combust"],"picked":"Spot Weakness","floor":11.0},{"not_picked":["True Grit","Pommel Strike"],"picked":"Headbutt","floor":14.0},{"not_picked":["Juggernaut","Dark Embrace"],"picked":"Limit Break","floor":16.0},{"not_picked":["Combust","Sword Boomerang","Clothesline"],"picked":"SKIP","floor":18.0},{"not_picked":["Heavy Blade","Anger"],"picked":"Feel No Pain","floor":22.0},{"not_picked":["Power Through","Carnage"],"picked":"Feed","floor":23},{"not_picked":["Twin Strike","Wild Strike+1"],"picked":"Armaments","floor":27}],"player_experience":1000867,"relics_obtained":[{"floor":7.0,"key":"Du-Vu Doll"},{"floor":9.0,"key":"Bottled Lightning"},{"floor":10.0,"key":"Darkstone Periapt"},{"floor":19.0,"key":"Red Mask"},{"floor":23,"key":"Vajra"},{"floor":26,"key":"Bottled Tornado"},{"floor":28,"key":"Mercury Hourglass"}],"event_choices":[{"damage_healed":0.0,"max_hp_gain":0.0,"max_hp_loss":0.0,"gold_gain":0.0,"event_name":"Shining Light","player_choice":"Entered Light","floor":4.0,"gold_loss":0.0,"damage_taken":25.0,"cards_upgraded":["Strike_R","Strike_R"]},{"cards_removed":["Strike_R"],"damage_healed":0.0,"max_hp_gain":0.0,"max_hp_loss":0.0,"gold_gain":0.0,"event_name":"Living Wall","player_choice":"Forget","floor":12.0,"gold_loss":0.0,"damage_taken":0.0},{"damage_healed":0.0,"max_hp_gain":0.0,"max_hp_loss":0.0,"gold_gain":0.0,"event_name":"Masked Bandits","player_choice":"Fought Bandits","floor":19.0,"gold_loss":0.0,"damage_taken":0.0},{"damage_healed":0.0,"max_hp_gain":0.0,"max_hp_loss":0.0,"gold_gain":0.0,"event_name":"The Library","player_choice":"Read","floor":20.0,"gold_loss":0.0,"damage_taken":0.0,"cards_obtained":["Shockwave"]},{"damage_healed":0.0,"max_hp_gain":0.0,"max_hp_loss":0.0,"gold_gain":0.0,"event_name":"Accursed Blacksmith","player_choice":"Forge","floor":21.0,"gold_loss":0.0,"damage_taken":0.0,"cards_upgraded":["Limit Break"]},{"cards_removed":["Strike_R"],"damage_healed":0,"gold_gain":0,"player_choice":"Gave Gold","damage_taken":0,"max_hp_gain":0,"max_hp_loss":0,"event_name":"Beggar","floor":25,"gold_loss":75}],"is_beta":false,"boss_relics":[{"not_picked":["Black Star","Tiny House"],"picked":"Sozu"}],"items_purged_floors":[24],"is_endless":false,"potions_floor_spawned":[1,2,5,16,27],"killed_by":"Slavers","ascension_level":20}