{"gold_per_floor":[109,121,121,141,80,80,96,96,96,109,125,125],"floor_reached":12,"playtime":297,"items_purged":[],"score":144,"play_id":"6518cdb5-4c2a-46b3-8115-0c50e4a01c6d","local_time":"20190125183015","is_ascension_mode":true,"campfire_choices":[{"data":"Zap","floor":6,"key":"SMITH"}],"neow_cost":"PERCENT_DAMAGE","seed_source_timestamp":29790348184116,"circlet_count":0,"master_deck":["AscendersBane","Strike_B","Strike_B","Strike_B","Strike_B","Defend_B","Defend_B","Defend_B+1","Defend_B+1","Zap+1","Dualcast","Biased Cognition","Conserve Battery","Sunder","Coolheaded","Reinforced Body","Capacitor","Electrodynamics"],"relics":["Cracked Core","Question Card"],"potions_floor_usage":[11,12],"damage_taken":[{"damage":12,"enemies":"2 Louse","floor":1,"turns":3},{"damage":2,"enemies":"Jaw Worm","floor":2,"turns":3},{"damage":0,"enemies":"Small Slimes","floor":4,"turns":3},{"damage":0,"enemies":"Blue Slaver","floor":7,"turns":3},{"damage":3,"enemies":"2 Fungi Beasts","floor":10,"turns":3},{"damage":0,"enemies":"Gremlin Gang","floor":11,"turns":2},{"damage":10,"enemies":"Exordium Wildlife","floor":12,"turns":1}],"seed_played":"-4469064242350586225","potions_obtained":[{"floor":2,"key":"AttackPotion"},{"floor":7,"key":"Energy Potion"}],"is_trial":false,"path_per_floor":["M","M","?","M","?","R","M","?","T","M","M","M"],"character_chosen":"DEFECT","items_purchased":[],"campfire_rested":0,"item_purchase_floors":[],"current_hp_per_floor":[34,32,11,11,11,11,11,11,11,8,8,0],"gold":125,"neow_bonus":"THREE_RARE_CARDS","is_prod":false,"is_daily":false,"chose_seed":false,"campfire_upgraded":1,"win_rate":0,"timestamp":1548408615,"path_taken":["M","M","?","M","?","R","M","?","T","M","?","M"],"build_version":"2019-01-23","purchased_purges":0,"victory":false,"max_hp_per_floor":[71,71,71,71,71,71,71,71,71,71,71,71],"card_choices":[{"not_picked":["Seek","Thunder Strike"],"picked":"Biased Cognition","floor":0},{"not_picked":["Beam Cell","Sweeping Beam"],"picked":"Conserve Battery","floor":1},{"not_picked":["Go for the Eyes","BootSequence"],"picked":"Sunder","floor":2},{"not_picked":["Barrage","Stack"],"picked":"Coolheaded","floor":4},{"not_picked":["Tempest","Undo"],"picked":"Reinforced Body","floor":7},{"not_picked":["Compile Driver","Streamline","Barrage"],"picked":"Capacitor","floor":10},{"not_picked":["Doom and Gloom","Stack","Leap"],"picked":"Electrodynamics","floor":11}],"player_experience":840535,"relics_obtained":[{"floor":9,"key":"Question Card"}],"event_choices":[{"damage_healed":0,"gold_gain":0,"player_choice":"Entered Light","damage_taken":21,"max_hp_gain":0,"max_hp_loss":0,"event_name":"Shining Light","floor":3,"gold_loss":0,"cards_upgraded":["Defend_B","Defend_B"]},{"damage_healed":0,"gold_gain":0,"player_choice":"Left Gold","damage_taken":0,"max_hp_gain":0,"max_hp_loss":0,"event_name":"World of Goop","floor":5,"gold_loss":61},{"damage_healed":0,"gold_gain":0,"player_choice":"Fled","damage_taken":0,"max_hp_gain":0,"max_hp_loss":0,"event_name":"Scrap Ooze","floor":8,"gold_loss":0}],"is_beta":false,"boss_relics":[],"items_purged_floors":[],"is_endless":false,"potions_floor_spawned":[2,7],"killed_by":"Exordium Wildlife","ascension_level":20}