{"gold_per_floor":[110,110,122,122,135,135,160,160,160,192,172,205,225,245,245,245],"floor_reached":16,"playtime":509,"items_purged":[],"score":240,"play_id":"6bb09062-30a6-4ec7-b205-8d4a167b950c","local_time":"20190528133455","is_ascension_mode":true,"campfire_choices":[{"data":"Bash","floor":6,"key":"SMITH"},{"floor":8,"key":"REST"},{"data":"True Grit","floor":15,"key":"SMITH"}],"neow_cost":"NONE","seed_source_timestamp":536682630037200,"circlet_count":0,"master_deck":["AscendersBane","Strike_R","Strike_R","Strike_R","Strike_R","Strike_R","Defend_R+1","Defend_R","Defend_R","Defend_R","Bash+1","Pommel Strike","Anger+1","Clothesline","Spot Weakness","True Grit+1","Inflame"],"relics":["Burning Blood","NeowsBlessing","Question Card","Regal Pillow","Red Skull","Ornamental Fan"],"potions_floor_usage":[10,12],"damage_taken":[{"damage":0,"enemies":"2 Louse","floor":1,"turns":1},{"damage":0,"enemies":"Cultist","floor":3,"turns":1},{"damage":0,"enemies":"Small Slimes","floor":5,"turns":1},{"damage":32,"enemies":"3 Sentries","floor":7,"turns":8},{"damage":2,"enemies":"Gremlin Nob","floor":10,"turns":3},{"damage":17,"enemies":"Lagavulin","floor":12,"turns":7},{"damage":11,"enemies":"Looter","floor":13,"turns":2},{"damage":18,"enemies":"Lots of Slimes","floor":14,"turns":4},{"damage":56,"enemies":"The Guardian","floor":16,"turns":8}],"seed_played":"1315902179247769493","potions_obtained":[{"floor":3,"key":"FairyPotion"},{"floor":7,"key":"EssenceOfSteel"},{"floor":11,"key":"Regen Potion"},{"floor":12,"key":"FearPotion"}],"is_trial":false,"path_per_floor":["M","?","M","?","M","R","E","R","T","E","?","E","M","M","R","B"],"character_chosen":"IRONCLAD","items_purchased":[],"campfire_rested":1,"item_purchase_floors":[],"current_hp_per_floor":[74,74,75,52,58,58,32,54,54,58,58,62,57,45,45,0],"gold":245,"neow_bonus":"THREE_ENEMY_KILL","is_prod":false,"is_daily":false,"chose_seed":false,"campfire_upgraded":2,"win_rate":0,"timestamp":1559039695,"path_taken":["M","?","?","?","M","R","E","R","T","E","?","E","M","M","R","BOSS"],"build_version":"2019-01-23","purchased_purges":0,"victory":false,"max_hp_per_floor":[75,75,75,75,75,75,75,75,75,75,75,75,75,75,75,75],"card_choices":[{"not_picked":["Havoc","Body Slam"],"picked":"Pommel Strike","floor":1},{"not_picked":["True Grit","Anger"],"picked":"Clothesline","floor":3},{"not_picked":["Anger","Infernal Blade","Warcry"],"picked":"SKIP","floor":5},{"not_picked":["Warcry","Sword Boomerang","Twin Strike"],"picked":"SKIP","floor":7},{"not_picked":["Second Wind","Dark Embrace","Shockwave"],"picked":"Spot Weakness","floor":10},{"not_picked":["Anger","Heavy Blade","Havoc","Cleave"],"picked":"SKIP","floor":12},{"not_picked":["Warcry","Anger","Perfected Strike"],"picked":"True Grit","floor":13},{"not_picked":["Rage","Evolve","Corruption"],"picked":"Inflame","floor":14}],"player_experience":1039822,"relics_obtained":[{"floor":7,"key":"Question Card"},{"floor":9,"key":"Regal Pillow"},{"floor":10,"key":"Red Skull"},{"floor":12,"key":"Ornamental Fan"}],"event_choices":[{"damage_healed":0,"gold_gain":0,"player_choice":"1 cards matched","damage_taken":0,"max_hp_gain":0,"max_hp_loss":0,"event_name":"Match and Keep!","floor":2,"gold_loss":0,"cards_obtained":["Anger"]},{"damage_healed":0,"gold_gain":0,"player_choice":"Entered Light","damage_taken":23,"max_hp_gain":0,"max_hp_loss":0,"event_name":"Shining Light","floor":4,"gold_loss":0,"cards_upgraded":["Defend_R","Anger"]},{"damage_healed":0,"gold_gain":0,"player_choice":"Bought 1 Potion","damage_taken":0,"max_hp_gain":0,"max_hp_loss":0,"event_name":"The Woman in Blue","floor":11,"gold_loss":0}],"is_beta":false,"boss_relics":[],"items_purged_floors":[],"is_endless":false,"potions_floor_spawned":[3,7,12],"killed_by":"The Guardian","ascension_level":20}