{"gold_per_floor":[116,143,143,143,143,143,44,63,139,173,173,188,208,108,108,228,228,252,167,167,192,217,217,240,255,255,255,255,255,270,294,294,294],"floor_reached":33,"playtime":2297,"items_purged":["Defend_R"],"score":247,"play_id":"e9f8f06d-738c-4b3c-91fb-99386aebd5a2","local_time":"20181218011924","is_ascension_mode":false,"campfire_choices":[{"data":"Shrug It Off","floor":6,"key":"SMITH"},{"data":"Wild Strike","floor":11,"key":"SMITH"},{"data":"Perfected Strike","floor":15,"key":"SMITH"},{"data":"Whirlwind","floor":23,"key":"SMITH"},{"data":"Twin Strike","floor":27,"key":"SMITH"},{"data":"Shrug It Off","floor":29,"key":"SMITH"},{"floor":32,"key":"REST"}],"neow_cost":"NONE","seed_source_timestamp":0,"circlet_count":0,"master_deck":["Strike_R","Strike_R","Strike_R","Strike_R+1","Strike_R","Defend_R+1","Defend_R","Bash","Shrug It Off+1","Wild Strike+1","Shrug It Off+1","Ghostly Armor","Twin Strike+1","Perfected Strike+1","Shrug It Off","Feed","Iron Wave","Whirlwind+1","Twin Strike","Twin Strike+1","Armaments","Body Slam"],"special_seed":0,"relics":["Burning Blood","Boot","Pen Nib","Golden Idol","Tiny Chest","Paper Frog","Velvet Choker","Bronze Scales","Question Card"],"potions_floor_usage":[10,13,16,21,30,30,31,33],"damage_taken":[{"damage":1,"enemies":"Cultist","floor":1,"turns":4},{"damage":3,"enemies":"Jaw Worm","floor":8,"turns":4},{"damage":11,"enemies":"Gremlin Nob","floor":10,"turns":4},{"damage":0,"enemies":"2 Louse","floor":12,"turns":2},{"damage":3,"enemies":"2 Fungi Beasts","floor":13,"turns":3},{"damage":15,"enemies":"Slime Boss","floor":16,"turns":10},{"damage":0,"enemies":"Chosen","floor":18,"turns":3},{"damage":0,"enemies":"Shell Parasite","floor":21,"turns":3},{"damage":6,"enemies":"Centurion and Healer","floor":22,"turns":5},{"damage":0,"enemies":"Chosen and Byrds","floor":24,"turns":4},{"damage":13,"enemies":"Sentry and Sphere","floor":25,"turns":4},{"damage":6,"enemies":"3 Cultists","floor":30,"turns":3},{"damage":15,"enemies":"Shelled Parasite and Fungi","floor":31,"turns":3},{"damage":101,"enemies":"Collector","floor":33,"turns":8}],"seed_played":"-4617521153149928659","potions_obtained":[{"floor":1,"key":"Poison Potion"},{"floor":10,"key":"Ancient Potion"},{"floor":12,"key":"Dexterity Potion"},{"floor":13,"key":"Poison Potion"},{"floor":22,"key":"Explosive Potion"},{"floor":24,"key":"PowerPotion"},{"floor":25,"key":"PowerPotion"},{"floor":30,"key":"Fruit Juice"}],"is_trial":false,"path_per_floor":["M","T","?","?","?","R","$","M","T","E","R","M","M","$","R","B",null,"M","?","?","M","M","R","M","M","T","R","?","R","M","M","R","B"],"character_chosen":"IRONCLAD","items_purchased":["Wild Strike","Shrug It Off","Shrug It Off"],"campfire_rested":1,"item_purchase_floors":[7,7,14],"current_hp_per_floor":[80,80,64,64,64,64,64,67,67,62,62,68,71,71,71,62,80,83,83,83,83,86,86,86,82,82,82,82,82,82,73,89,0],"gold":294,"neow_bonus":"RANDOM_COMMON_RELIC","is_prod":false,"is_daily":false,"chose_seed":false,"campfire_upgraded":6,"win_rate":0.0,"timestamp":1545095964,"path_taken":["M","?","?","?","?","R","$","?","T","E","R","M","M","$","R","BOSS","M","?","?","?","M","R","M","M","T","R","?","R","M","M","R","BOSS"],"build_version":"2018-12-13","purchased_purges":1,"victory":false,"max_hp_per_floor":[80,80,80,80,80,80,80,80,80,80,80,80,80,80,80,80,80,83,83,83,83,86,86,86,89,89,89,89,89,89,89,89,94],"card_choices":[{"not_picked":["Hemokinesis","Thunderclap"],"picked":"Shrug It Off","floor":1},{"not_picked":["True Grit","Clothesline"],"picked":"Ghostly Armor","floor":8},{"not_picked":["Warcry","Carnage","Bloodletting"],"picked":"SKIP","floor":10},{"not_picked":["Headbutt","Combust"],"picked":"Twin Strike","floor":12},{"not_picked":["Anger","Ghostly Armor"],"picked":"Perfected Strike","floor":13},{"not_picked":["Offering","Impervious"],"picked":"Feed","floor":16},{"not_picked":["Metallicize","True Grit"],"picked":"Iron Wave","floor":18},{"not_picked":["Anger","Spot Weakness+1"],"picked":"Whirlwind","floor":21},{"not_picked":["Dual Wield","Uppercut"],"picked":"Twin Strike","floor":22},{"not_picked":["Sword Boomerang","Armaments"],"picked":"Twin Strike+1","floor":24},{"not_picked":["Thunderclap","Dropkick"],"picked":"Armaments","floor":25},{"not_picked":["Headbutt","Sword Boomerang+1","Shockwave"],"picked":"Body Slam","floor":30},{"not_picked":["Anger","Inflame","Battle Trance","Combust"],"picked":"SKIP","floor":31}],"player_experience":78111,"relics_obtained":[{"floor":2,"key":"Pen Nib"},{"floor":9,"key":"Tiny Chest"},{"floor":10,"key":"Paper Frog"},{"floor":26,"key":"Question Card"}],"event_choices":[{"damage_healed":0,"gold_gain":0,"player_choice":"Entered Light","damage_taken":16,"max_hp_gain":0,"max_hp_loss":0,"event_name":"Shining Light","floor":3,"gold_loss":0,"cards_upgraded":["Strike_R","Defend_R"]},{"damage_healed":0,"gold_gain":0,"player_choice":"Take Wound","damage_taken":0,"relics_obtained":["Golden Idol"],"max_hp_gain":0,"max_hp_loss":0,"event_name":"Golden Idol","floor":4,"gold_loss":0,"cards_obtained":["Injury"]},{"cards_removed":["Injury"],"damage_healed":0,"gold_gain":0,"player_choice":"Forget","damage_taken":0,"max_hp_gain":0,"max_hp_loss":0,"event_name":"Living Wall","floor":5,"gold_loss":0},{"damage_healed":0,"gold_gain":0,"player_choice":"Obtained Relic","damage_taken":0,"relics_obtained":["Bronze Scales"],"max_hp_gain":0,"max_hp_loss":0,"event_name":"Addict","floor":19,"gold_loss":85},{"cards_removed":["Defend_R"],"damage_healed":0,"gold_gain":0,"player_choice":"Offered Basic","damage_taken":0,"max_hp_gain":0,"max_hp_loss":0,"event_name":"Bonfire Elementals","floor":20,"gold_loss":0},{"damage_healed":0,"gold_gain":0,"player_choice":"Ignored","damage_taken":0,"max_hp_gain":0,"max_hp_loss":0,"event_name":"Vampires","floor":28,"gold_loss":0}],"is_beta":false,"boss_relics":[{"not_picked":["Empty Cage","Mark of Pain"],"picked":"Velvet Choker"}],"items_purged_floors":[14],"is_endless":false,"potions_floor_spawned":[1,10,12,13,22,24,25,30],"killed_by":"Collector","ascension_level":0}