{"gold_per_floor":[111,129,204,218,218,218,63,63,63,89,108,143,169,180,180,252,252,252,252,252,252,252,252,252,252,252,252,252,34,34,34,34,34,34,34,34,0,0,0,0,0,0,0,0,0,0,0,0,0,0,0],"floor_reached":51,"playtime":3102,"items_purged":[],"score":1471,"play_id":"8f32e142-e143-45ba-aeab-61125370ec13","local_time":"20190423131247","is_ascension_mode":true,"campfire_choices":[{"data":"Bash","floor":6.0,"key":"SMITH"},{"data":"Battle Trance","floor":8.0,"key":"SMITH"},{"data":"Flame Barrier","floor":15.0,"key":"SMITH"},{"data":"Shockwave","floor":24.0,"key":"SMITH"},{"data":"Immolate","floor":30.0,"key":"SMITH"},{"data":"Inflame","floor":32.0,"key":"SMITH"},{"data":"True Grit","floor":40.0,"key":"SMITH"},{"floor":49,"key":"RECALL"}],"neow_cost":"CURSE","seed_source_timestamp":0,"circlet_count":0,"master_deck":["AscendersBane","Strike_R","Strike_R","Strike_R","Strike_R","Strike_R","Defend_R","Defend_R","Defend_R","Defend_R","Bash+1","Battle Trance+1","Rampage","Headbutt","Reaper","Spot Weakness","Flame Barrier+1","Shockwave+1","Offering","Sword Boomerang","Immolate+1","Intimidate","Inflame+1","Pummel+1","Double Tap","True Grit+1","Heavy Blade+1","Shrug It Off","Shockwave","Armaments+1","Reaper+1","Sword Boomerang+1"],"special_seed":0,"relics":["Burning Blood","Spirit Poop","Letter Opener","Orichalcum","Thread and Needle","Bag of Marbles","Ectoplasm","Blood Vial","Centennial Puzzle","PreservedInsect","Unceasing Top","Molten Egg 2","Strange Spoon","Eternal Feather","Red Mask","Lantern","Boot"],"potions_floor_usage":[],"damage_taken":[{"damage":14.0,"enemies":"Cultist","floor":1.0,"turns":4.0},{"damage":12.0,"enemies":"Small Slimes","floor":2.0,"turns":5.0},{"damage":15.0,"enemies":"Jaw Worm","floor":4.0,"turns":2.0},{"damage":25.0,"enemies":"Lagavulin","floor":10.0,"turns":6.0},{"damage":3.0,"enemies":"Gremlin Gang","floor":11.0,"turns":3.0},{"damage":27.0,"enemies":"3 Sentries","floor":12.0,"turns":8.0},{"damage":8.0,"enemies":"Lots of Slimes","floor":14.0,"turns":2.0},{"damage":17.0,"enemies":"The Guardian","floor":16.0,"turns":9.0},{"damage":13.0,"enemies":"Shell Parasite","floor":18.0,"turns":3.0},{"damage":10.0,"enemies":"Chosen","floor":19.0,"turns":4.0},{"damage":25.0,"enemies":"Snecko","floor":20.0,"turns":4.0},{"damage":10.0,"enemies":"Centurion and Healer","floor":21.0,"turns":5.0},{"damage":6.0,"enemies":"3 Cultists","floor":22.0,"turns":3.0},{"damage":9.0,"enemies":"Slavers","floor":23.0,"turns":4.0},{"damage":44.0,"enemies":"Gremlin Leader","floor":25.0,"turns":5.0},{"damage":6.0,"enemies":"Colosseum Slavers","floor":28.0,"turns":2.0},{"damage":0.0,"enemies":"Colosseum Nobs","floor":28.0,"turns":4.0},{"damage":8.0,"enemies":"Chosen and Byrds","floor":31.0,"turns":3.0},{"damage":103.0,"enemies":"Champ","floor":33.0,"turns":8.0},{"damage":3.0,"enemies":"Orb Walker","floor":35.0,"turns":2.0},{"damage":13.0,"enemies":"3 Darklings","floor":36.0,"turns":5.0},{"damage":37.0,"enemies":"Jaw Worm Horde","floor":39.0,"turns":3.0},{"damage":6.0,"enemies":"Giant Head","floor":41.0,"turns":4.0},{"damage":71.0,"enemies":"Transient","floor":42.0,"turns":6.0},{"damage":30.0,"enemies":"Reptomancer","floor":44.0,"turns":4.0},{"damage":38.0,"enemies":"3 Darklings","floor":45.0,"turns":7.0},{"damage":19.0,"enemies":"Sphere and 2 Shapes","floor":47.0,"turns":5.0},{"damage":22,"enemies":"Jaw Worm Horde","floor":48,"turns":4},{"damage":108,"enemies":"Donu and Deca","floor":50,"turns":8},{"damage":28,"enemies":"Time Eater","floor":51,"turns":4}],"seed_played":"-2800356079087251210","potions_obtained":[{"floor":1.0,"key":"AttackPotion"},{"floor":4.0,"key":"Swift Potion"},{"floor":11.0,"key":"AttackPotion"},{"floor":14.0,"key":"EssenceOfSteel"},{"floor":20.0,"key":"Energy Potion"},{"floor":25.0,"key":"Regen Potion"},{"floor":41.0,"key":"BloodPotion"},{"floor":44.0,"key":"Poison Potion"},{"floor":47.0,"key":"Weak Potion"}],"is_trial":false,"path_per_floor":["M","M","?","M","?","R","$","R","T","E","M","E","T","M","R","B",null,"M","M","M","M","M","E","R","E","T","?","?","$","R","M","R","B",null,"M","M","?","$","M","R","E","M","T","E","M","?","M","M","R","B","B"],"character_chosen":"IRONCLAD","items_purchased":["Reaper","Spot Weakness","Strange Spoon"],"campfire_rested":0,"item_purchase_floors":[7,7,29],"current_hp_per_floor":[74,68,57,48,48,48,48,48,48,29,44,43,43,87,87,82,87,80,82,67,83,89,89,89,57,57,57,77,77,77,89,89,21,72,77,88,88,88,58,73,89,30,30,38,34,34,49,61,79,19,0],"gold":0,"neow_bonus":"TWENTY_PERCENT_HP_BONUS","is_prod":false,"is_daily":false,"chose_seed":false,"campfire_upgraded":7,"win_rate":0,"timestamp":1556014367,"path_taken":["M","M","?","M","?","R","$","R","T","E","?","E","?","M","R","BOSS","M","?","?","M","M","E","R","E","T","?","?","?","R","?","R","BOSS","M","M","?","$","M","R","E","M","T","E","M","?","?","M","R","BOSS","BOSS"],"build_version":"2019-01-23","purchased_purges":0,"victory":false,"max_hp_per_floor":[89,89,89,89,89,89,89,89,89,89,89,89,89,89,89,89,89,89,89,89,89,89,89,89,89,89,89,89,89,89,89,89,89,89,89,89,89,89,89,89,89,89,89,89,89,89,89,89,89,89,89],"card_choices":[{"not_picked":["Warcry","Wild Strike"],"picked":"Battle Trance","floor":1.0},{"not_picked":["Headbutt","Twin Strike"],"picked":"Rampage","floor":2.0},{"not_picked":["Sword Boomerang","Pommel Strike"],"picked":"Headbutt","floor":4.0},{"not_picked":["Warcry","Sword Boomerang"],"picked":"Flame Barrier","floor":10.0},{"not_picked":["Corruption","Pommel Strike"],"picked":"Shockwave","floor":11.0},{"not_picked":["Cleave","Dual Wield"],"picked":"Offering","floor":12.0},{"not_picked":["Warcry","Metallicize"],"picked":"Sword Boomerang","floor":14.0},{"not_picked":["Demon Form","Reaper"],"picked":"Immolate","floor":16.0},{"not_picked":["Thunderclap","Headbutt","Sever Soul"],"picked":"SKIP","floor":18.0},{"not_picked":["Twin Strike","Wild Strike"],"picked":"Intimidate","floor":19.0},{"not_picked":["Iron Wave","Infernal Blade","Blood for Blood"],"picked":"SKIP","floor":20.0},{"not_picked":["Flex","Iron Wave","Immolate"],"picked":"SKIP","floor":21.0},{"not_picked":["Wild Strike","Thunderclap","Battle Trance"],"picked":"SKIP","floor":22.0},{"not_picked":["Dark Embrace","Cleave","Clothesline"],"picked":"SKIP","floor":23.0},{"not_picked":["Whirlwind","Uppercut"],"picked":"Inflame","floor":25.0},{"not_picked":["True Grit","Anger+1"],"picked":"Pummel+1","floor":31.0},{"not_picked":["Immolate+1","Berserk"],"picked":"Double Tap","floor":33.0},{"not_picked":["Entrench","Perfected Strike+1"],"picked":"True Grit","floor":35.0},{"not_picked":["Thunderclap+1","Rupture","Havoc"],"picked":"SKIP","floor":36.0},{"not_picked":["Pommel Strike+1","Blood for Blood+1"],"picked":"Heavy Blade+1","floor":39.0},{"not_picked":["Flex+1","Blood for Blood+1"],"picked":"Shrug It Off","floor":41.0},{"not_picked":["Warcry","Carnage+1"],"picked":"Shockwave","floor":42.0},{"not_picked":["Searing Blow+1","True Grit","Wild Strike+1"],"picked":"SKIP","floor":44.0},{"not_picked":["Corruption","Thunderclap+1"],"picked":"Armaments+1","floor":45.0},{"not_picked":["Seeing Red","Anger+1"],"picked":"Sword Boomerang+1","floor":47.0},{"not_picked":["Thunderclap+1","True Grit","Clash+1"],"picked":"SKIP","floor":48}],"player_experience":980067,"relics_obtained":[{"floor":9.0,"key":"Letter Opener"},{"floor":10.0,"key":"Orichalcum"},{"floor":12.0,"key":"Thread and Needle"},{"floor":13.0,"key":"Bag of Marbles"},{"floor":23.0,"key":"Blood Vial"},{"floor":25.0,"key":"Centennial Puzzle"},{"floor":26.0,"key":"PreservedInsect"},{"floor":28.0,"key":"Unceasing Top"},{"floor":28.0,"key":"Molten Egg 2"},{"floor":41.0,"key":"Lantern"},{"floor":44.0,"key":"Boot"}],"event_choices":[{"damage_healed":0.0,"max_hp_gain":0.0,"max_hp_loss":0.0,"gold_gain":75.0,"event_name":"World of Goop","player_choice":"Gather Gold","floor":3.0,"gold_loss":0.0,"damage_taken":11.0},{"cards_removed":["Regret"],"damage_healed":0.0,"max_hp_gain":0.0,"max_hp_loss":0.0,"gold_gain":0.0,"event_name":"Bonfire Elementals","player_choice":"Offered Curse","floor":5.0,"gold_loss":0.0,"damage_taken":0.0,"relics_obtained":["Spirit Poop"]},{"damage_healed":0.0,"max_hp_gain":0.0,"max_hp_loss":0.0,"gold_gain":0.0,"event_name":"Ghosts","player_choice":"Ignored","floor":27.0,"gold_loss":0.0,"damage_taken":0.0},{"damage_healed":0.0,"max_hp_gain":0.0,"max_hp_loss":0.0,"gold_gain":0.0,"event_name":"Colosseum","player_choice":"Fight","floor":28.0,"gold_loss":0.0,"damage_taken":0.0},{"damage_healed":0.0,"max_hp_gain":0.0,"max_hp_loss":0.0,"gold_gain":0.0,"event_name":"Colosseum","player_choice":"Fought Nobs","floor":28.0,"gold_loss":0.0,"damage_taken":0.0},{"damage_healed":0.0,"max_hp_gain":0.0,"max_hp_loss":0.0,"gold_gain":0.0,"event_name":"Tomb of Lord Red Mask","player_choice":"Paid","floor":37.0,"gold_loss":34.0,"damage_taken":0.0,"relics_obtained":["Red Mask"]},{"damage_healed":0.0,"max_hp_gain":0.0,"max_hp_loss":0.0,"gold_gain":0.0,"event_name":"Duplicator","player_choice":"Copied","floor":46.0,"gold_loss":0.0,"damage_taken":0.0,"cards_obtained":["Reaper"]}],"is_beta":false,"boss_relics":[{"not_picked":["Philosopher\u0027s Stone","Astrolabe"],"picked":"Ectoplasm"},{"not_picked":["Velvet Choker","Calling Bell"],"picked":"Eternal Feather"}],"items_purged_floors":[],"is_endless":false,"potions_floor_spawned":[1,4,11,14,16,20,21,25,28,31,41,42,44,47],"killed_by":"Time Eater","ascension_level":20}