{"gold_per_floor":[117,130,140,151,151,179,179,211,261,261,318,318,331,256,256,256],"floor_reached":16,"playtime":689,"items_purged":["Strike_R"],"score":220,"play_id":"b2500d03-2c51-4f84-9543-d1c65cbce1eb","local_time":"20190507120232","is_ascension_mode":true,"campfire_choices":[{"data":"Inflame","floor":7,"key":"SMITH"},{"data":"Bash","floor":10,"key":"SMITH"},{"floor":12,"key":"REST"},{"data":"Disarm","floor":15,"key":"SMITH"}],"neow_cost":"NONE","seed_source_timestamp":957205339119800,"circlet_count":0,"master_deck":["AscendersBane","Strike_R","Strike_R","Strike_R","Defend_R","Defend_R","Defend_R","Defend_R","Bash+1","Inflame+1","Shrug It Off","Shrug It Off","Immolate+1","Heavy Blade","Pummel","Pummel","Disarm+1"],"relics":["Burning Blood","Potion Belt","Question Card","Vajra"],"potions_floor_usage":[6],"damage_taken":[{"damage":1,"enemies":"Cultist","floor":1,"turns":3},{"damage":8,"enemies":"2 Louse","floor":2,"turns":3},{"damage":4,"enemies":"Jaw Worm","floor":3,"turns":6},{"damage":4,"enemies":"Lots of Slimes","floor":4,"turns":2},{"damage":32,"enemies":"Lagavulin","floor":6,"turns":4},{"damage":10,"enemies":"3 Sentries","floor":8,"turns":3},{"damage":31,"enemies":"Lagavulin Event","floor":11,"turns":5},{"damage":5,"enemies":"Large Slime","floor":13,"turns":4},{"damage":46,"enemies":"Hexaghost","floor":16,"turns":12}],"seed_played":"-8317758763067976015","potions_obtained":[{"floor":2,"key":"Swift Potion"},{"floor":3,"key":"Poison Potion"}],"is_trial":false,"path_per_floor":["M","M","M","M","?","E","R","E","T","R","?","R","M","$","R","B"],"character_chosen":"IRONCLAD","items_purchased":[],"campfire_rested":1,"item_purchase_floors":[],"current_hp_per_floor":[73,71,73,75,75,49,49,45,45,45,20,42,43,43,43,0],"gold":256,"neow_bonus":"TRANSFORM_CARD","is_prod":false,"is_daily":false,"chose_seed":false,"campfire_upgraded":3,"win_rate":0,"timestamp":1557219752,"path_taken":["M","?","M","M","?","E","R","E","T","R","?","R","M","$","R","BOSS"],"build_version":"2019-01-23","purchased_purges":1,"victory":false,"max_hp_per_floor":[75,75,75,75,75,75,75,75,75,75,75,75,75,75,75,75],"card_choices":[{"not_picked":["Perfected Strike","Seeing Red"],"picked":"Shrug It Off","floor":1},{"not_picked":["Body Slam","Rage"],"picked":"Shrug It Off","floor":2},{"not_picked":["Inflame","Clothesline"],"picked":"Immolate","floor":3},{"not_picked":["True Grit","Pommel Strike"],"picked":"Heavy Blade","floor":4},{"not_picked":["Ghostly Armor","Clothesline"],"picked":"Pummel","floor":6},{"not_picked":["Rampage","Ghostly Armor"],"picked":"Pummel","floor":8},{"not_picked":["Twin Strike","Intimidate","True Grit"],"picked":"Disarm","floor":13}],"player_experience":999780,"relics_obtained":[{"floor":6,"key":"Potion Belt"},{"floor":8,"key":"Question Card"},{"floor":11,"key":"Vajra"}],"event_choices":[{"damage_healed":0,"gold_gain":0,"player_choice":"Grow","damage_taken":0,"max_hp_gain":0,"max_hp_loss":0,"event_name":"Living Wall","floor":5,"gold_loss":0,"cards_upgraded":["Immolate"]},{"damage_healed":0,"gold_gain":0,"player_choice":"Searched \u00271\u0027 times","damage_taken":0,"max_hp_gain":0,"max_hp_loss":0,"event_name":"Dead Adventurer","floor":11,"gold_loss":0}],"is_beta":false,"boss_relics":[],"items_purged_floors":[14],"is_endless":false,"potions_floor_spawned":[2,3,4],"killed_by":"Hexaghost","ascension_level":20}