{"gold_per_floor":[109,109,34,48,48,48,59,59,59,59,69,69,69,19,19,19],"floor_reached":16,"playtime":576,"items_purged":["Regret"],"score":88,"play_id":"039b681d-9d38-4db6-b4ae-4b922eab1715","local_time":"20190603035750","is_ascension_mode":false,"campfire_choices":[{"data":"Zap","floor":6,"key":"SMITH"},{"data":"Dualcast","floor":8,"key":"SMITH"},{"data":"Thunder Strike","floor":10,"key":"SMITH"},{"data":"Glacier","floor":15,"key":"SMITH"}],"neow_cost":"PERCENT_DAMAGE","seed_source_timestamp":248955977032402,"circlet_count":0,"master_deck":["Strike_B","Strike_B","Strike_B","Defend_B","Defend_B","Defend_B","Defend_B","Zap+1","Dualcast+1","Thunder Strike+1","Cold Snap","Ball Lightning","Glacier+1","Glacier"],"relics":["Cracked Core","Torii","Unceasing Top","Golden Idol"],"potions_floor_usage":[16],"damage_taken":[{"damage":6,"enemies":"Jaw Worm","floor":1,"turns":3},{"damage":0,"enemies":"2 Louse","floor":4,"turns":2},{"damage":1,"enemies":"Cultist","floor":7,"turns":3},{"damage":1,"enemies":"2 Fungi Beasts","floor":11,"turns":2},{"damage":34,"enemies":"Slime Boss","floor":16,"turns":8}],"seed_played":"7779039662689178166","potions_obtained":[{"floor":1,"key":"Weak Potion"},{"floor":4,"key":"Dexterity Potion"}],"is_trial":false,"path_per_floor":["M","?","$","M","?","R","M","R","T","R","M","?","$","?","R","B"],"character_chosen":"DEFECT","items_purchased":[],"campfire_rested":0,"item_purchase_floors":[],"current_hp_per_floor":[48,48,48,48,48,48,47,47,47,47,46,28,28,28,28,0],"gold":19,"neow_bonus":"THREE_RARE_CARDS","is_prod":false,"is_daily":false,"chose_seed":false,"campfire_upgraded":4,"win_rate":0,"timestamp":1559501870,"path_taken":["M","?","$","M","?","R","?","R","T","R","M","?","$","?","R","BOSS"],"build_version":"2019-01-23","purchased_purges":1,"victory":false,"max_hp_per_floor":[75,75,75,75,75,75,75,75,75,75,75,75,75,75,75,75],"card_choices":[{"not_picked":["Fission","Rainbow"],"picked":"Thunder Strike","floor":0},{"not_picked":["Undo","Turbo"],"picked":"Cold Snap","floor":1},{"not_picked":["Turbo","Compile Driver"],"picked":"Ball Lightning","floor":4},{"not_picked":["Go for the Eyes","Leap"],"picked":"Glacier","floor":7},{"not_picked":["BootSequence","Coolheaded"],"picked":"Glacier","floor":11}],"player_experience":970479,"relics_obtained":[{"floor":9,"key":"Unceasing Top"}],"event_choices":[{"damage_healed":0,"gold_gain":0,"player_choice":"Box","damage_taken":0,"relics_obtained":["Torii"],"max_hp_gain":0,"max_hp_loss":0,"event_name":"Big Fish","floor":2,"gold_loss":0,"cards_obtained":["Regret"]},{"damage_healed":0,"gold_gain":0,"player_choice":"Ignored","damage_taken":0,"max_hp_gain":0,"max_hp_loss":0,"event_name":"NoteForYourself","floor":5,"gold_loss":0},{"damage_healed":0,"gold_gain":0,"player_choice":"Take Damage","damage_taken":18,"relics_obtained":["Golden Idol"],"max_hp_gain":0,"max_hp_loss":0,"event_name":"Golden Idol","floor":12,"gold_loss":0},{"cards_removed":["Strike_B"],"damage_healed":0,"gold_gain":0,"player_choice":"Card Removal","damage_taken":0,"max_hp_gain":0,"max_hp_loss":0,"event_name":"The Cleric","floor":14,"gold_loss":50}],"is_beta":false,"boss_relics":[],"items_purged_floors":[3],"is_endless":false,"potions_floor_spawned":[1,4],"killed_by":"Slime Boss","ascension_level":0}