{"gold_per_floor":[115,128,139,139,152,182,182,182],"floor_reached":8,"playtime":434,"items_purged":[],"score":166,"play_id":"e0a5c534-9d60-403d-9d6c-735c8706fec0","local_time":"20190512181420","is_ascension_mode":true,"campfire_choices":[{"data":"Offering","floor":7,"key":"SMITH"}],"neow_cost":"TEN_PERCENT_HP_LOSS","seed_source_timestamp":343222552768700,"circlet_count":0,"master_deck":["AscendersBane","Strike_R","Strike_R","Strike_R","Strike_R","Strike_R","Defend_R","Defend_R","Defend_R","Defend_R","Bash","Offering+1","Headbutt","Shrug It Off","Pummel","Reaper","Exhume","Entrench+1"],"relics":["Burning Blood","Toxic Egg 2"],"potions_floor_usage":[6,6],"damage_taken":[{"damage":7,"enemies":"Cultist","floor":1,"turns":3},{"damage":8,"enemies":"Jaw Worm","floor":2,"turns":3},{"damage":2,"enemies":"2 Louse","floor":3,"turns":3},{"damage":38,"enemies":"Large Slime","floor":5,"turns":7},{"damage":6,"enemies":"Gremlin Nob","floor":6,"turns":2},{"damage":64,"enemies":"Lagavulin","floor":8,"turns":7}],"seed_played":"807771647706822108","potions_obtained":[{"floor":2,"key":"SneckoOil"},{"floor":5,"key":"SteroidPotion"}],"is_trial":false,"path_per_floor":["M","M","M","?","M","E","R","E"],"character_chosen":"IRONCLAD","items_purchased":[],"campfire_rested":0,"item_purchase_floors":[],"current_hp_per_floor":[67,65,68,68,43,43,43,0],"gold":182,"neow_bonus":"THREE_RARE_CARDS","is_prod":false,"is_daily":false,"chose_seed":false,"campfire_upgraded":1,"win_rate":0,"timestamp":1557674060,"path_taken":["M","M","M","?","?","E","R","E"],"build_version":"2019-01-23","purchased_purges":0,"victory":false,"max_hp_per_floor":[68,68,68,68,68,68,68,68],"card_choices":[{"not_picked":["Exhume","Double Tap"],"picked":"Offering","floor":0},{"not_picked":["True Grit","Wild Strike"],"picked":"Headbutt","floor":1},{"not_picked":["Iron Wave","Havoc"],"picked":"Shrug It Off","floor":2},{"not_picked":["Twin Strike","Anger"],"picked":"Pummel","floor":3},{"not_picked":["Havoc","Searing Blow"],"picked":"Exhume","floor":5},{"not_picked":["Cleave","Pommel Strike"],"picked":"Entrench","floor":6}],"player_experience":1004874,"relics_obtained":[{"floor":6,"key":"Toxic Egg 2"}],"event_choices":[{"damage_healed":0,"gold_gain":0,"player_choice":"1 cards matched","damage_taken":0,"max_hp_gain":0,"max_hp_loss":0,"event_name":"Match and Keep!","floor":4,"gold_loss":0,"cards_obtained":["Reaper"]}],"is_beta":false,"boss_relics":[],"items_purged_floors":[],"is_endless":false,"potions_floor_spawned":[2,5],"killed_by":"Lagavulin","ascension_level":20}