{"gold_per_floor":[110,137,148,167,185,250,267,299,299,374,374,399,416,435,435,435],"floor_reached":16,"playtime":749,"items_purged":[],"score":248,"play_id":"2a19dc6b-166b-4837-b3d1-e41201ba77fc","local_time":"20190323000651","is_ascension_mode":true,"campfire_choices":[{"floor":11,"key":"REST"},{"data":"Perfected Strike","floor":15,"key":"SMITH"}],"neow_cost":"NONE","seed_source_timestamp":0,"circlet_count":0,"master_deck":["AscendersBane","Strike_R","Strike_R","Strike_R","Strike_R","Strike_R","Defend_R","Defend_R","Defend_R","Defend_R","Bash","Fiend Fire","Flex","Perfected Strike+1","Combust","Pommel Strike","Thunderclap","Feel No Pain","Shrug It Off","Reckless Charge","Evolve","Reaper"],"special_seed":0,"relics":["Burning Blood","Dream Catcher","Tiny Chest","Pantograph","Gambling Chip","Torii"],"potions_floor_usage":[6,8,14,16],"damage_taken":[{"damage":0.0,"enemies":"Cultist","floor":1.0,"turns":2.0},{"damage":2,"enemies":"2 Louse","floor":3,"turns":2},{"damage":6,"enemies":"Small Slimes","floor":4,"turns":3},{"damage":19,"enemies":"3 Louse","floor":5,"turns":3},{"damage":14,"enemies":"3 Sentries","floor":6,"turns":5},{"damage":9,"enemies":"2 Fungi Beasts","floor":7,"turns":2},{"damage":28,"enemies":"Lagavulin","floor":8,"turns":5},{"damage":29,"enemies":"Gremlin Nob","floor":12,"turns":4},{"damage":11,"enemies":"Exordium Thugs","floor":13,"turns":5},{"damage":0,"enemies":"Large Slime","floor":14,"turns":2},{"damage":44,"enemies":"Hexaghost","floor":16,"turns":9}],"seed_played":"-2721353009545123699","potions_obtained":[{"floor":3,"key":"SkillPotion"},{"floor":4,"key":"Weak Potion"},{"floor":7,"key":"EssenceOfSteel"},{"floor":8,"key":"AttackPotion"},{"floor":12,"key":"SpeedPotion"},{"floor":14,"key":"LiquidBronze"}],"is_trial":false,"path_per_floor":["M","T","M","M","M","E","M","E","T","?","R","E","M","M","R","B"],"character_chosen":"IRONCLAD","items_purchased":[],"campfire_rested":1,"item_purchase_floors":[],"current_hp_per_floor":[74,74,75,75,62,54,51,29,29,18,40,17,12,18,18,0],"gold":435,"neow_bonus":"ONE_RANDOM_RARE_CARD","is_prod":false,"is_daily":false,"chose_seed":false,"campfire_upgraded":1,"win_rate":0,"timestamp":1553292411,"path_taken":["M","?","M","M","M","E","M","E","T","?","R","E","M","M","R","BOSS"],"build_version":"2019-01-23","purchased_purges":0,"victory":false,"max_hp_per_floor":[75,75,75,75,75,75,75,75,75,75,75,75,75,75,75,75],"card_choices":[{"not_picked":["Dual Wield","Bloodletting"],"picked":"Flex","floor":1},{"not_picked":["Rupture","Heavy Blade"],"picked":"Perfected Strike","floor":3},{"not_picked":["Dual Wield","Clash"],"picked":"Combust","floor":4},{"not_picked":["Havoc","Ghostly Armor"],"picked":"Pommel Strike","floor":5},{"not_picked":["Blood for Blood","Wild Strike"],"picked":"Thunderclap","floor":6},{"not_picked":["Exhume","Dual Wield"],"picked":"Feel No Pain","floor":7},{"not_picked":["Dropkick","Seeing Red"],"picked":"Shrug It Off","floor":8},{"not_picked":["Pommel Strike","Perfected Strike"],"picked":"Reckless Charge","floor":11},{"not_picked":["Havoc","Perfected Strike"],"picked":"Evolve","floor":12},{"not_picked":["Evolve","Sever Soul"],"picked":"Reaper","floor":13},{"not_picked":["Pommel Strike","Warcry","Fire Breathing"],"picked":"SKIP","floor":14}],"player_experience":937880,"relics_obtained":[{"floor":2,"key":"Dream Catcher"},{"floor":6,"key":"Tiny Chest"},{"floor":8,"key":"Pantograph"},{"floor":9,"key":"Gambling Chip"},{"floor":12,"key":"Torii"}],"event_choices":[{"damage_healed":0,"gold_gain":75,"player_choice":"Gather Gold","damage_taken":11,"max_hp_gain":0,"max_hp_loss":0,"event_name":"World of Goop","floor":10,"gold_loss":0}],"is_beta":false,"boss_relics":[],"items_purged_floors":[],"is_endless":false,"potions_floor_spawned":[3,4,7,8,12,14],"killed_by":"Hexaghost","ascension_level":20}