{"gold_per_floor":[118,118,130,80,95,95,111,111,111,127,127,141,45,80,80,180,180,199,217,8,26,37,37,68,38,85,95,95,106,106,106,106,106],"floor_reached":33,"playtime":4288,"items_purged":["Strike_R"],"score":269,"play_id":"6767f334-3ed6-46f0-9795-9d5b31c1c19b","local_time":"20181206194036","is_ascension_mode":false,"campfire_choices":[{"data":"Juggernaut","floor":6,"key":"SMITH"},{"data":"Defend_R","floor":8,"key":"SMITH"},{"data":"True Grit","floor":11,"key":"SMITH"},{"data":"Armaments","floor":15,"key":"SMITH"},{"data":"Whirlwind","floor":23,"key":"SMITH"},{"data":"Shrug It Off","floor":30,"key":"SMITH"},{"data":"Impervious","floor":32,"key":"SMITH"}],"neow_cost":"NONE","seed_source_timestamp":944505810742806,"circlet_count":0,"master_deck":["Strike_R","Strike_R","Strike_R","Strike_R","Defend_R","Defend_R","Defend_R+1","Bash","Juggernaut+1","Pommel Strike","True Grit+1","Pommel Strike","Infernal Blade","Whirlwind+1","Armaments+1","Warcry","Armaments","Impervious+1","Armaments+1","True Grit","Shrug It Off+1","Bandage Up","True Grit","Iron Wave+1","Anger+1","Metallicize"],"relics":["Burning Blood","Meat on the Bone","Sundial","Coffee Dripper","Charon\u0027s Ashes","Omamori","Champion Belt"],"potions_floor_usage":[12,14,16,24,27],"damage_taken":[{"damage":9,"enemies":"Small Slimes","floor":1,"turns":6},{"damage":7,"enemies":"2 Louse","floor":3,"turns":3},{"damage":4,"enemies":"Cultist","floor":5,"turns":4},{"damage":7,"enemies":"3 Louse","floor":7,"turns":4},{"damage":8,"enemies":"Looter","floor":10,"turns":4},{"damage":21,"enemies":"Large Slime","floor":12,"turns":6},{"damage":9,"enemies":"Lagavulin","floor":14,"turns":8},{"damage":41,"enemies":"The Guardian","floor":16,"turns":11},{"damage":11,"enemies":"2 Thieves","floor":18,"turns":4},{"damage":0,"enemies":"3 Byrds","floor":19,"turns":6},{"damage":24,"enemies":"Cultist and Chosen","floor":21,"turns":7},{"damage":24,"enemies":"Centurion and Healer","floor":22,"turns":9},{"damage":47,"enemies":"Slavers","floor":24,"turns":6},{"damage":23,"enemies":"Shelled Parasite and Fungi","floor":27,"turns":6},{"damage":12,"enemies":"Sentry and Sphere","floor":29,"turns":6},{"damage":36,"enemies":"Collector","floor":33,"turns":7}],"seed_played":"-8849304405508534616","potions_obtained":[{"floor":3,"key":"BloodPotion"},{"floor":10,"key":"FearPotion"},{"floor":12,"key":"PowerPotion"},{"floor":21,"key":"GamblersBrew"},{"floor":22,"key":"LiquidBronze"}],"is_trial":false,"path_per_floor":["M","?","M","?","M","R","M","R","T","M","R","M","$","E","R","B",null,"M","M","$","M","M","R","E","?","T","M","?","M","R","?","R","B"],"character_chosen":"IRONCLAD","items_purchased":["Armaments","Warcry","Shrug It Off","Bandage Up"],"campfire_rested":0,"item_purchase_floors":[13,13,20,20],"current_hp_per_floor":[77,77,76,76,78,78,77,77,77,75,75,60,60,65,65,42,80,75,80,80,66,52,52,27,27,27,26,26,36,36,36,36,4],"gold":106,"neow_bonus":"ONE_RANDOM_RARE_CARD","is_prod":false,"is_daily":false,"chose_seed":false,"campfire_upgraded":7,"win_rate":0.0,"timestamp":1544125236,"path_taken":["M","?","M","?","M","R","M","R","T","M","R","M","$","E","R","BOSS","M","M","$","M","M","R","E","?","T","?","?","M","R","?","R","BOSS"],"build_version":"2018-11-15","purchased_purges":1,"victory":false,"max_hp_per_floor":[80,80,80,80,80,80,80,80,80,80,80,80,80,80,80,80,80,80,80,80,80,80,80,80,80,80,80,80,80,80,80,80,80],"card_choices":[{"not_picked":["Armaments","Iron Wave"],"picked":"Pommel Strike","floor":1},{"not_picked":["Hemokinesis","Ghostly Armor"],"picked":"True Grit","floor":3},{"not_picked":["Thunderclap","Body Slam"],"picked":"Pommel Strike","floor":5},{"not_picked":["Clash","Flex","Twin Strike"],"picked":"SKIP","floor":7},{"not_picked":["Heavy Blade","Rampage"],"picked":"Infernal Blade","floor":10},{"not_picked":["Fiend Fire","Sword Boomerang"],"picked":"Whirlwind","floor":12},{"not_picked":["Demon Form","Wild Strike"],"picked":"Armaments","floor":14},{"not_picked":["Bludgeon","Dark Embrace"],"picked":"Impervious","floor":16},{"not_picked":["Perfected Strike","Anger"],"picked":"Armaments+1","floor":18},{"not_picked":["Iron Wave","Rage"],"picked":"True Grit","floor":19},{"not_picked":["Clash","Dual Wield"],"picked":"True Grit","floor":21},{"not_picked":["Intimidate","Clash"],"picked":"Iron Wave+1","floor":22},{"not_picked":["Inflame","Clash+1"],"picked":"Anger+1","floor":24},{"not_picked":["Evolve","Disarm+1"],"picked":"Metallicize","floor":27},{"not_picked":["True Grit","Uppercut","Warcry"],"picked":"SKIP","floor":29}],"player_experience":65057,"relics_obtained":[{"floor":9,"key":"Meat on the Bone"},{"floor":14,"key":"Sundial"},{"floor":24,"key":"Charon\u0027s Ashes"},{"floor":26,"key":"Omamori"}],"event_choices":[{"damage_healed":0,"gold_gain":0,"player_choice":"Ignored","damage_taken":0,"max_hp_gain":0,"max_hp_loss":0,"event_name":"Golden Wing","floor":2,"gold_loss":0},{"cards_removed":["Defend_R"],"damage_healed":0,"gold_gain":0,"player_choice":"Card Removal","damage_taken":0,"max_hp_gain":0,"max_hp_loss":0,"event_name":"The Cleric","floor":4,"gold_loss":50},{"damage_healed":0,"gold_gain":0,"player_choice":"Bought 2 Potions","damage_taken":0,"max_hp_gain":0,"max_hp_loss":0,"event_name":"The Woman in Blue","floor":25,"gold_loss":0},{"damage_healed":0,"gold_gain":0,"player_choice":"Stole Relic","damage_taken":0,"relics_obtained":["Champion Belt"],"max_hp_gain":0,"max_hp_loss":0,"event_name":"Addict","floor":28,"gold_loss":0,"cards_obtained":["Shame"]},{"damage_healed":0,"gold_gain":0,"player_choice":"Ignored","damage_taken":0,"max_hp_gain":0,"max_hp_loss":0,"event_name":"Ghosts","floor":31,"gold_loss":0}],"is_beta":false,"boss_relics":[{"not_picked":["Runic Cube","Black Blood"],"picked":"Coffee Dripper"}],"items_purged_floors":[20],"is_endless":false,"potions_floor_spawned":[3,10,12,21,22],"killed_by":"Collector","ascension_level":0}