{"gold_per_floor":[110,110,285,285,285,285,299,318,318,318,348,360,373,373,373,473,473,491,491,491,509,528,528,628,628,655,379,478,497,497,514,514,514],"floor_reached":33,"playtime":1436,"items_purged":["Strike_B"],"score":245,"play_id":"4061bb15-b81d-4d1d-b400-6044dec85660","local_time":"20190623035857","is_ascension_mode":false,"campfire_choices":[{"data":"Dualcast","floor":6,"key":"SMITH"},{"data":"Glacier","floor":10,"key":"SMITH"},{"data":"White Noise","floor":15,"key":"SMITH"},{"data":"Hologram","floor":23,"key":"SMITH"},{"data":"Capacitor","floor":25,"key":"SMITH"},{"data":"Self Repair","floor":30,"key":"SMITH"},{"data":"Multi-Cast","floor":32,"key":"SMITH"}],"neow_cost":"TEN_PERCENT_HP_LOSS","seed_source_timestamp":307961146597674,"circlet_count":0,"master_deck":["Strike_B","Strike_B","Defend_B","Defend_B","Defend_B","Defend_B","Zap+1","Dualcast+1","Meteor Strike","Ball Lightning","Glacier+1","Cold Snap","White Noise+1","BootSequence","Machine Learning","Glacier","Turbo","Cold Snap","Coolheaded","Stack","Steam+1","Hologram+1","Chaos+1","Capacitor+1","Self Repair+1","Cold Snap+1","Multi-Cast+1"],"relics":["Cracked Core","Emotion Chip","Centennial Puzzle","Orrery","DataDisk","Du-Vu Doll","Mercury Hourglass","Bag of Marbles","ClockworkSouvenir"],"potions_floor_usage":[24,24,24,33,33],"damage_taken":[{"damage":1,"enemies":"Cultist","floor":1,"turns":4},{"damage":1,"enemies":"Jaw Worm","floor":7,"turns":3},{"damage":2,"enemies":"Small Slimes","floor":8,"turns":3},{"damage":14,"enemies":"3 Sentries","floor":11,"turns":7},{"damage":0,"enemies":"Blue Slaver","floor":12,"turns":3},{"damage":0,"enemies":"Exordium Thugs","floor":13,"turns":4},{"damage":17,"enemies":"Slime Boss","floor":16,"turns":10},{"damage":11,"enemies":"Spheric Guardian","floor":18,"turns":8},{"damage":0,"enemies":"Shell Parasite","floor":21,"turns":9},{"damage":14,"enemies":"Chosen and Byrds","floor":22,"turns":7},{"damage":24,"enemies":"Colosseum Slavers","floor":24,"turns":4},{"damage":19,"enemies":"Colosseum Nobs","floor":24,"turns":7},{"damage":8,"enemies":"Snake Plant","floor":29,"turns":6},{"damage":0,"enemies":"Cultist and Chosen","floor":31,"turns":7},{"damage":46,"enemies":"Automaton","floor":33,"turns":12}],"seed_played":"-5301922728009349036","potions_obtained":[{"floor":1,"key":"LiquidBronze"},{"floor":11,"key":"GamblersBrew"},{"floor":13,"key":"Regen Potion"},{"floor":16,"key":"Regen Potion"},{"floor":24,"key":"PowerPotion"},{"floor":31,"key":"Block Potion"}],"is_trial":false,"path_per_floor":["M","?","?","?","?","R","M","M","T","R","E","M","M","?","R","B",null,"M","?","T","M","M","R","?","R","T","$","?","M","R","M","R","B"],"character_chosen":"DEFECT","items_purchased":["ClockworkSouvenir"],"campfire_rested":0,"item_purchase_floors":[27],"current_hp_per_floor":[67,60,60,60,60,60,59,57,57,57,43,43,43,48,48,31,73,62,62,62,62,48,48,32,32,32,32,32,24,24,34,34,0],"gold":514,"neow_bonus":"THREE_RARE_CARDS","is_prod":false,"is_daily":false,"chose_seed":false,"campfire_upgraded":7,"win_rate":0,"timestamp":1561229937,"path_taken":["M","?","?","?","?","R","M","?","T","R","E","M","M","?","R","BOSS","M","?","?","M","M","R","?","R","T","$","?","M","R","M","R","BOSS"],"build_version":"2019-01-23","purchased_purges":1,"victory":false,"max_hp_per_floor":[68,68,68,68,68,68,68,68,68,68,68,68,68,73,73,73,73,73,73,73,73,73,73,73,73,73,73,73,73,73,73,73,73],"card_choices":[{"not_picked":["Multi-Cast","Seek"],"picked":"Meteor Strike","floor":0},{"not_picked":["Force Field","Cold Snap"],"picked":"Ball Lightning","floor":1},{"not_picked":["Hello World","Steam"],"picked":"Glacier","floor":7},{"not_picked":["Doom and Gloom","Rip and Tear"],"picked":"Cold Snap","floor":8},{"not_picked":["Hyperbeam","Ball Lightning"],"picked":"White Noise","floor":11},{"not_picked":["Ball Lightning","Blizzard"],"picked":"BootSequence","floor":12},{"not_picked":["Streamline","Auto Shields","Blizzard"],"picked":"SKIP","floor":13},{"not_picked":["Reboot","Thunder Strike"],"picked":"Machine Learning","floor":16},{"not_picked":["Go for the Eyes","Chaos"],"picked":"Glacier","floor":17},{"not_picked":["Beam Cell","Streamline"],"picked":"Turbo","floor":17},{"not_picked":["Sweeping Beam","Auto Shields"],"picked":"Cold Snap","floor":17},{"not_picked":["Rebound","Leap"],"picked":"Coolheaded","floor":17},{"not_picked":["Steam","Gash"],"picked":"Stack","floor":17},{"not_picked":["Beam Cell","Lockon"],"picked":"Steam+1","floor":18},{"not_picked":["Streamline+1","Gash"],"picked":"Chaos+1","floor":21},{"not_picked":["Force Field","Hello World+1"],"picked":"Capacitor","floor":22},{"not_picked":["Turbo","Stack"],"picked":"Self Repair","floor":24},{"not_picked":["Hello World+1","Conserve Battery"],"picked":"Cold Snap+1","floor":29},{"not_picked":["Aggregate","Rebound"],"picked":"Multi-Cast","floor":31}],"player_experience":1059163,"relics_obtained":[{"floor":9,"key":"Emotion Chip"},{"floor":11,"key":"Centennial Puzzle"},{"floor":20,"key":"DataDisk"},{"floor":24,"key":"Du-Vu Doll"},{"floor":24,"key":"Mercury Hourglass"},{"floor":26,"key":"Bag of Marbles"}],"event_choices":[{"cards_removed":["Strike_B"],"damage_healed":0,"gold_gain":0,"player_choice":"Card Removal","damage_taken":7,"max_hp_gain":0,"max_hp_loss":0,"event_name":"Golden Wing","floor":2,"gold_loss":0},{"damage_healed":0,"gold_gain":175,"player_choice":"AGREE","damage_taken":0,"max_hp_gain":0,"max_hp_loss":0,"event_name":"Liars Game","floor":3,"gold_loss":0,"cards_obtained":["Doubt"]},{"cards_removed":["Doubt"],"damage_healed":0,"gold_gain":0,"player_choice":"Forget","damage_taken":0,"max_hp_gain":0,"max_hp_loss":0,"event_name":"Living Wall","floor":4,"gold_loss":0},{"damage_healed":0,"gold_gain":0,"player_choice":"Forge","damage_taken":0,"max_hp_gain":0,"max_hp_loss":0,"event_name":"Accursed Blacksmith","floor":5,"gold_loss":0,"cards_upgraded":["Zap"]},{"damage_healed":0,"gold_gain":0,"player_choice":"Donut","damage_taken":0,"max_hp_gain":5,"max_hp_loss":0,"event_name":"Big Fish","floor":14,"gold_loss":0},{"damage_healed":0,"gold_gain":0,"player_choice":"Read","damage_taken":0,"max_hp_gain":0,"max_hp_loss":0,"event_name":"The Library","floor":19,"gold_loss":0,"cards_obtained":["Hologram"]},{"damage_healed":0,"gold_gain":0,"player_choice":"Fight","damage_taken":0,"max_hp_gain":0,"max_hp_loss":0,"event_name":"Colosseum","floor":24,"gold_loss":0},{"damage_healed":0,"gold_gain":0,"player_choice":"Fought Nobs","damage_taken":0,"max_hp_gain":0,"max_hp_loss":0,"event_name":"Colosseum","floor":24,"gold_loss":0},{"damage_healed":0,"gold_gain":99,"player_choice":"Stole From Cult","damage_taken":0,"max_hp_gain":0,"max_hp_loss":0,"event_name":"Nest","floor":28,"gold_loss":0}],"is_beta":false,"boss_relics":[{"not_picked":["Sozu","FrozenCore"],"picked":"Orrery"}],"items_purged_floors":[27],"is_endless":false,"potions_floor_spawned":[1,11,13,16,22,24,31],"killed_by":"Automaton","ascension_level":0}