{"gold_per_floor":[115,42,62,62,12,43,43,53,53,53,53,3,3,20,20,20],"floor_reached":16,"playtime":489,"items_purged":["Defend_R"],"score":98,"play_id":"966efdf9-7ffb-4e54-82b9-036d34a59f5e","local_time":"20190701224508","is_ascension_mode":false,"campfire_choices":[{"data":"Whirlwind","floor":7,"key":"SMITH"},{"data":"Inflame","floor":10,"key":"SMITH"},{"data":"Body Slam","floor":11,"key":"SMITH"},{"data":"Disarm","floor":13,"key":"SMITH"},{"data":"Havoc","floor":15,"key":"SMITH"}],"neow_cost":"PERCENT_DAMAGE","seed_source_timestamp":72072544970500,"circlet_count":0,"master_deck":["Strike_R","Strike_R","Defend_R","Defend_R","Defend_R","Bash","Wild Strike","Dark Embrace","Body Slam+1","Whirlwind+1","Inflame+1","Dual Wield","Disarm+1","Havoc+1"],"relics":["Burning Blood","Girya","Smiling Mask","WingedGreaves"],"potions_floor_usage":[16,16],"damage_taken":[{"damage":6,"enemies":"Jaw Worm","floor":1,"turns":4},{"damage":3,"enemies":"Small Slimes","floor":3,"turns":2},{"damage":26,"enemies":"3 Sentries","floor":6,"turns":7},{"damage":10,"enemies":"Cultist","floor":8,"turns":4},{"damage":10,"enemies":"Lots of Slimes","floor":14,"turns":2},{"damage":39,"enemies":"Slime Boss","floor":16,"turns":8}],"seed_played":"3642700841495346789","potions_obtained":[{"floor":6,"key":"Dexterity Potion"},{"floor":8,"key":"BloodPotion"}],"is_trial":false,"path_per_floor":["M","$","M","?","?","E","R","M","T","R","R","$","R","M","R","B"],"character_chosen":"IRONCLAD","items_purchased":["Whirlwind"],"campfire_rested":0,"item_purchase_floors":[2],"current_hp_per_floor":[56,56,59,47,47,27,27,23,23,23,23,23,23,19,19,0],"gold":20,"neow_bonus":"TRANSFORM_TWO_CARDS","is_prod":false,"is_daily":false,"chose_seed":false,"campfire_upgraded":5,"win_rate":0,"timestamp":1561988708,"path_taken":["M","$","M","?","?","E","R","?","T","R","R","?","R","M","R","BOSS"],"build_version":"2019-01-23","purchased_purges":1,"victory":false,"max_hp_per_floor":[80,80,80,80,80,80,80,80,80,80,80,80,80,80,80,80],"card_choices":[{"not_picked":["Perfected Strike","Wild Strike"],"picked":"Body Slam","floor":1},{"not_picked":["Clothesline","True Grit"],"picked":"Inflame","floor":3},{"not_picked":["Anger","Body Slam"],"picked":"Dual Wield","floor":6},{"not_picked":["Heavy Blade","Anger"],"picked":"Disarm","floor":8},{"not_picked":["Wild Strike","Rupture"],"picked":"Havoc","floor":14}],"player_experience":1072505,"relics_obtained":[{"floor":6,"key":"Smiling Mask"},{"floor":9,"key":"WingedGreaves"}],"event_choices":[{"damage_healed":0,"gold_gain":0,"player_choice":"Success","damage_taken":12,"relics_obtained":["Girya"],"max_hp_gain":0,"max_hp_loss":0,"event_name":"Scrap Ooze","floor":4,"gold_loss":0},{"cards_removed":["Strike_R"],"damage_healed":0,"gold_gain":0,"player_choice":"Card Removal","damage_taken":0,"max_hp_gain":0,"max_hp_loss":0,"event_name":"The Cleric","floor":5,"gold_loss":50}],"is_beta":false,"boss_relics":[],"items_purged_floors":[12],"is_endless":false,"potions_floor_spawned":[6,8],"killed_by":"Slime Boss","ascension_level":0}