{"gold_per_floor":[113,124,124,274,74,74,105,105,186,217,217,242,267,291,291,387,387,412,412],"floor_reached":19,"playtime":736,"items_purged":["Doubt"],"score":350,"play_id":"5f276f57-8608-4c16-b8e2-5e722d9a3b2e","local_time":"20190415091626","is_ascension_mode":true,"campfire_choices":[{"data":"Defragment","floor":6.0,"key":"SMITH"},{"floor":8.0,"key":"REST"},{"floor":11.0,"key":"REST"},{"data":"Consume","floor":15.0,"key":"SMITH"}],"neow_cost":"NONE","seed_source_timestamp":0,"circlet_count":0,"master_deck":["AscendersBane","Strike_B","Strike_B","Strike_B","Strike_B","Defend_B","Defend_B","Defend_B","Defend_B","Zap+1","Dualcast","Storm","Leap","Defragment+1","Doom and Gloom","Hologram","Consume+1","Capacitor","Doom and Gloom","Echo Form","Cold Snap"],"special_seed":0,"relics":["Cracked Core","Golden Idol","Ginger","Gremlin Horn","Meat on the Bone","Ancient Tea Set","Inserter"],"potions_floor_usage":[],"damage_taken":[{"damage":3.0,"enemies":"Small Slimes","floor":1.0,"turns":3.0},{"damage":14.0,"enemies":"Jaw Worm","floor":2.0,"turns":4.0},{"damage":39.0,"enemies":"Gremlin Nob","floor":7.0,"turns":4.0},{"damage":18.0,"enemies":"Lagavulin","floor":10.0,"turns":4.0},{"damage":6.0,"enemies":"Cultist","floor":12.0,"turns":3.0},{"damage":4.0,"enemies":"3 Louse","floor":13.0,"turns":3.0},{"damage":25.0,"enemies":"Slime Boss","floor":16.0,"turns":6.0},{"damage":35,"enemies":"Chosen","floor":18,"turns":5},{"damage":32,"enemies":"3 Byrds","floor":19,"turns":4}],"seed_played":"-427613502654268353","potions_obtained":[{"floor":7.0,"key":"Energy Potion"},{"floor":10.0,"key":"Swift Potion"}],"is_trial":false,"path_per_floor":["M","M","?","?","$","R","E","R","T","E","R","M","M","T","R","B",null,"M","M"],"character_chosen":"DEFECT","items_purchased":["Defragment","Doom and Gloom"],"campfire_rested":2,"item_purchase_floors":[5,5],"current_hp_per_floor":[61,47,47,47,47,47,8,27,27,9,28,34,42,42,42,29,55,32,0],"gold":412,"neow_bonus":"UPGRADE_CARD","is_prod":false,"is_daily":false,"chose_seed":false,"campfire_upgraded":2,"win_rate":0,"timestamp":1555308986,"path_taken":["M","M","?","?","$","R","E","R","T","E","R","M","M","?","R","BOSS","M","?"],"build_version":"2019-01-23","purchased_purges":1,"victory":false,"max_hp_per_floor":[71,71,64,64,64,64,64,64,64,64,64,64,64,64,64,64,64,64,64],"card_choices":[{"not_picked":["Redo","Turbo"],"picked":"Storm","floor":1.0},{"not_picked":["Beam Cell","Go for the Eyes"],"picked":"Leap","floor":2.0},{"not_picked":["Beam Cell","Amplify"],"picked":"Hologram","floor":7.0},{"not_picked":["Barrage","Steam Power"],"picked":"Consume","floor":10.0},{"not_picked":["Undo","Darkness"],"picked":"Capacitor","floor":12.0},{"not_picked":["Go for the Eyes","Compile Driver"],"picked":"Doom and Gloom","floor":13.0},{"not_picked":["Electrodynamics","Meteor Strike"],"picked":"Echo Form","floor":16.0},{"not_picked":["Aggregate","Stack"],"picked":"Cold Snap","floor":18}],"player_experience":969442,"relics_obtained":[{"floor":7.0,"key":"Ginger"},{"floor":9.0,"key":"Gremlin Horn"},{"floor":10.0,"key":"Meat on the Bone"},{"floor":14.0,"key":"Ancient Tea Set"}],"event_choices":[{"damage_healed":0.0,"max_hp_gain":0.0,"max_hp_loss":7.0,"gold_gain":0.0,"event_name":"Golden Idol","player_choice":"Lose Max HP","floor":3.0,"gold_loss":0.0,"damage_taken":0.0,"relics_obtained":["Golden Idol"]},{"damage_healed":0.0,"max_hp_gain":0.0,"max_hp_loss":0.0,"gold_gain":150.0,"event_name":"Liars Game","player_choice":"AGREE","floor":4.0,"gold_loss":0.0,"damage_taken":0.0,"cards_obtained":["Doubt"]}],"is_beta":false,"boss_relics":[{"not_picked":["White Beast Statue","Black Star"],"picked":"Inserter"}],"items_purged_floors":[5],"is_endless":false,"potions_floor_spawned":[7,10,13,16],"killed_by":"3 Byrds","ascension_level":20}