{"gold_per_floor":[114,129,129,129,148,216,254,254,304,13,51,89,127,202,202,327,327,346,271,271,33,52,90,128,466,466,485,485,160,160,198,198,323,323,342,34,34,40,40,78,97,116,116,154,173,211,211,230,230,230],"floor_reached":51,"playtime":2893,"items_purged":["Body Slam","Body Slam"],"score":1197,"play_id":"f96f92d3-82b4-431e-a61a-92eb488f30d7","local_time":"20190612230055","daily_mods":["Insanity","Flight","Terminal"],"is_ascension_mode":false,"campfire_choices":[{"data":"Battle Trance","floor":8,"key":"SMITH"},{"data":"Disarm","floor":15,"key":"SMITH"},{"data":"Demon Form","floor":28,"key":"SMITH"},{"data":"Disarm","floor":30,"key":"SMITH"},{"data":"Inflame","floor":32,"key":"SMITH"},{"data":"Limit Break","floor":49,"key":"SMITH"}],"neow_cost":"","seed_source_timestamp":0,"circlet_count":0,"master_deck":["Shrug It Off","Spot Weakness+1","Sentinel","Shrug It Off","Warcry","Headbutt","Uppercut","Anger","Flex","Thunderclap","Heavy Blade","Heavy Blade","Clothesline","Sentinel","Heavy Blade","Sever Soul","Perfected Strike","Burning Pact","Reckless Charge","Pummel","Warcry","Whirlwind","Disarm+1","Metallicize","Rupture","Perfected Strike","Perfected Strike","Warcry","Clash","Perfected Strike","Anger","Perfected Strike","Wild Strike","Body Slam","Perfected Strike","Anger","Perfected Strike","Sword Boomerang","Pummel","Warcry","Burning Pact","Combust","Pommel Strike","Clothesline","Sword Boomerang","Body Slam","Anger","Flex","Disarm+1","Battle Trance+1","Reaper","Feel No Pain","Flex","Immolate","Disarm","Demon Form+1","Parasite","Decay","Regret","Battle Trance","Inflame+1","Battle Trance","Shrug It Off","Disarm","Reaper+1","Armaments+1","Offering","Headbutt+1","Spot Weakness","Shockwave+1","Iron Wave+1","Spot Weakness","Limit Break","Limit Break+1","Shrug It Off+1","Shrug It Off+1","Wild Strike+1","Battle Trance+1","Feed+1","Warcry+1"],"special_seed":18059,"relics":["Burning Blood","Golden Idol","Tiny Chest","Bag of Marbles","PreservedInsect","Question Card","Du-Vu Doll","Bottled Tornado","Molten Egg 2","Calling Bell","Red Skull","Dodecahedron","Mango","Lee\u0027s Waffle","Centennial Puzzle","Bottled Flame","Old Coin","Orichalcum","Mercury Hourglass","Oddly Smooth Stone","Orrery","Sundial","Magic Flower","Letter Opener","Pen Nib","Gremlin Horn","Anchor","Mummified Hand","Boot"],"potions_floor_usage":[6,50,50,50],"damage_taken":[{"damage":3,"enemies":"Jaw Worm","floor":1,"turns":3},{"damage":0,"enemies":"2 Louse","floor":2,"turns":1},{"damage":0,"enemies":"Cultist","floor":5,"turns":2},{"damage":11,"enemies":"Lagavulin","floor":6,"turns":3},{"damage":7,"enemies":"3 Sentries","floor":7,"turns":6},{"damage":0,"enemies":"Gremlin Nob","floor":11,"turns":3},{"damage":1,"enemies":"3 Sentries","floor":12,"turns":4},{"damage":2,"enemies":"Lagavulin","floor":13,"turns":3},{"damage":0,"enemies":"Hexaghost","floor":16,"turns":10},{"damage":0,"enemies":"2 Thieves","floor":18,"turns":1},{"damage":7,"enemies":"Shell Parasite","floor":22,"turns":3},{"damage":10,"enemies":"Slavers","floor":23,"turns":4},{"damage":41,"enemies":"Book of Stabbing","floor":24,"turns":5},{"damage":2,"enemies":"Slavers","floor":25,"turns":2},{"damage":7,"enemies":"Centurion and Healer","floor":27,"turns":10},{"damage":9,"enemies":"Book of Stabbing","floor":31,"turns":5},{"damage":62,"enemies":"Automaton","floor":33,"turns":11},{"damage":0,"enemies":"Orb Walker","floor":35,"turns":1},{"damage":17,"enemies":"2 Orb Walkers","floor":38,"turns":3},{"damage":44,"enemies":"Nemesis","floor":40,"turns":5},{"damage":16,"enemies":"3 Darklings","floor":41,"turns":7},{"damage":0,"enemies":"Jaw Worm Horde","floor":42,"turns":2},{"damage":22,"enemies":"Giant Head","floor":44,"turns":6},{"damage":0,"enemies":"Sphere and 2 Shapes","floor":45,"turns":2},{"damage":7,"enemies":"Nemesis","floor":46,"turns":3},{"damage":0,"enemies":"Writhing Mass","floor":48,"turns":2},{"damage":81,"enemies":"Awakened One","floor":50,"turns":10}],"seed_played":"3787380663282676201","potions_obtained":[{"floor":2,"key":"Explosive Potion"},{"floor":6,"key":"PowerPotion"},{"floor":11,"key":"SkillPotion"},{"floor":13,"key":"Swift Potion"},{"floor":25,"key":"FearPotion"},{"floor":35,"key":"Ancient Potion"},{"floor":38,"key":"PowerPotion"}],"is_trial":false,"path_per_floor":["M","M","?","?","M","E","E","R","T","$","E","E","E","?","R","B",null,"M","?","?","$","M","E","E","E","T","M","R","$","R","E","R","B",null,"M","$","T","?","T","E","M","M","T","E","M","E","T","M","R","B",null],"character_chosen":"IRONCLAD","items_purchased":["Feel No Pain","Question Card","Lee\u0027s Waffle","Inflame","Mercury Hourglass","Limit Break","SpeedPotion"],"campfire_rested":0,"item_purchase_floors":[10,10,21,21,29,36,36],"current_hp_per_floor":[78,77,58,58,64,59,58,58,58,58,64,67,66,55,55,61,76,75,74,73,79,78,74,39,43,43,64,64,64,64,62,62,17,66,65,64,63,52,52,17,59,58,57,52,55,54,53,56,55,54],"gold":230,"neow_bonus":"","is_prod":false,"is_daily":true,"chose_seed":false,"campfire_upgraded":6,"win_rate":0,"timestamp":1560369655,"path_taken":["M","M","?","?","?","E","E","R","T","$","E","E","E","?","R","BOSS","M","?","?","$","?","E","E","E","T","?","R","$","R","E","R","BOSS","M","$","?","?","?","E","M","?","T","E","M","E","?","M","R","BOSS"],"build_version":"2019-01-23","purchased_purges":2,"victory":true,"max_hp_per_floor":[78,77,76,75,74,73,72,71,70,69,68,67,66,65,64,63,76,75,74,73,79,78,77,76,75,74,73,72,71,70,69,68,67,66,65,64,63,62,61,60,59,58,57,56,55,54,53,56,55,54],"card_choices":[{"not_picked":["Clothesline","Burning Pact"],"picked":"Flex","floor":1},{"not_picked":["Armaments","Body Slam"],"picked":"Disarm","floor":2},{"not_picked":["Seeing Red","Sentinel","Second Wind"],"picked":"SKIP","floor":5},{"not_picked":["Seeing Red","Armaments"],"picked":"Battle Trance","floor":6},{"not_picked":["Flex","Bloodletting"],"picked":"Reaper","floor":7},{"not_picked":["Perfected Strike","Wild Strike","Sword Boomerang"],"picked":"Flex","floor":11},{"not_picked":["Body Slam","Shrug It Off","Iron Wave"],"picked":"Immolate","floor":12},{"not_picked":["Rupture","Clash","Entrench"],"picked":"Disarm","floor":13},{"not_picked":["Berserk","Bludgeon+1","Impervious"],"picked":"Demon Form","floor":16},{"not_picked":["Twin Strike+1","Pommel Strike+1","Entrench"],"picked":"Battle Trance","floor":18},{"not_picked":["Clash+1","Iron Wave+1","Pommel Strike+1"],"picked":"Battle Trance","floor":22},{"not_picked":["Clothesline+1","Warcry","Hemokinesis+1"],"picked":"Shrug It Off","floor":23},{"not_picked":["Pummel+1","Pommel Strike+1","Carnage+1"],"picked":"Disarm","floor":24},{"not_picked":["Thunderclap+1","Clothesline+1","Searing Blow+1"],"picked":"Reaper+1","floor":25},{"not_picked":["Reckless Charge+1","Perfected Strike+1","Pommel Strike+1"],"picked":"Armaments+1","floor":27},{"not_picked":["Thunderclap+1","Power Through+1","Cleave+1","Whirlwind+1"],"picked":"SKIP","floor":31},{"not_picked":["Brutality","Exhume","Bludgeon+1"],"picked":"Offering","floor":33},{"not_picked":["Body Slam+1","Heavy Blade+1","Seeing Red"],"picked":"Headbutt+1","floor":34},{"not_picked":["Anger+1","Twin Strike+1","Evolve"],"picked":"Spot Weakness","floor":34},{"not_picked":["Havoc+1","Heavy Blade+1","Reckless Charge+1"],"picked":"Shockwave+1","floor":34},{"not_picked":["Evolve","Combust","Warcry+1"],"picked":"Iron Wave+1","floor":34},{"not_picked":["Pummel+1","Warcry","Sword Boomerang+1"],"picked":"Spot Weakness","floor":34},{"not_picked":["Perfected Strike+1","Havoc","Wild Strike+1"],"picked":"Limit Break","floor":35},{"not_picked":["True Grit","Battle Trance","Shockwave"],"picked":"Shrug It Off+1","floor":38},{"not_picked":["Havoc","Reckless Charge+1","Dark Embrace","Carnage+1"],"picked":"SKIP","floor":40},{"not_picked":["Pommel Strike+1","Body Slam+1","Corruption"],"picked":"Shrug It Off+1","floor":41},{"not_picked":["Clash+1","Sentinel","Dark Embrace"],"picked":"Wild Strike+1","floor":42},{"not_picked":["Heavy Blade+1","Iron Wave+1","Havoc+1"],"picked":"Battle Trance+1","floor":44},{"not_picked":["Body Slam+1","Metallicize+1","Wild Strike+1","Shrug It Off"],"picked":"SKIP","floor":45},{"not_picked":["Twin Strike+1","Headbutt+1","Power Through"],"picked":"Feed+1","floor":46},{"not_picked":["Flame Barrier","Body Slam+1","Anger+1"],"picked":"Warcry+1","floor":48}],"player_experience":1089792,"relics_obtained":[{"floor":6,"key":"Tiny Chest"},{"floor":7,"key":"Bag of Marbles"},{"floor":9,"key":"PreservedInsect"},{"floor":11,"key":"Du-Vu Doll"},{"floor":12,"key":"Bottled Tornado"},{"floor":13,"key":"Molten Egg 2"},{"floor":17,"key":"Red Skull"},{"floor":17,"key":"Dodecahedron"},{"floor":17,"key":"Mango"},{"floor":23,"key":"Centennial Puzzle"},{"floor":24,"key":"Bottled Flame"},{"floor":25,"key":"Old Coin"},{"floor":26,"key":"Orichalcum"},{"floor":31,"key":"Oddly Smooth Stone"},{"floor":37,"key":"Sundial"},{"floor":38,"key":"Magic Flower"},{"floor":39,"key":"Letter Opener"},{"floor":40,"key":"Pen Nib"},{"floor":43,"key":"Gremlin Horn"},{"floor":44,"key":"Anchor"},{"floor":46,"key":"Mummified Hand"},{"floor":47,"key":"Boot"}],"event_choices":[{"damage_healed":0,"gold_gain":0,"player_choice":"Take Damage","damage_taken":19,"relics_obtained":["Golden Idol"],"max_hp_gain":0,"max_hp_loss":0,"event_name":"Golden Idol","floor":3,"gold_loss":0},{"damage_healed":0,"gold_gain":0,"player_choice":"Upgraded","damage_taken":0,"max_hp_gain":0,"max_hp_loss":0,"event_name":"Upgrade Shrine","floor":4,"gold_loss":0,"cards_upgraded":["Spot Weakness"]},{"damage_healed":0,"gold_gain":75,"player_choice":"Gather Gold","damage_taken":11,"max_hp_gain":0,"max_hp_loss":0,"event_name":"World of Goop","floor":14,"gold_loss":0},{"cards_removed":["Fire Breathing"],"damage_healed":0,"gold_gain":0,"player_choice":"Gave Gold","damage_taken":0,"max_hp_gain":0,"max_hp_loss":0,"event_name":"Beggar","floor":19,"gold_loss":75},{"damage_healed":0,"gold_gain":0,"player_choice":"Bought 0 Potions","damage_taken":0,"max_hp_gain":0,"max_hp_loss":0,"event_name":"The Woman in Blue","floor":20,"gold_loss":0},{"damage_healed":0,"gold_gain":0,"player_choice":"Fight","damage_taken":0,"max_hp_gain":0,"max_hp_loss":0,"event_name":"Mysterious Sphere","floor":38,"gold_loss":0}],"is_beta":false,"boss_relics":[{"not_picked":["Fusion Hammer","Empty Cage"],"picked":"Calling Bell"},{"not_picked":["Black Blood","White Beast Statue"],"picked":"Orrery"}],"items_purged_floors":[29,36],"is_endless":false,"potions_floor_spawned":[2,6,11,13,25,27,31,33,35,38,40,44,45],"ascension_level":0}