{"gold_per_floor":[113,123,123,123,135,135,154,229,229,229,229,229,37,55,55,155,155,167,180,95,124,137,137,55,83,83,83,101,119,119,130,130,230,230,249,99,118,118],"floor_reached":38,"playtime":2268,"items_purged":["Strike_B"],"score":386,"play_id":"c52b3a27-29c2-4195-ac1f-4abfaba2b85d","local_time":"20190611012351","is_ascension_mode":false,"campfire_choices":[{"data":"Zap","floor":6,"key":"SMITH"},{"data":"Dualcast","floor":10,"key":"SMITH"},{"data":"Coolheaded","floor":12,"key":"SMITH"},{"data":"Conserve Battery","floor":15,"key":"SMITH"},{"floor":23,"key":"REST"},{"data":"Capacitor","floor":27,"key":"SMITH"},{"floor":30,"key":"REST"},{"data":"Echo Form","floor":32,"key":"SMITH"}],"neow_cost":"TEN_PERCENT_HP_LOSS","seed_source_timestamp":929224944899860,"circlet_count":0,"master_deck":["Defend_B","Defend_B","Defend_B","Defend_B","Zap+1","Dualcast+1","BootSequence","Storm","Conserve Battery+1","Coolheaded+1","BootSequence","Echo Form+1","All For One","Gash","Ball Lightning+1","Glacier","Capacitor+1","Stack+1","Core Surge+1","Creative AI","Steam+1","Defragment","Stack+1"],"relics":["Cracked Core","Ginger","Pantograph","PreservedInsect","Runic Capacitor","Empty Cage","Cables","Red Mask","Molten Egg 2","Boot","Nuclear Battery"],"potions_floor_usage":[16,16,18,22,29,33,33,38,38],"damage_taken":[{"damage":0,"enemies":"Small Slimes","floor":1,"turns":3},{"damage":1,"enemies":"Cultist","floor":2,"turns":4},{"damage":1,"enemies":"Jaw Worm","floor":5,"turns":3},{"damage":2,"enemies":"Blue Slaver","floor":7,"turns":3},{"damage":1,"enemies":"Gremlin Gang","floor":14,"turns":6},{"damage":25,"enemies":"Hexaghost","floor":16,"turns":9},{"damage":3,"enemies":"2 Thieves","floor":18,"turns":4},{"damage":0,"enemies":"Chosen","floor":19,"turns":4},{"damage":49,"enemies":"Masked Bandits","floor":21,"turns":6},{"damage":12,"enemies":"Snake Plant","floor":22,"turns":6},{"damage":8,"enemies":"Book of Stabbing","floor":25,"turns":5},{"damage":0,"enemies":"Snecko","floor":28,"turns":6},{"damage":7,"enemies":"Cultist and Chosen","floor":29,"turns":9},{"damage":0,"enemies":"Centurion and Healer","floor":31,"turns":10},{"damage":23,"enemies":"Automaton","floor":33,"turns":16},{"damage":25,"enemies":"3 Shapes","floor":35,"turns":4},{"damage":13,"enemies":"3 Darklings","floor":37,"turns":7},{"damage":30,"enemies":"2 Orb Walkers","floor":38,"turns":3}],"seed_played":"8938816153061650433","potions_obtained":[{"floor":1,"key":"LiquidBronze"},{"floor":5,"key":"LiquidBronze"},{"floor":14,"key":"Fire Potion"},{"floor":19,"key":"Swift Potion"},{"floor":25,"key":"GamblersBrew"},{"floor":29,"key":"SkillPotion"},{"floor":31,"key":"PowerPotion"},{"floor":35,"key":"Fire Potion"},{"floor":37,"key":"SneckoOil"}],"is_trial":false,"path_per_floor":["M","M","?","?","M","R","M","?","T","R","?","R","$","M","R","B",null,"M","M","?","?","M","R","$","E","T","R","M","M","R","M","R","B",null,"M","$","M","?"],"character_chosen":"DEFECT","items_purchased":["Runic Capacitor","Glacier","Defragment"],"campfire_rested":2,"item_purchase_floors":[13,24,36],"current_hp_per_floor":[68,67,64,64,63,63,61,50,50,50,50,50,50,49,49,43,68,65,65,65,16,4,24,24,16,16,16,16,9,29,29,29,31,68,43,43,30,0],"gold":118,"neow_bonus":"ONE_RARE_RELIC","is_prod":false,"is_daily":false,"chose_seed":false,"campfire_upgraded":6,"win_rate":0,"timestamp":1560183831,"path_taken":["M","M","?","?","?","R","M","?","T","R","?","R","$","M","R","BOSS","M","?","?","?","M","R","?","E","T","R","?","M","R","M","R","BOSS","M","$","M","?"],"build_version":"2019-01-23","purchased_purges":1,"victory":false,"max_hp_per_floor":[68,68,68,68,68,68,68,68,68,68,68,68,68,68,68,68,68,68,68,68,68,68,68,68,68,68,68,68,68,68,68,68,68,68,68,68,68,68],"card_choices":[{"not_picked":["Rip and Tear","Hologram"],"picked":"BootSequence","floor":1},{"not_picked":["Darkness","Steam"],"picked":"Storm","floor":2},{"not_picked":["Leap","Turbo"],"picked":"Conserve Battery","floor":5},{"not_picked":["Double Energy","Chaos"],"picked":"Coolheaded","floor":7},{"not_picked":["Ball Lightning","Beam Cell"],"picked":"Echo Form","floor":14},{"not_picked":["Hyperbeam","Multi-Cast"],"picked":"All For One","floor":16},{"not_picked":["Coolheaded","Ball Lightning+1"],"picked":"Gash","floor":18},{"not_picked":["Melter+1","Leap","Rip and Tear"],"picked":"SKIP","floor":19},{"not_picked":["Blizzard","Turbo"],"picked":"Ball Lightning+1","floor":22},{"not_picked":["Barrage","Fusion"],"picked":"Capacitor","floor":25},{"not_picked":["Compile Driver+1","BootSequence"],"picked":"Stack+1","floor":28},{"not_picked":["Turbo","Steam Power+1","Stack"],"picked":"SKIP","floor":29},{"not_picked":["Conserve Battery","Cold Snap+1"],"picked":"Core Surge+1","floor":31},{"not_picked":["Meteor Strike+1","Amplify"],"picked":"Creative AI","floor":33},{"not_picked":["Skim+1","Beam Cell+1"],"picked":"Steam+1","floor":35},{"not_picked":["Sweeping Beam+1","Darkness+1"],"picked":"Stack+1","floor":37}],"player_experience":1012777,"relics_obtained":[{"floor":9,"key":"PreservedInsect"},{"floor":21,"key":"Red Mask"},{"floor":25,"key":"Molten Egg 2"},{"floor":26,"key":"Boot"}],"event_choices":[{"damage_healed":0,"gold_gain":0,"player_choice":"Success","damage_taken":3,"relics_obtained":["Pantograph"],"max_hp_gain":0,"max_hp_loss":0,"event_name":"Scrap Ooze","floor":3,"gold_loss":0},{"damage_healed":0,"gold_gain":0,"player_choice":"Ignored","damage_taken":0,"max_hp_gain":0,"max_hp_loss":0,"event_name":"NoteForYourself","floor":4,"gold_loss":0},{"damage_healed":0,"gold_gain":75,"player_choice":"Gather Gold","damage_taken":11,"max_hp_gain":0,"max_hp_loss":0,"event_name":"World of Goop","floor":8,"gold_loss":0},{"damage_healed":0,"gold_gain":0,"cards_transformed":["Strike_B"],"player_choice":"Transformed","damage_taken":0,"max_hp_gain":0,"max_hp_loss":0,"event_name":"Transmorgrifier","floor":11,"gold_loss":0,"cards_obtained":["BootSequence"]},{"damage_healed":0,"gold_gain":0,"player_choice":"Obtained Relic","damage_taken":0,"relics_obtained":["Cables"],"max_hp_gain":0,"max_hp_loss":0,"event_name":"Addict","floor":20,"gold_loss":85},{"damage_healed":0,"gold_gain":0,"player_choice":"Fought Bandits","damage_taken":0,"max_hp_gain":0,"max_hp_loss":0,"event_name":"Masked Bandits","floor":21,"gold_loss":0},{"damage_healed":0,"gold_gain":0,"player_choice":"Fight","damage_taken":0,"max_hp_gain":0,"max_hp_loss":0,"event_name":"Mysterious Sphere","floor":38,"gold_loss":0}],"is_beta":false,"boss_relics":[{"not_picked":["Busted Crown","Fusion Hammer"],"picked":"Empty Cage"},{"not_picked":["Runic Dome","Lizard Tail"],"picked":"Nuclear Battery"}],"items_purged_floors":[36],"is_endless":false,"potions_floor_spawned":[1,5,14,19,25,29,31,35,37],"killed_by":"2 Orb Walkers","ascension_level":0}