{"gold_per_floor":[113,113,38,38,54,73,86,86,113,113,37,50,50,67,67,67],"floor_reached":16,"playtime":367,"items_purged":[],"score":170,"play_id":"7c77ec33-2856-4799-96ec-1d4b0207deeb","local_time":"20190102222046","is_ascension_mode":true,"campfire_choices":[{"data":"Hologram","floor":8,"key":"SMITH"},{"data":"Go for the Eyes","floor":10,"key":"SMITH"},{"data":"Defragment","floor":13,"key":"SMITH"},{"data":"Dualcast","floor":15,"key":"SMITH"}],"neow_cost":"CURSE","seed_source_timestamp":1401723779077963,"circlet_count":0,"master_deck":["AscendersBane","Strike_B+1","Strike_B","Strike_B","Strike_B","Defend_B","Defend_B","Defend_B","Defend_B","Zap+1","Dualcast+1","All For One","Gash+1","Go for the Eyes+1","Hologram+1","Gash","Self Repair","Defragment+1"],"relics":["Cracked Core","Happy Flower"],"potions_floor_usage":[],"damage_taken":[{"damage":2,"enemies":"Jaw Worm","floor":1,"turns":3},{"damage":1,"enemies":"2 Louse","floor":5,"turns":3},{"damage":10,"enemies":"Small Slimes","floor":6,"turns":3},{"damage":5,"enemies":"Red Slaver","floor":7,"turns":3},{"damage":2,"enemies":"2 Fungi Beasts","floor":12,"turns":2},{"damage":2,"enemies":"Large Slime","floor":14,"turns":5},{"damage":35,"enemies":"The Guardian","floor":16,"turns":5}],"seed_played":"-4894586198230501178","potions_obtained":[{"floor":7,"key":"Poison Potion"},{"floor":14,"key":"FocusPotion"}],"is_trial":false,"path_per_floor":["M","?","?","?","M","M","M","R","T","R","$","M","R","M","R","B"],"character_chosen":"DEFECT","items_purchased":["Self Repair"],"campfire_rested":0,"item_purchase_floors":[11],"current_hp_per_floor":[62,41,41,41,40,30,25,25,25,25,25,30,30,35,35,0],"gold":67,"neow_bonus":"THREE_RARE_CARDS","is_prod":false,"is_daily":false,"chose_seed":false,"campfire_upgraded":4,"win_rate":0,"timestamp":1546435246,"path_taken":["M","?","?","?","M","M","M","R","T","R","$","M","R","?","R","BOSS"],"build_version":"2018-12-20","purchased_purges":0,"victory":false,"max_hp_per_floor":[71,71,71,71,71,71,71,71,71,71,71,71,71,71,71,71],"card_choices":[{"not_picked":["Meteor Strike","Reboot"],"picked":"All For One","floor":0},{"not_picked":["Leap","Aggregate"],"picked":"Gash","floor":1},{"not_picked":["Conserve Battery","Hello World"],"picked":"Go for the Eyes","floor":5},{"not_picked":["Compile Driver","Storm"],"picked":"Hologram","floor":6},{"not_picked":["Aggregate","Cold Snap"],"picked":"Gash","floor":7},{"not_picked":["Leap","Double Energy"],"picked":"Defragment","floor":12},{"not_picked":["Recycle","Rebound","Streamline"],"picked":"SKIP","floor":14}],"player_experience":719505,"relics_obtained":[{"floor":9,"key":"Happy Flower"}],"event_choices":[{"damage_healed":0,"gold_gain":0,"player_choice":"Entered Light","damage_taken":21,"max_hp_gain":0,"max_hp_loss":0,"event_name":"Shining Light","floor":2,"gold_loss":0,"cards_upgraded":["Strike_B","Gash"]},{"cards_removed":["Writhe"],"damage_healed":0,"gold_gain":0,"player_choice":"Card Removal","damage_taken":0,"max_hp_gain":0,"max_hp_loss":0,"event_name":"The Cleric","floor":3,"gold_loss":75},{"damage_healed":0,"gold_gain":0,"player_choice":"Forge","damage_taken":0,"max_hp_gain":0,"max_hp_loss":0,"event_name":"Accursed Blacksmith","floor":4,"gold_loss":0,"cards_upgraded":["Zap"]}],"is_beta":false,"boss_relics":[],"items_purged_floors":[],"is_endless":false,"potions_floor_spawned":[7,14],"killed_by":"The Guardian","ascension_level":17}