{"gold_per_floor":[116,130,130,16,33,33,95,95,95,95,106,106,106,116,116,218,218,234,252,263,24,24,24,24,24,70,70,70,169,169,184,184,286,286,306,8,108,33,33,33,49,49,98,98,133,133,133,151,151,151],"floor_reached":51,"playtime":2401,"items_purged":["Shame"],"score":759,"play_id":"5574e6ce-614e-4933-bb08-49927171d343","local_time":"20190209203213","is_ascension_mode":false,"campfire_choices":[{"data":"Neutralize","floor":6,"key":"SMITH"},{"data":"Footwork","floor":10,"key":"SMITH"},{"data":"Footwork","floor":13,"key":"SMITH"},{"data":"Caltrops","floor":15,"key":"SMITH"},{"data":"Burst","floor":23,"key":"SMITH"},{"data":"A Thousand Cuts","floor":28,"key":"SMITH"},{"data":"Blade Dance","floor":30,"key":"SMITH"},{"data":"Dodge and Roll","floor":32,"key":"SMITH"},{"data":"Burst","floor":40,"key":"SMITH"},{"data":"Adrenaline","floor":42,"key":"SMITH"},{"data":"Panache","floor":44,"key":"SMITH"},{"data":"Blade Dance","floor":46,"key":"SMITH"},{"data":"Doppelganger","floor":49,"key":"SMITH"}],"neow_cost":"NONE","seed_source_timestamp":18237204473716,"circlet_count":0,"master_deck":["Defend_G+1","Defend_G+1","Defend_G+1","Defend_G+1","Strike_G+1","Strike_G+1","Survivor","Neutralize+1","Malaise+1","Terror+1","Blur+1","Backflip","Caltrops+1","Caltrops+1","Footwork+1","Blur","Dodge and Roll+1","Footwork+1","Dash","Deflect","A Thousand Cuts+1","Blade Dance+1","Distraction+1","Blur","Burst+1","Deflect+1","Burst+1","Adrenaline+1","Panache+1","Blade Dance+1","Acrobatics+1","Doppelganger+1"],"relics":["Astrolabe","Boot","Darkstone Periapt","Cursed Key","Singing Bowl","Ancient Tea Set","Sozu","Mango","Strawberry","Blood Vial"],"potions_floor_usage":[20,50],"damage_taken":[{"damage":0,"enemies":"2 Louse","floor":1,"turns":3},{"damage":5,"enemies":"Small Slimes","floor":2,"turns":4},{"damage":5,"enemies":"Jaw Worm","floor":5,"turns":6},{"damage":20,"enemies":"Gremlin Nob","floor":7,"turns":8},{"damage":4,"enemies":"Large Slime","floor":11,"turns":9},{"damage":0,"enemies":"Exordium Wildlife","floor":14,"turns":5},{"damage":8,"enemies":"The Guardian","floor":16,"turns":12},{"damage":0,"enemies":"Shell Parasite","floor":18,"turns":8},{"damage":0,"enemies":"3 Byrds","floor":19,"turns":2},{"damage":13,"enemies":"Centurion and Healer","floor":20,"turns":11},{"damage":0,"enemies":"Sentry and Sphere","floor":31,"turns":7},{"damage":0,"enemies":"Champ","floor":33,"turns":15},{"damage":2,"enemies":"3 Darklings","floor":35,"turns":4},{"damage":0,"enemies":"Mind Bloom Boss Battle","floor":37,"turns":8},{"damage":0,"enemies":"3 Shapes","floor":41,"turns":8},{"damage":2,"enemies":"Nemesis","floor":45,"turns":9},{"damage":0,"enemies":"Spire Growth","floor":48,"turns":6},{"damage":6,"enemies":"Donu and Deca","floor":50,"turns":10}],"seed_played":"2874814004096702114","potions_obtained":[{"floor":7,"key":"SpeedPotion"},{"floor":11,"key":"SpeedPotion"},{"floor":14,"key":"SkillPotion"},{"floor":33,"key":"Explosive Potion"}],"is_trial":false,"path_per_floor":["M","M","?","$","M","R","?","?","T","R","M","$","R","M","R","B",null,"M","M","M","$","?","R","?","$","T","$","R","?","R","M","R","B",null,"M","$","?","$","?","R","M","R","T","R","E","R","?","M","R","B",null],"character_chosen":"THE_SILENT","items_purchased":["Footwork","Blur","Blur","Burst","Adrenaline","Panache"],"campfire_rested":0,"item_purchase_floors":[4,4,21,21,36,36],"current_hp_per_floor":[70,65,65,65,60,60,40,26,26,26,22,22,22,22,22,14,70,70,70,57,57,57,57,57,57,63,63,63,63,63,63,63,63,76,74,74,88,88,88,88,88,88,101,101,101,101,101,103,103,99],"gold":151,"neow_bonus":"BOSS_RELIC","is_prod":false,"is_daily":false,"chose_seed":false,"campfire_upgraded":13,"win_rate":0,"timestamp":1549711933,"path_taken":["M","M","?","$","M","R","?","?","T","R","M","$","R","M","R","BOSS","M","M","M","$","?","R","?","$","T","?","R","?","R","M","R","BOSS","M","$","?","$","?","R","?","R","T","R","E","R","?","M","R","BOSS"],"build_version":"2019-01-23","purchased_purges":1,"victory":true,"max_hp_per_floor":[70,70,70,70,70,70,70,70,70,70,70,70,70,70,70,70,70,70,70,70,70,70,70,70,70,76,76,76,76,76,76,76,76,76,76,76,90,90,90,90,90,90,103,103,105,105,105,105,105,105],"card_choices":[{"not_picked":["Quick Slash","Poisoned Stab"],"picked":"Backflip","floor":1},{"not_picked":["Skewer","Quick Slash"],"picked":"Caltrops","floor":2},{"not_picked":["Skewer","Backstab"],"picked":"Dodge and Roll","floor":5},{"not_picked":["Caltrops","Endless Agony"],"picked":"Footwork","floor":7},{"not_picked":["Underhanded Strike","Caltrops"],"picked":"Dash","floor":11},{"not_picked":["Flying Knee","Poisoned Stab"],"picked":"Deflect","floor":14},{"not_picked":["Venomology","Glass Knife"],"picked":"A Thousand Cuts","floor":16},{"not_picked":["Tactician","Bane"],"picked":"Blade Dance","floor":18},{"not_picked":["Dagger Throw","Slice+1"],"picked":"Distraction+1","floor":19},{"not_picked":["Flechettes","Bane","Dagger Spray"],"picked":"SKIP","floor":20},{"not_picked":["Acrobatics+1","Prepared"],"picked":"Deflect+1","floor":31},{"not_picked":["Glass Knife","A Thousand Cuts"],"picked":"Burst","floor":33},{"not_picked":["Underhanded Strike","Dagger Throw+1"],"picked":"Expertise","floor":35},{"not_picked":["Predator+1","Terror+1"],"picked":"Blade Dance","floor":37},{"not_picked":["Skewer","Bane"],"picked":"Acrobatics+1","floor":41},{"not_picked":["Predator+1","Eviscerate","Flying Knee"],"picked":"Singing Bowl","floor":45},{"not_picked":["Dagger Spray","Deflect"],"picked":"Doppelganger","floor":48}],"player_experience":884823,"relics_obtained":[{"floor":7,"key":"Boot"},{"floor":9,"key":"Darkstone Periapt"},{"floor":26,"key":"Ancient Tea Set"},{"floor":37,"key":"Mango"},{"floor":43,"key":"Strawberry"},{"floor":45,"key":"Blood Vial"}],"event_choices":[{"damage_healed":0,"gold_gain":0,"cards_transformed":["Strike_G"],"player_choice":"Change","damage_taken":0,"max_hp_gain":0,"max_hp_loss":0,"event_name":"Living Wall","floor":3,"gold_loss":0,"cards_obtained":["Caltrops"]},{"damage_healed":0,"gold_gain":0,"player_choice":"Searched \u00272\u0027 times","damage_taken":0,"max_hp_gain":0,"max_hp_loss":0,"event_name":"Dead Adventurer","floor":7,"gold_loss":0},{"damage_healed":0,"gold_gain":0,"player_choice":"Entered Light","damage_taken":14,"max_hp_gain":0,"max_hp_loss":0,"event_name":"Shining Light","floor":8,"gold_loss":0,"cards_upgraded":["Caltrops","Defend_G"]},{"damage_healed":0,"gold_gain":0,"player_choice":"Simplicity","damage_taken":0,"max_hp_gain":0,"max_hp_loss":0,"event_name":"Back to Basics","floor":22,"gold_loss":0,"cards_upgraded":["Defend_G","Defend_G","Defend_G","Strike_G","Strike_G"]},{"damage_healed":0,"gold_gain":0,"player_choice":"Opened","damage_taken":0,"relics_obtained":["Singing Bowl"],"max_hp_gain":0,"max_hp_loss":0,"event_name":"The Mausoleum","floor":24,"gold_loss":0},{"damage_healed":0,"gold_gain":99,"player_choice":"Stole From Cult","damage_taken":0,"max_hp_gain":0,"max_hp_loss":0,"event_name":"Nest","floor":29,"gold_loss":0},{"damage_healed":0,"gold_gain":0,"player_choice":"Fight","damage_taken":0,"max_hp_gain":0,"max_hp_loss":0,"event_name":"MindBloom","floor":37,"gold_loss":0},{"cards_removed":["Expertise"],"damage_healed":0,"gold_gain":0,"player_choice":"Removed Skill","damage_taken":0,"max_hp_gain":0,"max_hp_loss":0,"event_name":"Falling","floor":39,"gold_loss":0},{"cards_removed":["Normality"],"damage_healed":0,"gold_gain":0,"player_choice":"Removed Curses","damage_taken":0,"max_hp_gain":0,"max_hp_loss":0,"event_name":"Fountain of Cleansing","floor":47,"gold_loss":0}],"is_beta":false,"boss_relics":[{"not_picked":["Empty Cage","Black Star"],"picked":"Cursed Key"},{"not_picked":["Eternal Feather","WristBlade"],"picked":"Sozu"}],"items_purged_floors":[38],"is_endless":false,"potions_floor_spawned":[7,11,14,18,33,35,45],"ascension_level":0}