{"gold_per_floor":[13,13,13,31,31,31,59,59,132,57,75,87,87,107,107,107],"floor_reached":16,"playtime":444,"items_purged":["Defend_R"],"score":100,"play_id":"78800e96-7d05-4fd6-ae07-9b30018a7a75","local_time":"20180910165630","is_ascension_mode":false,"campfire_choices":[{"data":"Spot Weakness","floor":6,"key":"SMITH"},{"data":"Limit Break","floor":15,"key":"SMITH"}],"neow_cost":"NO_GOLD","seed_source_timestamp":73076299171821,"circlet_count":0,"master_deck":["Strike_R","Strike_R","Defend_R","Defend_R","Bash","Inflame","Spot Weakness+1","Metallicize","Flex","Limit Break+1","Heavy Blade"],"relics":["Burning Blood","StoneCalendar","Oddly Smooth Stone","Shuriken"],"potions_floor_usage":[16],"damage_taken":[{"damage":2,"enemies":"Small Slimes","floor":1,"turns":4},{"damage":13,"enemies":"2 Louse","floor":4,"turns":4},{"damage":34,"enemies":"Gremlin Nob","floor":7,"turns":5},{"damage":2,"enemies":"Jaw Worm","floor":11,"turns":3},{"damage":20,"enemies":"Lots of Slimes","floor":12,"turns":5},{"damage":9,"enemies":"2 Fungi Beasts","floor":14,"turns":4},{"damage":40,"enemies":"Slime Boss","floor":16,"turns":5}],"seed_played":"-7220788171445028995","potions_obtained":[{"floor":1,"key":"Ancient Potion"},{"floor":7,"key":"SkillPotion"},{"floor":12,"key":"SteroidPotion"}],"is_trial":false,"path_per_floor":["M","?","?","M","$","R","E","?","T","$","M","M","?","M","R"],"character_chosen":"IRONCLAD","items_purchased":[],"campfire_rested":0,"item_purchase_floors":[],"current_hp_per_floor":[80,80,80,73,73,73,45,38,38,38,42,28,28,25,25,0],"gold":107,"neow_bonus":"REMOVE_TWO","is_prod":false,"is_daily":false,"chose_seed":false,"campfire_upgraded":2,"win_rate":0,"timestamp":1536566190,"path_taken":["M","?","?","?","?","R","E","?","T","?","M","M","?","M","R","BOSS"],"build_version":"2018-09-06","purchased_purges":1,"victory":false,"max_hp_per_floor":[80,80,80,80,80,80,80,80,80,80,80,80,80,80,80,80],"card_choices":[{"not_picked":["Bloodletting","Pommel Strike"],"picked":"Inflame","floor":1},{"not_picked":["Iron Wave","Anger"],"picked":"Spot Weakness","floor":4},{"not_picked":["Thunderclap","True Grit"],"picked":"Metallicize","floor":7},{"not_picked":["Sword Boomerang","Rupture"],"picked":"Flex","floor":11},{"not_picked":["Clothesline","Rampage"],"picked":"Limit Break","floor":12},{"not_picked":["Perfected Strike","True Grit"],"picked":"Heavy Blade","floor":14}],"player_experience":407419,"relics_obtained":[{"floor":7,"key":"Oddly Smooth Stone"},{"floor":9,"key":"Shuriken"}],"event_choices":[{"event_name":"Big Fish","player_choice":"Box","floor":2,"damage_taken":0},{"event_name":"Living Wall","player_choice":"Forget","floor":3,"damage_taken":0},{"event_name":"Golden Wing","player_choice":"Card Removal","floor":8,"damage_taken":0},{"event_name":"Bonfire Elementals","player_choice":"BASIC","floor":13,"damage_taken":0}],"is_beta":true,"boss_relics":[],"items_purged_floors":[10],"is_endless":false,"potions_floor_spawned":[1,7,12,14],"killed_by":"Slime Boss","ascension_level":0}