{"gold_per_floor":[109,109,34,34,34,68,68,83,161,179,199,218,218,234,234,234],"floor_reached":16,"playtime":620,"items_purged":["Strike_R"],"score":127,"play_id":"19fd8475-d764-4972-a3f8-2ba00292cee6","local_time":"20181224152513","is_ascension_mode":false,"campfire_choices":[{"data":"Clothesline","floor":7,"key":"SMITH"},{"floor":15,"key":"RECALL"}],"neow_cost":"PERCENT_DAMAGE","seed_source_timestamp":598953491635779,"circlet_count":0,"master_deck":["Strike_R","Strike_R","Strike_R","Strike_R","Defend_R","Defend_R","Defend_R","Defend_R","Bash","Clothesline+1","Shrug It Off","Spot Weakness","Disarm","Barricade","Ghostly Armor"],"relics":["Burning Blood","Boot","Bag of Preparation","Art of War","The Courier"],"potions_floor_usage":[],"damage_taken":[{"damage":0,"enemies":"Small Slimes","floor":1,"turns":3},{"damage":48,"enemies":"Gremlin Nob","floor":6,"turns":6},{"damage":10,"enemies":"Cultist","floor":8,"turns":3},{"damage":10,"enemies":"Jaw Worm","floor":10,"turns":5},{"damage":10,"enemies":"3 Louse","floor":11,"turns":4},{"damage":10,"enemies":"Blue Slaver","floor":12,"turns":5},{"damage":9,"enemies":"Large Slime","floor":14,"turns":9},{"damage":32,"enemies":"Slime Boss","floor":16,"turns":7}],"seed_played":"-6722475714320596773","potions_obtained":[{"floor":1,"key":"Poison Potion"},{"floor":10,"key":"Energy Potion"},{"floor":11,"key":"FearPotion"},{"floor":14,"key":"Dexterity Potion"}],"is_trial":false,"path_per_floor":["M","?","$","?","?","E","R","M","T","M","M","M","?","M","R","B"],"character_chosen":"IRONCLAD","items_purchased":[],"campfire_rested":0,"item_purchase_floors":[],"current_hp_per_floor":[78,78,78,78,78,36,36,32,32,28,24,20,20,17,17,0],"gold":234,"neow_bonus":"TWENTY_PERCENT_HP_BONUS","is_prod":false,"is_daily":false,"chose_seed":false,"campfire_upgraded":1,"win_rate":0,"timestamp":1545632713,"path_taken":["M","?","?","?","?","E","R","M","T","M","?","M","?","?","R","BOSS"],"build_version":"2018-12-20","purchased_purges":1,"victory":false,"max_hp_per_floor":[96,96,96,96,96,96,96,96,96,96,96,96,96,96,96,96],"card_choices":[{"not_picked":["Sentinel","Wild Strike"],"picked":"Clothesline","floor":1},{"not_picked":["Wild Strike","Fire Breathing"],"picked":"Shrug It Off","floor":6},{"not_picked":["Thunderclap","Twin Strike"],"picked":"Spot Weakness","floor":8},{"not_picked":["Clothesline","Blood for Blood"],"picked":"Disarm","floor":10},{"not_picked":["Rupture","Rampage"],"picked":"Barricade","floor":11},{"not_picked":["Burning Pact","Flex","Pummel"],"picked":"SKIP","floor":12},{"not_picked":["Anger","Flex"],"picked":"Ghostly Armor","floor":14}],"player_experience":661801,"relics_obtained":[{"floor":6,"key":"Art of War"},{"floor":9,"key":"The Courier"}],"event_choices":[{"damage_healed":0,"gold_gain":0,"player_choice":"Gave Potion","damage_taken":0,"relics_obtained":["Boot"],"max_hp_gain":0,"max_hp_loss":0,"event_name":"WeMeetAgain","floor":2,"gold_loss":0},{"damage_healed":0,"gold_gain":0,"player_choice":"Box","damage_taken":0,"relics_obtained":["Bag of Preparation"],"max_hp_gain":0,"max_hp_loss":0,"event_name":"Big Fish","floor":4,"gold_loss":0,"cards_obtained":["Regret"]},{"damage_healed":0,"gold_gain":0,"player_choice":"Leave","damage_taken":0,"max_hp_gain":0,"max_hp_loss":0,"event_name":"The Cleric","floor":5,"gold_loss":0},{"cards_removed":["Regret"],"damage_healed":0,"gold_gain":0,"player_choice":"Removed Curses","damage_taken":0,"max_hp_gain":0,"max_hp_loss":0,"event_name":"Fountain of Cleansing","floor":13,"gold_loss":0}],"is_beta":false,"boss_relics":[],"items_purged_floors":[3],"is_endless":false,"potions_floor_spawned":[1,10,11,14],"killed_by":"Slime Boss","ascension_level":0}