{"gold_per_floor":[110,120,120,45,45,45,45,61,84,101,201,186,186,86,86,191,191,207,195,195,70,86,86],"floor_reached":23,"playtime":766,"items_purged":["Defend_B","Defend_B","Strike_B"],"score":181,"play_id":"be226a20-c7a8-403b-944e-902765733b59","local_time":"20190702005137","is_ascension_mode":false,"campfire_choices":[{"data":"Zap","floor":13,"key":"SMITH"},{"data":"Dualcast","floor":15,"key":"SMITH"}],"neow_cost":"NONE","seed_source_timestamp":79384599881400,"circlet_count":0,"master_deck":["Strike_B","Defend_B","Defend_B","Zap+1","Dualcast+1","Glacier","Biased Cognition"],"relics":["Cracked Core","Blood Vial","Busted Crown"],"potions_floor_usage":[],"damage_taken":[{"damage":3,"enemies":"Jaw Worm","floor":1,"turns":3},{"damage":2,"enemies":"Small Slimes","floor":2,"turns":3},{"damage":6,"enemies":"Cultist","floor":8,"turns":3},{"damage":6,"enemies":"2 Fungi Beasts","floor":10,"turns":4},{"damage":5,"enemies":"Exordium Thugs","floor":12,"turns":4},{"damage":11,"enemies":"The Guardian","floor":16,"turns":16},{"damage":6,"enemies":"Spheric Guardian","floor":18,"turns":4},{"damage":1,"enemies":"2 Thieves","floor":19,"turns":4},{"damage":0,"enemies":"Snake Plant","floor":22,"turns":6},{"damage":81,"enemies":"Slavers","floor":23,"turns":9}],"seed_played":"86589010558586331","potions_obtained":[{"floor":8,"key":"Strength Potion"},{"floor":10,"key":"EssenceOfSteel"},{"floor":19,"key":"SteroidPotion"}],"is_trial":false,"path_per_floor":["M","M","?","$","?","$","?","M","T","M","?","M","R","$","R","B",null,"M","M","?","$","M","E"],"character_chosen":"DEFECT","items_purchased":[],"campfire_rested":0,"item_purchase_floors":[],"current_hp_per_floor":[72,70,70,70,70,70,70,64,64,60,60,57,57,57,57,48,75,69,70,75,75,75,0],"gold":86,"neow_bonus":"REMOVE_CARD","is_prod":false,"is_daily":false,"chose_seed":false,"campfire_upgraded":2,"win_rate":0,"timestamp":1561996297,"path_taken":["M","M","?","$","?","?","?","M","T","M","?","M","R","$","R","BOSS","M","?","?","?","M","E"],"build_version":"2019-01-23","purchased_purges":3,"victory":false,"max_hp_per_floor":[75,75,75,75,75,75,75,75,75,75,75,75,75,75,75,75,75,75,75,75,75,75,75],"card_choices":[{"not_picked":["Streamline","FTL","Darkness"],"picked":"SKIP","floor":1},{"not_picked":["Undo","Conserve Battery"],"picked":"Glacier","floor":2},{"not_picked":["Cold Snap","Skim","Beam Cell"],"picked":"SKIP","floor":8},{"not_picked":["Ball Lightning","Compile Driver","Loop"],"picked":"SKIP","floor":10},{"not_picked":["Fusion","Loop","Ball Lightning"],"picked":"SKIP","floor":12},{"not_picked":["Amplify","Thunder Strike"],"picked":"Biased Cognition","floor":16},{"not_picked":["Compile Driver"],"picked":"SKIP","floor":18},{"not_picked":["Barrage"],"picked":"SKIP","floor":19},{"not_picked":["Beam Cell+1"],"picked":"SKIP","floor":22}],"player_experience":1077305,"relics_obtained":[{"floor":9,"key":"Blood Vial"}],"event_choices":[{"cards_removed":["Strike_B"],"damage_healed":0,"gold_gain":0,"player_choice":"Forget","damage_taken":0,"max_hp_gain":0,"max_hp_loss":0,"event_name":"Living Wall","floor":3,"gold_loss":0},{"damage_healed":0,"gold_gain":0,"player_choice":"Leave","damage_taken":0,"max_hp_gain":0,"max_hp_loss":0,"event_name":"The Cleric","floor":5,"gold_loss":0},{"damage_healed":0,"gold_gain":0,"player_choice":"Ignored","damage_taken":0,"max_hp_gain":0,"max_hp_loss":0,"event_name":"Liars Game","floor":7,"gold_loss":0},{"damage_healed":0,"gold_gain":100,"player_choice":"Pray","damage_taken":0,"max_hp_gain":0,"max_hp_loss":0,"event_name":"Golden Shrine","floor":11,"gold_loss":0},{"damage_healed":25,"gold_gain":0,"player_choice":"Heal","damage_taken":0,"max_hp_gain":0,"max_hp_loss":0,"event_name":"The Library","floor":20,"gold_loss":0}],"is_beta":false,"boss_relics":[{"not_picked":["Nuclear Battery","FrozenCore"],"picked":"Busted Crown"}],"items_purged_floors":[4,14,21],"is_endless":false,"potions_floor_spawned":[8,10,19],"killed_by":"Slavers","ascension_level":0}