{"gold_per_floor":[117,117,134,134,157,157,193,213,213,213,246,246,277,302,302,396,396,411,411,156,156,71,71],"floor_reached":23,"playtime":1002,"items_purged":["Eviscerate"],"score":393,"play_id":"acc5564b-dbf0-4551-929d-427efadd19c2","local_time":"20190208200118","is_ascension_mode":true,"campfire_choices":[{"data":"Crippling Poison","floor":6,"key":"SMITH"},{"floor":10,"key":"REST"},{"data":"Catalyst","floor":12,"key":"SMITH"},{"data":"Deadly Poison","floor":15,"key":"SMITH"}],"neow_cost":"PERCENT_DAMAGE","seed_source_timestamp":125346220152200,"circlet_count":0,"master_deck":["AscendersBane","Survivor","Neutralize","Deadly Poison+1","Catalyst+1","Crippling Poison+1","Dodge and Roll","Footwork","Predator","Burst","Storm of Steel","Unload","Envenom","Deadly Poison","Blade Dance","Backstab","Malaise","Doppelganger","Cloak And Dagger","Backflip","Acrobatics","Footwork"],"relics":["Ring of the Snake","Tough Bandages","Bloody Idol","Regal Pillow","Blood Vial","Mercury Hourglass","Sundial","Pandora\u0027s Box","Tiny Chest"],"potions_floor_usage":[16,23],"damage_taken":[{"damage":6,"enemies":"Small Slimes","floor":1,"turns":5},{"damage":2,"enemies":"Cultist","floor":3,"turns":4},{"damage":0,"enemies":"2 Louse","floor":5,"turns":3},{"damage":20,"enemies":"Gremlin Nob","floor":7,"turns":4},{"damage":0,"enemies":"Exordium Wildlife","floor":8,"turns":4},{"damage":21,"enemies":"Lagavulin","floor":11,"turns":5},{"damage":17,"enemies":"Gremlin Nob","floor":13,"turns":4},{"damage":1,"enemies":"Blue Slaver","floor":14,"turns":4},{"damage":10,"enemies":"Hexaghost","floor":16,"turns":8},{"damage":23,"enemies":"2 Thieves","floor":18,"turns":3},{"damage":31,"enemies":"Book of Stabbing","floor":23,"turns":4}],"seed_played":"-5600337285540453641","potions_obtained":[{"floor":3,"key":"PowerPotion"},{"floor":7,"key":"Strength Potion"},{"floor":11,"key":"SpeedPotion"},{"floor":14,"key":"Dexterity Potion"},{"floor":16,"key":"FearPotion"}],"is_trial":false,"path_per_floor":["M","?","M","?","M","R","E","M","T","R","E","R","E","M","R","B",null,"M","?","$","?","$","E"],"character_chosen":"THE_SILENT","items_purchased":["Tiny Chest","Acrobatics","Footwork"],"campfire_rested":1,"item_purchase_floors":[20,20,22],"current_hp_per_floor":[38,38,36,36,36,36,16,16,16,49,30,30,15,16,16,8,47,26,26,26,26,26,0],"gold":71,"neow_bonus":"ONE_RARE_RELIC","is_prod":false,"is_daily":false,"chose_seed":false,"campfire_upgraded":3,"win_rate":0,"timestamp":1549648878,"path_taken":["M","?","?","?","M","R","E","M","T","R","E","R","E","M","R","BOSS","M","?","$","?","$","E"],"build_version":"2019-01-23","purchased_purges":1,"victory":false,"max_hp_per_floor":[66,66,66,60,60,60,60,60,60,60,60,60,60,60,60,60,60,60,60,60,60,60,60],"card_choices":[{"not_picked":["Sucker Punch","Bane"],"picked":"Deadly Poison","floor":1},{"not_picked":["Flying Knee","Bane"],"picked":"Catalyst","floor":3},{"not_picked":["Blade Dance","Concentrate"],"picked":"Crippling Poison","floor":5},{"not_picked":["A Thousand Cuts","Quick Slash","Blade Dance"],"picked":"SKIP","floor":7},{"not_picked":["Infinite Blades","Dagger Spray"],"picked":"Dodge and Roll","floor":8},{"not_picked":["Setup","Predator"],"picked":"Footwork","floor":11},{"not_picked":["Flying Knee","Slice","Outmaneuver"],"picked":"SKIP","floor":13},{"not_picked":["Setup","Slice"],"picked":"Predator","floor":14},{"not_picked":["Doppelganger","Venomology"],"picked":"Burst","floor":16},{"not_picked":["Dagger Spray","Footwork"],"picked":"Cloak And Dagger","floor":18}],"player_experience":875764,"relics_obtained":[{"floor":7,"key":"Regal Pillow"},{"floor":9,"key":"Blood Vial"},{"floor":11,"key":"Mercury Hourglass"},{"floor":13,"key":"Sundial"}],"event_choices":[{"cards_removed":["Strike_G"],"damage_healed":0,"gold_gain":0,"player_choice":"Purged","damage_taken":0,"max_hp_gain":0,"max_hp_loss":0,"event_name":"Purifier","floor":2,"gold_loss":0},{"damage_healed":0,"gold_gain":0,"player_choice":"Lose Max HP","damage_taken":0,"relics_obtained":["Golden Idol"],"max_hp_gain":0,"max_hp_loss":6,"event_name":"Golden Idol","floor":4,"gold_loss":0},{"damage_healed":0,"gold_gain":0,"player_choice":"Read","damage_taken":0,"max_hp_gain":0,"max_hp_loss":0,"event_name":"The Library","floor":19,"gold_loss":0,"cards_obtained":["Backflip"]},{"damage_healed":0,"gold_gain":0,"player_choice":"Gave Idol","damage_taken":0,"relics_obtained":["Bloody Idol"],"max_hp_gain":0,"max_hp_loss":0,"event_name":"Forgotten Altar","floor":21,"relics_lost":["Golden Idol"],"gold_loss":0}],"is_beta":false,"boss_relics":[{"not_picked":["Ectoplasm","Orrery"],"picked":"Pandora\u0027s Box"}],"items_purged_floors":[20],"is_endless":false,"potions_floor_spawned":[3,7,11,14,16,18],"killed_by":"Book of Stabbing","ascension_level":18}