{"gold_per_floor":[118,136,13,13,13,13,29,63,63,81,81,101,101,26,26,126,126,141,160,160,173,173,206,206,236,260,273,273,291,291,36,36,131,131,143,155,11,26,0,0,29,47,96,114,130,130,130],"floor_reached":47,"playtime":5519,"items_purged":["Strike_G","Defend_G"],"score":574,"play_id":"0e88b9c1-d9bf-4edf-9384-4c097e70341e","local_time":"20190403154604","is_ascension_mode":true,"campfire_choices":[{"floor":6,"key":"REST"},{"floor":11,"key":"REST"},{"data":"After Image","floor":13,"key":"SMITH"},{"data":"Neutralize","floor":15,"key":"SMITH"},{"floor":24,"key":"REST"},{"floor":28,"key":"REST"},{"data":"Infinite Blades","floor":32,"key":"SMITH"},{"floor":40,"key":"REST"},{"floor":46,"key":"REST"}],"neow_cost":"TEN_PERCENT_HP_LOSS","seed_source_timestamp":278651204135055,"circlet_count":0,"master_deck":["Defend_G","Defend_G","Defend_G","Defend_G+1","Strike_G","Survivor","Neutralize+1","After Image+1","Sucker Punch","Dodge and Roll","Trip+1","Flying Knee+1","Cloak And Dagger","Choke","Unload","Well Laid Plans+1","Infinite Blades+1","Phantasmal Killer+1","Glass Knife+1","Tools of the Trade+1","Distraction+1","Parasite"],"relics":["Ring of the Snake","Pantograph","Gremlin Horn","Busted Crown","Ancient Tea Set","Happy Flower","Lantern","Shuriken","Bronze Scales","Astrolabe","War Paint","Red Mask","Smiling Mask","Art of War"],"potions_floor_usage":[16,16,23,25,25,38,42,44,44,45],"damage_taken":[{"damage":9,"enemies":"Small Slimes","floor":1,"turns":4},{"damage":0,"enemies":"Jaw Worm","floor":2,"turns":4},{"damage":0,"enemies":"Cultist","floor":7,"turns":5},{"damage":30,"enemies":"3 Sentries","floor":8,"turns":12},{"damage":6,"enemies":"Large Slime","floor":10,"turns":7},{"damage":0,"enemies":"3 Louse","floor":12,"turns":3},{"damage":25,"enemies":"Hexaghost","floor":16,"turns":10},{"damage":0,"enemies":"Shell Parasite","floor":18,"turns":7},{"damage":3,"enemies":"2 Thieves","floor":19,"turns":4},{"damage":6,"enemies":"Cultist and Chosen","floor":21,"turns":6},{"damage":5,"enemies":"Gremlin Leader","floor":23,"turns":9},{"damage":0,"enemies":"Slavers","floor":25,"turns":5},{"damage":21,"enemies":"Sentry and Sphere","floor":27,"turns":8},{"damage":16,"enemies":"Snecko","floor":29,"turns":5},{"damage":13,"enemies":"Automaton","floor":33,"turns":8},{"damage":14,"enemies":"3 Darklings","floor":35,"turns":5},{"damage":8,"enemies":"3 Shapes","floor":36,"turns":5},{"damage":0,"enemies":"Sphere and 2 Shapes","floor":38,"turns":5},{"damage":24,"enemies":"Reptomancer","floor":41,"turns":6},{"damage":24,"enemies":"Writhing Mass","floor":42,"turns":5},{"damage":9,"enemies":"3 Darklings","floor":44,"turns":4},{"damage":10,"enemies":"Spire Growth","floor":45,"turns":4},{"damage":58,"enemies":"Writhing Mass","floor":47,"turns":5}],"seed_played":"-2012985726258534029","potions_obtained":[{"floor":7,"key":"Strength Potion"},{"floor":8,"key":"Energy Potion"},{"floor":12,"key":"LiquidBronze"},{"floor":19,"key":"Energy Potion"},{"floor":23,"key":"Swift Potion"},{"floor":33,"key":"EssenceOfSteel"},{"floor":36,"key":"SteroidPotion"},{"floor":38,"key":"Dexterity Potion"},{"floor":41,"key":"Swift Potion"},{"floor":42,"key":"EssenceOfSteel"}],"is_trial":false,"path_per_floor":["M","M","$","?","?","R","M","E","T","M","R","M","R","$","R","B",null,"M","M","?","M","?","E","R","E","T","M","R","M","T","$","R","B",null,"M","M","$","M","?","R","E","M","T","M","M","R","M"],"character_chosen":"THE_SILENT","items_purchased":["Trip","Flying Knee","Bronze Scales","War Paint"],"campfire_rested":6,"item_purchase_floors":[3,3,31,37],"current_hp_per_floor":[54,54,54,41,46,66,66,36,36,30,50,50,50,50,50,43,68,68,65,53,47,40,35,56,56,56,35,56,40,40,40,40,52,73,59,51,51,51,51,72,48,24,24,15,5,26,0],"gold":130,"neow_bonus":"THREE_RARE_CARDS","is_prod":false,"is_daily":false,"chose_seed":false,"campfire_upgraded":3,"win_rate":0,"timestamp":1554302764,"path_taken":["M","M","$","?","?","R","M","E","T","M","R","M","R","?","R","BOSS","M","?","?","M","?","E","R","E","T","M","R","?","?","?","R","BOSS","M","M","?","?","?","R","E","M","T","M","M","R","M"],"build_version":"2019-01-23","purchased_purges":2,"victory":false,"max_hp_per_floor":[63,63,63,63,68,68,68,68,68,68,68,68,68,68,68,68,68,68,68,73,73,73,73,73,73,73,73,73,73,73,73,73,73,73,73,73,73,73,73,73,73,73,73,73,73,73,73],"card_choices":[{"not_picked":["Burst","Tools of the Trade"],"picked":"After Image","floor":0},{"not_picked":["Deflect","Slice"],"picked":"Sucker Punch","floor":1},{"not_picked":["Concentrate","Reflex"],"picked":"Dodge and Roll","floor":2},{"not_picked":["Leg Sweep","Dagger Throw"],"picked":"Cloak And Dagger","floor":7},{"not_picked":["Flying Knee","Flechettes","Bane"],"picked":"SKIP","floor":8},{"not_picked":["Grand Finale","Flying Knee"],"picked":"Choke","floor":10},{"not_picked":["Finisher","Riddle With Holes","Blade Dance"],"picked":"SKIP","floor":12},{"not_picked":["Night Terror","Phantasmal Killer"],"picked":"Unload","floor":16},{"not_picked":["Dodge and Roll"],"picked":"SKIP","floor":18},{"not_picked":["Flying Knee"],"picked":"SKIP","floor":19},{"not_picked":["Eviscerate"],"picked":"SKIP","floor":21},{"not_picked":["Deflect"],"picked":"SKIP","floor":23},{"not_picked":[],"picked":"Well Laid Plans+1","floor":25},{"not_picked":["Eviscerate+1"],"picked":"SKIP","floor":27},{"not_picked":[],"picked":"Infinite Blades","floor":29},{"not_picked":[],"picked":"Phantasmal Killer","floor":33},{"not_picked":["Quick Slash"],"picked":"SKIP","floor":35},{"not_picked":["Blade Dance"],"picked":"SKIP","floor":36},{"not_picked":["Sucker Punch+1"],"picked":"SKIP","floor":38},{"not_picked":["Bane+1"],"picked":"SKIP","floor":41},{"not_picked":["Cloak And Dagger"],"picked":"SKIP","floor":42},{"not_picked":["Dagger Spray"],"picked":"SKIP","floor":44},{"not_picked":["Predator"],"picked":"SKIP","floor":45}],"player_experience":219833,"relics_obtained":[{"floor":8,"key":"Pantograph"},{"floor":9,"key":"Gremlin Horn"},{"floor":23,"key":"Ancient Tea Set"},{"floor":25,"key":"Happy Flower"},{"floor":26,"key":"Lantern"},{"floor":30,"key":"Shuriken"},{"floor":41,"key":"Smiling Mask"},{"floor":43,"key":"Art of War"}],"event_choices":[{"damage_healed":0,"gold_gain":0,"player_choice":"Entered Light","damage_taken":13,"max_hp_gain":0,"max_hp_loss":0,"event_name":"Shining Light","floor":4,"gold_loss":0,"cards_upgraded":["Flying Knee","Trip"]},{"damage_healed":0,"gold_gain":0,"player_choice":"Donut","damage_taken":0,"max_hp_gain":5,"max_hp_loss":0,"event_name":"Big Fish","floor":5,"gold_loss":0},{"damage_healed":0,"gold_gain":0,"player_choice":"Shed Blood","damage_taken":17,"max_hp_gain":5,"max_hp_loss":0,"event_name":"Forgotten Altar","floor":20,"gold_loss":0},{"damage_healed":0,"gold_gain":0,"player_choice":"Damaged","damage_taken":7,"max_hp_gain":0,"max_hp_loss":0,"event_name":"Wheel of Change","floor":22,"gold_loss":0},{"damage_healed":0,"gold_gain":0,"player_choice":"Paid","damage_taken":0,"relics_obtained":["Red Mask"],"max_hp_gain":0,"max_hp_loss":0,"event_name":"Tomb of Lord Red Mask","floor":39,"gold_loss":26}],"is_beta":false,"boss_relics":[{"not_picked":["Ectoplasm","Lizard Tail"],"picked":"Busted Crown"},{"not_picked":["Orrery","Coffee Dripper"],"picked":"Astrolabe"}],"items_purged_floors":[14,31],"is_endless":false,"potions_floor_spawned":[7,8,12,19,23,33,36,38,41,42],"killed_by":"Writhing Mass","ascension_level":2}