{"gold_per_floor":[10,10,110,124,138,138,138,153,153,188,18,18,32,64,64,139,139,158,20,30,50,65,65,78,78,78,93,93,93,0,17,17,91,141,155,155,173,192,208,208,238,238,238,248,262,262,172,47,47,47],"floor_reached":51,"playtime":3663,"items_purged":["Strike_G","Strike_G","Shame"],"score":1249,"play_id":"e1bfd88e-af74-4b59-8055-22dd79cfb671","local_time":"20190612200424","is_ascension_mode":true,"campfire_choices":[{"data":"Footwork","floor":6,"key":"SMITH"},{"data":"Caltrops","floor":12,"key":"SMITH"},{"data":"Leg Sweep","floor":15,"key":"SMITH"},{"data":"Burst","floor":23,"key":"SMITH"},{"data":"Noxious Fumes","floor":25,"key":"SMITH"},{"data":"Dodge and Roll","floor":28,"key":"SMITH"},{"floor":32,"key":"REST"},{"data":"Malaise","floor":40,"key":"SMITH"},{"floor":42,"key":"REST"},{"data":"Doppelganger","floor":46,"key":"SMITH"},{"floor":49,"key":"REST"}],"neow_cost":"NO_GOLD","seed_source_timestamp":1081444432552000,"circlet_count":0,"master_deck":["AscendersBane","Defend_G","Defend_G","Defend_G","Defend_G","Defend_G","Strike_G+1","Strike_G","Strike_G","Survivor+1","Neutralize+1","Terror","Backflip","Footwork+1","Acrobatics","Leg Sweep+1","Deflect","Caltrops+1","Backflip","Corpse Explosion","Burst+1","Escape Plan","Noxious Fumes+1","Distraction","Dodge and Roll+1","Cloak And Dagger","PiercingWail+1","Doppelganger+1","Malaise+1","Blur","Backflip+1","Leg Sweep+1","Deflect+1","Skewer+1","Well Laid Plans+1","Backflip"],"relics":["Ring of the Snake","Girya","Letter Opener","Molten Egg 2","Calipers","Mango","Cursed Key","Regal Pillow","Paper Crane","Tiny House","Spirit Poop","Bag of Preparation","War Paint"],"potions_floor_usage":[5,16,33,38,41,50,50],"damage_taken":[{"damage":14,"enemies":"Small Slimes","floor":1,"turns":6},{"damage":0,"enemies":"2 Louse","floor":4,"turns":4},{"damage":1,"enemies":"Cultist","floor":5,"turns":3},{"damage":2,"enemies":"2 Fungi Beasts","floor":8,"turns":5},{"damage":13,"enemies":"3 Sentries","floor":10,"turns":14},{"damage":0,"enemies":"Red Slaver","floor":13,"turns":6},{"damage":0,"enemies":"Lagavulin","floor":14,"turns":9},{"damage":24,"enemies":"Slime Boss","floor":16,"turns":19},{"damage":0,"enemies":"Shell Parasite","floor":18,"turns":6},{"damage":0,"enemies":"3 Byrds","floor":20,"turns":3},{"damage":1,"enemies":"Snecko","floor":21,"turns":6},{"damage":2,"enemies":"Snake Plant","floor":22,"turns":5},{"damage":4,"enemies":"Centurion and Healer","floor":24,"turns":5},{"damage":13,"enemies":"Cultist and Chosen","floor":27,"turns":6},{"damage":10,"enemies":"Snecko","floor":31,"turns":5},{"damage":20,"enemies":"Champ","floor":33,"turns":17},{"damage":12,"enemies":"3 Darklings","floor":35,"turns":4},{"damage":4,"enemies":"3 Shapes","floor":37,"turns":3},{"damage":0,"enemies":"Sphere and 2 Shapes","floor":38,"turns":7},{"damage":0,"enemies":"Writhing Mass","floor":39,"turns":10},{"damage":50,"enemies":"Reptomancer","floor":41,"turns":9},{"damage":0,"enemies":"Maw","floor":44,"turns":9},{"damage":1,"enemies":"Jaw Worm Horde","floor":45,"turns":5},{"damage":4,"enemies":"Time Eater","floor":50,"turns":19}],"seed_played":"-981545443806117688","potions_obtained":[{"floor":4,"key":"Energy Potion"},{"floor":5,"key":"GhostInAJar"},{"floor":13,"key":"Ancient Potion"},{"floor":24,"key":"PowerPotion"},{"floor":33,"key":"GhostInAJar"},{"floor":39,"key":"Explosive Potion"},{"floor":41,"key":"Dexterity Potion"}],"is_trial":false,"path_per_floor":["M","?","?","M","M","R","?","M","T","E","$","R","M","E","R","B",null,"M","$","M","M","M","R","M","R","T","M","R","?","?","M","R","B",null,"M","?","M","M","M","R","E","R","T","M","M","R","?","$","R","B",null],"character_chosen":"THE_SILENT","items_purchased":["Deflect","Caltrops","Noxious Fumes"],"campfire_rested":3,"item_purchase_floors":[11,11,19],"current_hp_per_floor":[45,42,42,42,41,41,41,39,39,26,26,26,26,40,40,16,64,64,64,64,63,61,61,57,57,57,44,44,44,44,34,73,53,78,66,66,62,62,62,62,12,52,52,52,51,51,51,51,85,81],"gold":47,"neow_bonus":"ONE_RARE_RELIC","is_prod":false,"is_daily":false,"chose_seed":false,"campfire_upgraded":8,"win_rate":0,"timestamp":1560337464,"path_taken":["M","?","?","?","M","R","?","M","T","E","$","R","?","E","R","BOSS","M","$","?","M","M","R","M","R","T","M","R","?","?","M","R","BOSS","M","?","M","M","M","R","E","R","T","?","M","R","?","$","R","BOSS"],"build_version":"2019-01-23","purchased_purges":3,"victory":true,"max_hp_per_floor":[66,66,66,66,66,66,66,66,66,66,66,66,66,80,80,80,80,80,80,80,80,80,80,80,80,80,80,80,80,80,80,80,80,85,85,85,85,85,85,85,85,85,85,85,85,85,85,85,85,85],"card_choices":[{"not_picked":["Outmaneuver","Masterful Stab"],"picked":"Terror","floor":1},{"not_picked":["Crippling Poison","Choke"],"picked":"Backflip","floor":4},{"not_picked":["Backflip","Accuracy"],"picked":"Footwork","floor":5},{"not_picked":["Prepared","Dagger Spray"],"picked":"Acrobatics","floor":8},{"not_picked":["Caltrops","Endless Agony+1"],"picked":"Leg Sweep","floor":10},{"not_picked":["Distraction","Terror"],"picked":"Backflip","floor":13},{"not_picked":["Deadly Poison","Backstab+1"],"picked":"Corpse Explosion","floor":14},{"not_picked":["Wraith Form v2","Glass Knife+1"],"picked":"Burst","floor":16},{"not_picked":["Skewer+1","Acrobatics"],"picked":"Escape Plan","floor":18},{"not_picked":["Setup","Flechettes+1"],"picked":"Distraction","floor":20},{"not_picked":["Dagger Spray+1","Finisher+1"],"picked":"Dodge and Roll","floor":21},{"not_picked":["Reflex","Choke+1"],"picked":"Cloak And Dagger","floor":22},{"not_picked":["Finisher+1","Quick Slash+1"],"picked":"PiercingWail+1","floor":24},{"not_picked":["Blade Dance","Riddle With Holes+1","Quick Slash+1"],"picked":"SKIP","floor":27},{"not_picked":["Eviscerate+1","Crippling Poison"],"picked":"Doppelganger","floor":31},{"not_picked":["Envenom","Die Die Die+1"],"picked":"Malaise","floor":33},{"not_picked":["Outmaneuver","Flechettes+1"],"picked":"Blur","floor":34},{"not_picked":["Deadly Poison","Outmaneuver"],"picked":"Backflip","floor":35},{"not_picked":["Predator+1","Dodge and Roll"],"picked":"Leg Sweep","floor":37},{"not_picked":["Finisher+1","Quick Slash+1"],"picked":"Deflect+1","floor":38},{"not_picked":["Bane+1","Outmaneuver"],"picked":"Skewer+1","floor":39},{"not_picked":["Expertise","A Thousand Cuts"],"picked":"Well Laid Plans+1","floor":41},{"not_picked":["Calculated Gamble","Dagger Spray+1","Eviscerate+1"],"picked":"SKIP","floor":44},{"not_picked":["Dagger Throw+1","Poisoned Stab+1"],"picked":"Backflip","floor":45}],"player_experience":1040282,"relics_obtained":[{"floor":9,"key":"Molten Egg 2"},{"floor":10,"key":"Calipers"},{"floor":14,"key":"Mango"},{"floor":26,"key":"Regal Pillow"},{"floor":41,"key":"Bag of Preparation"},{"floor":43,"key":"War Paint"}],"event_choices":[{"damage_healed":0,"gold_gain":0,"player_choice":"Success","damage_taken":3,"relics_obtained":["Letter Opener"],"max_hp_gain":0,"max_hp_loss":0,"event_name":"Scrap Ooze","floor":2,"gold_loss":0},{"damage_healed":0,"gold_gain":100,"player_choice":"Gold","damage_taken":0,"max_hp_gain":0,"max_hp_loss":0,"event_name":"Wheel of Change","floor":3,"gold_loss":0},{"damage_healed":0,"gold_gain":0,"player_choice":"Forge","damage_taken":0,"max_hp_gain":0,"max_hp_loss":0,"event_name":"Accursed Blacksmith","floor":7,"gold_loss":0,"cards_upgraded":["Neutralize"]},{"damage_healed":0,"gold_gain":0,"player_choice":"Opened","damage_taken":0,"relics_obtained":["Paper Crane"],"max_hp_gain":0,"max_hp_loss":0,"event_name":"The Mausoleum","floor":29,"gold_loss":0,"cards_obtained":["Writhe"]},{"damage_healed":0,"gold_gain":0,"player_choice":"Paid Fearfully","damage_taken":0,"max_hp_gain":0,"max_hp_loss":0,"event_name":"Masked Bandits","floor":30,"gold_loss":93},{"cards_removed":["Pain"],"damage_healed":0,"gold_gain":0,"player_choice":"Offered Curse","damage_taken":0,"relics_obtained":["Spirit Poop"],"max_hp_gain":0,"max_hp_loss":0,"event_name":"Bonfire Elementals","floor":36,"gold_loss":0},{"cards_removed":["Writhe"],"damage_healed":0,"gold_gain":0,"player_choice":"Upgrade and Remove","damage_taken":0,"max_hp_gain":0,"max_hp_loss":0,"event_name":"Designer","floor":47,"gold_loss":90,"cards_upgraded":["Strike_G"]}],"is_beta":false,"boss_relics":[{"not_picked":["Busted Crown","WristBlade"],"picked":"Cursed Key"},{"not_picked":["Black Star","Runic Dome"],"picked":"Tiny House"}],"items_purged_floors":[11,19,48],"is_endless":false,"potions_floor_spawned":[4,5,13,24,27,31,33,37,39,41],"ascension_level":14}