{"gold_per_floor":[115,190,190,209,134,134,34,50,104,104,104,104,125,141,141,261,261,280,143,143,143,153,153,253,253,253,178,196,76,76,40,40,139,139,151,111,122,138,151,151,151,151,151,251,35,35,54,54,54,54],"floor_reached":51,"playtime":1465,"items_purged":["Strike_R","Strike_R","Strike_R","Defend_R"],"score":681,"play_id":"dc70f3b9-6819-4e3d-b463-93b7a6b41ee9","local_time":"20190625163032","is_ascension_mode":false,"campfire_choices":[{"data":"Bash","floor":6.0,"key":"SMITH"},{"data":"Seeing Red","floor":12.0,"key":"SMITH"},{"data":"Carnage","floor":15.0,"key":"SMITH"},{"data":"Whirlwind","floor":23.0,"key":"SMITH"},{"data":"Flex","floor":25.0,"key":"SMITH"},{"data":"Thunderclap","floor":30,"key":"SMITH"},{"data":"Flex","floor":32,"key":"SMITH"},{"data":"Limit Break","floor":40,"key":"SMITH"},{"data":"Discovery","floor":42,"key":"SMITH"},{"data":"Whirlwind","floor":49,"key":"SMITH"}],"neow_cost":"NONE","seed_source_timestamp":37135492999363,"circlet_count":0,"master_deck":["Strike_R","Strike_R","Defend_R","Defend_R","Defend_R","Bash+1","Carnage+1","Seeing Red+1","Thunderclap","Thunderclap+1","Reaper","Flex+1","Whirlwind+1","Inflame+1","Flex+1","Limit Break+1","Heavy Blade+1","Sword Boomerang+1","Discovery+1","Bandage Up","Doubt","Heavy Blade+1","Whirlwind+1","Whirlwind+1","Pain","Heavy Blade+1"],"special_seed":0,"relics":["Burning Blood","Centennial Puzzle","Potion Belt","The Courier","Bloody Idol","Cursed Key","Enchiridion","Torii","Frozen Egg 2","Bottled Tornado","Runic Cube","Toxic Egg 2","Turnip","DollysMirror","Molten Egg 2"],"potions_floor_usage":[46,50,50,50],"damage_taken":[{"damage":0.0,"enemies":"2 Louse","floor":1.0,"turns":3.0},{"damage":0.0,"enemies":"Cultist","floor":4.0,"turns":2.0},{"damage":7.0,"enemies":"Jaw Worm","floor":8.0,"turns":3.0},{"damage":0.0,"enemies":"Large Slime","floor":13.0,"turns":3.0},{"damage":6.0,"enemies":"3 Louse","floor":14.0,"turns":3.0},{"damage":45.0,"enemies":"Slime Boss","floor":16.0,"turns":7.0},{"damage":5.0,"enemies":"Spheric Guardian","floor":18.0,"turns":3.0},{"damage":14.0,"enemies":"Chosen","floor":22.0,"turns":5.0},{"damage":5.0,"enemies":"Colosseum Slavers","floor":24.0,"turns":2.0},{"damage":2.0,"enemies":"Colosseum Nobs","floor":24.0,"turns":2.0},{"damage":7.0,"enemies":"Shelled Parasite and Fungi","floor":28.0,"turns":2.0},{"damage":78,"enemies":"Automaton","floor":33,"turns":7},{"damage":7,"enemies":"3 Darklings","floor":35,"turns":2},{"damage":1,"enemies":"Orb Walker","floor":37,"turns":2},{"damage":0,"enemies":"Transient","floor":38,"turns":5},{"damage":34,"enemies":"Maw","floor":39,"turns":5},{"damage":0,"enemies":"Mind Bloom Boss Battle","floor":44,"turns":4},{"damage":24,"enemies":"Spire Growth","floor":47,"turns":2},{"damage":80,"enemies":"Donu and Deca","floor":50,"turns":4}],"seed_played":"-8545559579920494819","potions_obtained":[{"floor":1.0,"key":"BloodPotion"},{"floor":4.0,"key":"Fire Potion"},{"floor":14.0,"key":"Poison Potion"},{"floor":18.0,"key":"BloodPotion"},{"floor":28.0,"key":"EssenceOfSteel"},{"floor":33,"key":"BloodPotion"},{"floor":36,"key":"Regen Potion"},{"floor":44,"key":"Fruit Juice"}],"is_trial":false,"path_per_floor":["M","?","?","M","$","R","$","M","T","T","?","R","M","M","R","B",null,"M","$","?","?","M","R","?","R","T","?","M","$","R","$","R","B",null,"M","?","M","M","M","R","?","R","T","?","$","T","M","?","R","B",null],"character_chosen":"IRONCLAD","items_purchased":["Flex","Flex","DollysMirror","Whirlwind"],"campfire_rested":0,"item_purchase_floors":[19,31,45,45],"current_hp_per_floor":[80,69,69,75,75,75,75,74,74,74,74,74,74,74,74,35,74,74,74,58,58,64,64,74,74,74,74,74,74,74,74,74,15,74,74,74,74,74,51,51,41,41,41,74,74,79,70,70,70,21],"gold":54,"neow_bonus":"RANDOM_COMMON_RELIC","is_prod":false,"is_daily":false,"chose_seed":false,"campfire_upgraded":10,"win_rate":0,"timestamp":1561501832,"path_taken":["M","?","?","?","$","R","$","M","T","?","?","R","M","M","R","BOSS","M","$","?","?","M","R","?","R","T","?","?","$","R","?","R","BOSS","M","?","M","M","?","R","?","R","T","?","$","?","?","?","R","BOSS"],"build_version":"2019-01-23","purchased_purges":4,"victory":true,"max_hp_per_floor":[80,80,80,80,80,80,80,80,80,80,74,74,74,74,74,74,74,74,74,74,74,74,74,74,74,74,74,74,74,74,74,74,74,74,74,74,74,74,74,74,74,74,74,74,74,79,79,79,79,79],"card_choices":[{"not_picked":["Fire Breathing","Feel No Pain"],"picked":"Carnage","floor":1.0},{"not_picked":["Armaments","Wild Strike"],"picked":"Thunderclap","floor":4.0},{"not_picked":["Body Slam","Fiend Fire"],"picked":"Thunderclap","floor":8.0},{"not_picked":["Perfected Strike","Warcry","Body Slam"],"picked":"SKIP","floor":13.0},{"not_picked":["Fire Breathing","True Grit","Bloodletting"],"picked":"SKIP","floor":14.0},{"not_picked":["Brutality","Exhume"],"picked":"Reaper","floor":16.0},{"not_picked":["Blood for Blood","Iron Wave","Burning Pact"],"picked":"SKIP","floor":18.0},{"not_picked":["Flex","Shockwave+1"],"picked":"Whirlwind","floor":22.0},{"not_picked":["Disarm","Iron Wave"],"picked":"Inflame","floor":24.0},{"not_picked":["Rupture+1","Perfected Strike+1","Burning Pact"],"picked":"SKIP","floor":28.0},{"not_picked":["Feed","Bludgeon"],"picked":"Limit Break","floor":33},{"not_picked":["Twin Strike","Pommel Strike"],"picked":"Heavy Blade+1","floor":35},{"not_picked":["Shrug It Off","Battle Trance+1"],"picked":"Sword Boomerang+1","floor":37},{"not_picked":["True Grit","Bloodletting+1","Brutality+1"],"picked":"SKIP","floor":38},{"not_picked":["Anger+1","Blood for Blood","Armaments"],"picked":"SKIP","floor":39},{"not_picked":["Flash of Steel","Swift Strike"],"picked":"Discovery","floor":41},{"not_picked":["Forethought","Purity"],"picked":"Bandage Up","floor":41},{"not_picked":["Impatience","Swift Strike"],"picked":"Discovery","floor":41},{"not_picked":["Flex+1","Dropkick+1"],"picked":"Heavy Blade+1","floor":44},{"not_picked":["Entrench+1","Feel No Pain+1"],"picked":"Heavy Blade+1","floor":47}],"player_experience":1512453,"relics_obtained":[{"floor":9.0,"key":"Potion Belt"},{"floor":10.0,"key":"The Courier"},{"floor":20.0,"key":"Enchiridion"},{"floor":24.0,"key":"Torii"},{"floor":24.0,"key":"Frozen Egg 2"},{"floor":26.0,"key":"Bottled Tornado"},{"floor":43,"key":"Toxic Egg 2"},{"floor":44,"key":"Turnip"},{"floor":46,"key":"Molten Egg 2"}],"event_choices":[{"damage_healed":0.0,"max_hp_gain":0.0,"max_hp_loss":0.0,"gold_gain":75.0,"event_name":"World of Goop","player_choice":"Gather Gold","floor":2.0,"gold_loss":0.0,"damage_taken":11.0},{"damage_healed":0.0,"max_hp_gain":0.0,"max_hp_loss":0.0,"gold_gain":0.0,"event_name":"Match and Keep!","player_choice":"1 cards matched","floor":3.0,"gold_loss":0.0,"damage_taken":0.0,"cards_obtained":["Seeing Red"]},{"damage_healed":0.0,"max_hp_gain":0.0,"max_hp_loss":6.0,"gold_gain":0.0,"event_name":"Golden Idol","player_choice":"Lose Max HP","floor":11.0,"gold_loss":0.0,"damage_taken":0.0,"relics_obtained":["Golden Idol"]},{"damage_healed":0.0,"max_hp_gain":0.0,"max_hp_loss":0.0,"gold_gain":0.0,"event_name":"Cursed Tome","player_choice":"Obtained Book","floor":20.0,"gold_loss":0.0,"damage_taken":16.0},{"damage_healed":0.0,"max_hp_gain":0.0,"max_hp_loss":0.0,"gold_gain":0.0,"event_name":"Forgotten Altar","player_choice":"Gave Idol","floor":21.0,"relics_lost":["Golden Idol"],"gold_loss":0.0,"damage_taken":0.0,"relics_obtained":["Bloody Idol"]},{"damage_healed":0.0,"max_hp_gain":0.0,"max_hp_loss":0.0,"gold_gain":0.0,"event_name":"Colosseum","player_choice":"Fight","floor":24.0,"gold_loss":0.0,"damage_taken":0.0},{"damage_healed":0.0,"max_hp_gain":0.0,"max_hp_loss":0.0,"gold_gain":0.0,"event_name":"Colosseum","player_choice":"Fought Nobs","floor":24.0,"gold_loss":0.0,"damage_taken":0.0},{"cards_removed":["Pain"],"damage_healed":0.0,"max_hp_gain":0.0,"max_hp_loss":0.0,"gold_gain":0.0,"event_name":"Beggar","player_choice":"Gave Gold","floor":27.0,"gold_loss":75.0,"damage_taken":0.0},{"damage_healed":0,"gold_gain":0,"player_choice":"Bought 3 Potions","damage_taken":0,"max_hp_gain":0,"max_hp_loss":0,"event_name":"The Woman in Blue","floor":36,"gold_loss":0},{"damage_healed":0,"gold_gain":0,"player_choice":"Memory 3","damage_taken":10,"max_hp_gain":0,"max_hp_loss":0,"event_name":"SensoryStone","floor":41,"gold_loss":0},{"damage_healed":0,"gold_gain":0,"player_choice":"Fight","damage_taken":0,"max_hp_gain":0,"max_hp_loss":0,"event_name":"MindBloom","floor":44,"gold_loss":0},{"cards_removed":["Discovery"],"damage_healed":0,"gold_gain":0,"player_choice":"Removed Skill","damage_taken":0,"max_hp_gain":0,"max_hp_loss":0,"event_name":"Falling","floor":48,"gold_loss":0}],"is_beta":false,"boss_relics":[{"not_picked":["Empty Cage","Calling Bell"],"picked":"Cursed Key"},{"not_picked":["Runic Pyramid","Lizard Tail"],"picked":"Runic Cube"}],"items_purged_floors":[5,7,19,29],"is_endless":false,"potions_floor_spawned":[1,4,14,18,28,33,37,38,39,44],"ascension_level":0}