{"gold_per_floor":[360,378,212,230,230,230,264,264,287,287,304,329,294,294,294,294],"floor_reached":16,"playtime":508,"items_purged":[],"score":200,"play_id":"b5f06c33-3b4f-4ec0-a96c-84f2bae97e56","local_time":"20190124204924","is_ascension_mode":true,"campfire_choices":[{"data":"Zap","floor":6,"key":"SMITH"},{"data":"Melter","floor":8,"key":"SMITH"},{"data":"Dualcast","floor":10,"key":"SMITH"},{"data":"Capacitor","floor":15,"key":"SMITH"}],"neow_cost":"PERCENT_DAMAGE","seed_source_timestamp":303681494175200,"circlet_count":0,"master_deck":["AscendersBane","Strike_B","Strike_B","Strike_B","Strike_B","Defend_B","Defend_B","Defend_B","Defend_B","Zap+1","Dualcast+1","Leap","Cold Snap","Coolheaded","Melter+1","Static Discharge","Capacitor+1"],"relics":["Cracked Core","Bag of Preparation","Omamori","Smiling Mask","Mummified Hand"],"potions_floor_usage":[],"damage_taken":[{"damage":12,"enemies":"Jaw Worm","floor":1,"turns":3},{"damage":0,"enemies":"Small Slimes","floor":2,"turns":3},{"damage":0,"enemies":"2 Louse","floor":4,"turns":3},{"damage":9,"enemies":"3 Sentries","floor":7,"turns":9},{"damage":2,"enemies":"Red Slaver","floor":11,"turns":4},{"damage":17,"enemies":"Lagavulin","floor":12,"turns":7},{"damage":36,"enemies":"Slime Boss","floor":16,"turns":7}],"seed_played":"925816778519441733","potions_obtained":[{"floor":7,"key":"SmokeBomb"},{"floor":11,"key":"Ancient Potion"}],"is_trial":false,"path_per_floor":["M","M","$","M","?","R","E","R","T","R","M","E","?","?","R","B"],"character_chosen":"DEFECT","items_purchased":["Bag of Preparation"],"campfire_rested":0,"item_purchase_floors":[3],"current_hp_per_floor":[34,34,34,34,39,39,30,30,30,30,28,11,30,30,30,0],"gold":294,"neow_bonus":"TWO_FIFTY_GOLD","is_prod":false,"is_daily":false,"chose_seed":false,"campfire_upgraded":4,"win_rate":0,"timestamp":1548355764,"path_taken":["M","M","$","M","?","R","E","R","T","R","M","E","?","?","R","BOSS"],"build_version":"2019-01-23","purchased_purges":0,"victory":false,"max_hp_per_floor":[71,71,71,71,76,76,76,76,76,76,76,76,76,76,76,76],"card_choices":[{"not_picked":["Stack","Turbo"],"picked":"Leap","floor":1},{"not_picked":["Barrage","Turbo"],"picked":"Cold Snap","floor":2},{"not_picked":["Turbo","Steam Power"],"picked":"Coolheaded","floor":4},{"not_picked":["Hello World","Turbo"],"picked":"Melter","floor":7},{"not_picked":["Fusion","Barrage"],"picked":"Static Discharge","floor":11},{"not_picked":["Static Discharge","Beam Cell"],"picked":"Capacitor","floor":12}],"player_experience":842869,"relics_obtained":[{"floor":7,"key":"Omamori"},{"floor":9,"key":"Smiling Mask"},{"floor":12,"key":"Mummified Hand"}],"event_choices":[{"damage_healed":0,"gold_gain":0,"player_choice":"Donut","damage_taken":0,"max_hp_gain":5,"max_hp_loss":0,"event_name":"Big Fish","floor":5,"gold_loss":0},{"damage_healed":19,"gold_gain":0,"player_choice":"Healed","damage_taken":0,"max_hp_gain":0,"max_hp_loss":0,"event_name":"The Cleric","floor":13,"gold_loss":35},{"damage_healed":0,"gold_gain":0,"player_choice":"Ignored","damage_taken":0,"max_hp_gain":0,"max_hp_loss":0,"event_name":"Liars Game","floor":14,"gold_loss":0}],"is_beta":false,"boss_relics":[],"items_purged_floors":[],"is_endless":false,"potions_floor_spawned":[7,11],"killed_by":"Slime Boss","ascension_level":17}