{"gold_per_floor":[110,122,122,147,165,201,224,224,224,224,245,195,211,211,211,336,336,349,274,309,309,12,27,48,48,75,75,90,108,123,143,143,263,263,277,1,20,20,20,20,44,59,59,75,200,200,225,225,225,225],"floor_reached":51,"playtime":2335,"items_purged":["Strike_B","Defend_B"],"score":730,"play_id":"ffed0d66-a66e-40ea-b2f2-11d63ce9b1ab","local_time":"20190107153904","is_ascension_mode":false,"campfire_choices":[{"data":"Zap","floor":8,"key":"SMITH"},{"data":"Seek","floor":10,"key":"SMITH"},{"data":"Defragment","floor":15,"key":"SMITH"},{"data":"Multi-Cast","floor":25,"key":"SMITH"},{"data":"Apotheosis","floor":27,"key":"SMITH"},{"floor":32,"key":"REST"},{"data":"Fission","floor":40,"key":"SMITH"},{"floor":46,"key":"REST"},{"data":"Reboot","floor":49,"key":"SMITH"}],"neow_cost":"NONE","seed_source_timestamp":1807634893305212,"circlet_count":0,"master_deck":["Strike_B","Defend_B","Defend_B","Defend_B","Zap+1","Dualcast","Sweeping Beam","Auto Shields","Ball Lightning","Seek+1","Coolheaded","Glacier","Defragment+1","Multi-Cast+1","White Noise+1","Defragment+1","Apotheosis+1","Ball Lightning+1","Barrage+1","Cold Snap+1","Fission+1","Conserve Battery","Capacitor","Hologram+1","Master of Strategy","Madness","Madness","FTL+1","Tempest+1","Cold Snap+1","Reboot+1","Parasite","Coolheaded"],"relics":["Cracked Core","Dream Catcher","Golden Idol","Molten Egg 2","Symbiotic Virus","Sozu","Red Mask","Bag of Marbles","Inserter","Chemical X","Centennial Puzzle","FossilizedHelix"],"potions_floor_usage":[6,20,50,50],"damage_taken":[{"damage":0,"enemies":"Small Slimes","floor":1,"turns":2},{"damage":0,"enemies":"2 Louse","floor":2,"turns":3},{"damage":1,"enemies":"Cultist","floor":4,"turns":4},{"damage":0,"enemies":"2 Fungi Beasts","floor":5,"turns":2},{"damage":14,"enemies":"Gremlin Nob","floor":6,"turns":4},{"damage":0,"enemies":"Large Slime","floor":7,"turns":4},{"damage":0,"enemies":"Blue Slaver","floor":11,"turns":2},{"damage":5,"enemies":"Exordium Wildlife","floor":13,"turns":2},{"damage":8,"enemies":"Hexaghost","floor":16,"turns":12},{"damage":0,"enemies":"Shell Parasite","floor":18,"turns":6},{"damage":0,"enemies":"Masked Bandits","floor":20,"turns":3},{"damage":6,"enemies":"Chosen","floor":23,"turns":3},{"damage":0,"enemies":"Shelled Parasite and Fungi","floor":24,"turns":4},{"damage":2,"enemies":"Snake Plant","floor":28,"turns":3},{"damage":14,"enemies":"Centurion and Healer","floor":29,"turns":3},{"damage":1,"enemies":"Chosen and Byrds","floor":30,"turns":4},{"damage":3,"enemies":"Shelled Parasite and Fungi","floor":31,"turns":4},{"damage":11,"enemies":"Champ","floor":33,"turns":11},{"damage":0,"enemies":"3 Darklings","floor":35,"turns":4},{"damage":9,"enemies":"Orb Walker","floor":37,"turns":3},{"damage":2,"enemies":"4 Shapes","floor":41,"turns":6},{"damage":0,"enemies":"Transient","floor":42,"turns":5},{"damage":8,"enemies":"Maw","floor":44,"turns":7},{"damage":0,"enemies":"Mind Bloom Boss Battle","floor":45,"turns":5},{"damage":0,"enemies":"Writhing Mass","floor":47,"turns":4},{"damage":0,"enemies":"Donu and Deca","floor":50,"turns":8}],"seed_played":"9009040236955205079","potions_obtained":[{"floor":2,"key":"GamblersBrew"},{"floor":6,"key":"FocusPotion"},{"floor":11,"key":"AttackPotion"},{"floor":16,"key":"EssenceOfSteel"}],"is_trial":false,"path_per_floor":["M","M","?","M","M","E","M","R","T","R","M","?","M","?","R","B",null,"M","$","?","?","$","M","M","R","T","R","M","M","M","M","R","B",null,"M","$","M","?","?","R","M","M","T","M","?","R","M","?","R","B",null],"character_chosen":"DEFECT","items_purchased":["Apotheosis","Chemical X","Capacitor"],"campfire_rested":2,"item_purchase_floors":[22,36,36],"current_hp_per_floor":[75,75,57,56,56,42,42,42,42,42,42,42,37,37,37,29,75,75,75,75,75,75,69,69,69,69,69,67,53,52,49,71,60,75,75,75,66,66,57,57,55,55,55,47,47,69,69,69,69,69],"gold":225,"neow_bonus":"RANDOM_COMMON_RELIC","is_prod":false,"is_daily":false,"chose_seed":false,"campfire_upgraded":7,"win_rate":0,"timestamp":1546843144,"path_taken":["M","M","?","M","M","E","M","R","T","R","M","?","M","?","R","BOSS","M","?","?","?","?","M","M","R","T","R","M","?","M","M","R","BOSS","M","$","M","?","?","R","M","M","T","M","?","R","M","?","R","BOSS"],"build_version":"2019-01-03v4","purchased_purges":2,"victory":true,"max_hp_per_floor":[75,75,75,75,75,75,75,75,75,75,75,75,75,75,75,75,75,75,75,75,75,75,75,75,75,75,75,75,75,75,75,75,75,75,75,75,75,75,75,75,75,75,75,75,75,75,75,75,75,75],"card_choices":[{"not_picked":["Compile Driver","Steam"],"picked":"Sweeping Beam","floor":1},{"not_picked":["Streamline","Leap"],"picked":"Auto Shields","floor":2},{"not_picked":["Rip and Tear","Streamline","Steam"],"picked":"SKIP","floor":4},{"not_picked":["Aggregate","Skim"],"picked":"Ball Lightning","floor":5},{"not_picked":["Go for the Eyes","Hyperbeam"],"picked":"Seek","floor":6},{"not_picked":["Double Energy","Steam Power"],"picked":"Coolheaded","floor":7},{"not_picked":["Conserve Battery","Redo"],"picked":"Glacier","floor":11},{"not_picked":["Beam Cell+1","Stack"],"picked":"Defragment","floor":13},{"not_picked":["Buffer","Hyperbeam+1"],"picked":"Multi-Cast","floor":16},{"not_picked":["Beam Cell+1","Lockon+1"],"picked":"White Noise+1","floor":18},{"not_picked":["Hologram","Barrage+1"],"picked":"Defragment+1","floor":20},{"not_picked":["Doom and Gloom+1","Barrage+1"],"picked":"Ball Lightning+1","floor":23},{"not_picked":["Sweeping Beam+1","Redo","Turbo"],"picked":"SKIP","floor":24},{"not_picked":["Streamline+1","Melter+1"],"picked":"Barrage+1","floor":28},{"not_picked":["Streamline+1","Tempest","Fusion+1"],"picked":"SKIP","floor":29},{"not_picked":["Go for the Eyes+1","Hologram","Rip and Tear+1"],"picked":"SKIP","floor":30},{"not_picked":["Stack","Go for the Eyes+1"],"picked":"Cold Snap+1","floor":31},{"not_picked":["Core Surge+1","Seek"],"picked":"Fission","floor":33},{"not_picked":["Sweeping Beam+1","Chill"],"picked":"Conserve Battery","floor":35},{"not_picked":["Leap+1","Sweeping Beam+1"],"picked":"Hologram+1","floor":37},{"not_picked":["Good Instincts","Dark Shackles"],"picked":"Master of Strategy","floor":38},{"not_picked":["Cold Snap+1","Ball Lightning+1"],"picked":"FTL+1","floor":41},{"not_picked":["Rebound+1","Hello World","Streamline+1"],"picked":"SKIP","floor":42},{"not_picked":["Compile Driver+1","Fusion"],"picked":"Tempest+1","floor":44},{"not_picked":["Doom and Gloom+1","Hologram+1"],"picked":"Cold Snap+1","floor":45},{"not_picked":["Storm+1","Beam Cell+1"],"picked":"Reboot","floor":46},{"not_picked":["Gash+1","Chaos"],"picked":"Coolheaded","floor":47}],"player_experience":786586,"relics_obtained":[{"floor":6,"key":"Molten Egg 2"},{"floor":9,"key":"Symbiotic Virus"},{"floor":20,"key":"Red Mask"},{"floor":26,"key":"Bag of Marbles"},{"floor":43,"key":"Centennial Puzzle"},{"floor":45,"key":"FossilizedHelix"}],"event_choices":[{"damage_healed":0,"gold_gain":0,"player_choice":"Take Damage","damage_taken":18,"relics_obtained":["Golden Idol"],"max_hp_gain":0,"max_hp_loss":0,"event_name":"Golden Idol","floor":3,"gold_loss":0},{"cards_removed":["Strike_B"],"damage_healed":0,"gold_gain":0,"player_choice":"Card Removal","damage_taken":0,"max_hp_gain":0,"max_hp_loss":0,"event_name":"The Cleric","floor":12,"gold_loss":50},{"cards_removed":["Strike_B"],"damage_healed":0,"gold_gain":0,"player_choice":"Offered Basic","damage_taken":0,"max_hp_gain":0,"max_hp_loss":0,"event_name":"Bonfire Elementals","floor":14,"gold_loss":0},{"damage_healed":0,"gold_gain":0,"player_choice":"Fought Bandits","damage_taken":0,"max_hp_gain":0,"max_hp_loss":0,"event_name":"Masked Bandits","floor":20,"gold_loss":0},{"damage_healed":0,"gold_gain":0,"player_choice":"Ignored","damage_taken":0,"max_hp_gain":0,"max_hp_loss":0,"event_name":"Vampires","floor":21,"gold_loss":0},{"damage_healed":0,"gold_gain":0,"player_choice":"Memory 1","damage_taken":0,"max_hp_gain":0,"max_hp_loss":0,"event_name":"SensoryStone","floor":38,"gold_loss":0},{"damage_healed":0,"gold_gain":0,"player_choice":"Embrace Madness","damage_taken":9,"max_hp_gain":0,"max_hp_loss":0,"event_name":"Winding Halls","floor":39,"gold_loss":0,"cards_obtained":["Madness","Madness"]},{"damage_healed":0,"gold_gain":0,"player_choice":"Fight","damage_taken":0,"max_hp_gain":0,"max_hp_loss":0,"event_name":"MindBloom","floor":45,"gold_loss":0},{"damage_healed":0,"gold_gain":0,"player_choice":"Bought 0 Potions","damage_taken":0,"max_hp_gain":0,"max_hp_loss":0,"event_name":"The Woman in Blue","floor":48,"gold_loss":0}],"is_beta":false,"boss_relics":[{"not_picked":["Runic Pyramid","Calling Bell"],"picked":"Sozu"},{"not_picked":["Pandora\u0027s Box","Velvet Choker"],"picked":"Inserter"}],"items_purged_floors":[19,22],"is_endless":false,"potions_floor_spawned":[2,6,11,16,18,23,24,31,35,37,44,45],"ascension_level":0}