{"gold_per_floor":[109,184,184,194,207,207,235,253,253,253,269,304,304,321,321,321],"floor_reached":16,"playtime":827,"items_purged":[],"score":260,"play_id":"a07474af-1ee0-45e6-b0ba-9eb59690619a","local_time":"20190221005719","is_ascension_mode":true,"campfire_choices":[{"data":"Undo","floor":6,"key":"SMITH"},{"floor":10,"key":"REST"},{"floor":13,"key":"DIG"},{"floor":15,"key":"DIG"}],"neow_cost":"NONE","seed_source_timestamp":442083478811200,"circlet_count":0,"master_deck":["AscendersBane","Strike_B","Strike_B","Strike_B","Strike_B","Defend_B","Defend_B","Defend_B","Defend_B","Zap+1","Dualcast","Tempest","Leap","Undo+1","Genetic Algorithm","Conserve Battery","Reboot","Consume"],"relics":["Cracked Core","Shovel","Dead Branch","Girya","Juzu Bracelet","Omamori"],"potions_floor_usage":[7,12,16],"damage_taken":[{"damage":4,"enemies":"Small Slimes","floor":1,"turns":4},{"damage":3,"enemies":"2 Louse","floor":4,"turns":2},{"damage":0,"enemies":"Cultist","floor":5,"turns":3},{"damage":32,"enemies":"Gremlin Nob","floor":7,"turns":4},{"damage":8,"enemies":"2 Fungi Beasts","floor":8,"turns":5},{"damage":15,"enemies":"Lots of Slimes","floor":11,"turns":6},{"damage":0,"enemies":"3 Sentries","floor":12,"turns":3},{"damage":0,"enemies":"Large Slime","floor":14,"turns":5},{"damage":38,"enemies":"Hexaghost","floor":16,"turns":16}],"seed_played":"-5163783005674871631","potions_obtained":[{"floor":1,"key":"Fire Potion"},{"floor":7,"key":"PowerPotion"},{"floor":12,"key":"EssenceOfSteel"},{"floor":14,"key":"Regen Potion"}],"is_trial":false,"path_per_floor":["M","?","?","M","M","R","E","M","T","R","M","E","R","M","R","B"],"character_chosen":"DEFECT","items_purchased":[],"campfire_rested":1,"item_purchase_floors":[],"current_hp_per_floor":[67,56,56,53,53,53,21,13,13,36,21,21,21,21,21,0],"gold":321,"neow_bonus":"TEN_PERCENT_HP_BONUS","is_prod":false,"is_daily":false,"chose_seed":false,"campfire_upgraded":1,"win_rate":0,"timestamp":1550703439,"path_taken":["M","?","?","M","M","R","E","?","T","R","M","E","R","M","R","BOSS"],"build_version":"2019-01-23","purchased_purges":0,"victory":false,"max_hp_per_floor":[78,78,78,78,78,78,78,78,78,78,78,78,78,78,78,78],"card_choices":[{"not_picked":["Fusion","BootSequence"],"picked":"Tempest","floor":1},{"not_picked":["Compile Driver","Barrage"],"picked":"Leap","floor":4},{"not_picked":["Rebound","Redo"],"picked":"Undo","floor":5},{"not_picked":["Go for the Eyes","Redo"],"picked":"Genetic Algorithm","floor":7},{"not_picked":["Coolheaded","Cold Snap"],"picked":"Conserve Battery","floor":8},{"not_picked":["Stack","Beam Cell","Go for the Eyes"],"picked":"SKIP","floor":11},{"not_picked":["Gash","Hologram"],"picked":"Reboot","floor":12},{"not_picked":["Beam Cell","Go for the Eyes"],"picked":"Consume","floor":14}],"player_experience":889710,"relics_obtained":[{"floor":7,"key":"Shovel"},{"floor":9,"key":"Dead Branch"},{"floor":12,"key":"Girya"},{"floor":13,"key":"Juzu Bracelet"},{"floor":15,"key":"Omamori"}],"event_choices":[{"damage_healed":0,"gold_gain":75,"player_choice":"Gather Gold","damage_taken":11,"max_hp_gain":0,"max_hp_loss":0,"event_name":"World of Goop","floor":2,"gold_loss":0},{"damage_healed":0,"gold_gain":0,"player_choice":"Forge","damage_taken":0,"max_hp_gain":0,"max_hp_loss":0,"event_name":"Accursed Blacksmith","floor":3,"gold_loss":0,"cards_upgraded":["Zap"]}],"is_beta":false,"boss_relics":[],"items_purged_floors":[],"is_endless":false,"potions_floor_spawned":[1,7,12,14],"killed_by":"Hexaghost","ascension_level":18}