{"gold_per_floor":[117,131,142,161,175,175,187,187,211,240,240,240,255,282,282,282],"floor_reached":16,"playtime":1016,"items_purged":[],"score":228,"play_id":"7b67a8a9-5323-47c9-ba9f-7549db5f3ea3","local_time":"20190514094337","is_ascension_mode":true,"campfire_choices":[{"data":"Bash","floor":6.0,"key":"SMITH"},{"data":"Clothesline","floor":8.0,"key":"SMITH"},{"data":"Sword Boomerang","floor":15,"key":"SMITH"}],"neow_cost":"NONE","seed_source_timestamp":0,"circlet_count":0,"master_deck":["AscendersBane","Strike_R","Strike_R","Strike_R","Strike_R","Strike_R","Defend_R","Defend_R","Defend_R","Defend_R","Bash+1","Sword Boomerang+1","Thunderclap","Shockwave","Clothesline+1","True Grit","Cleave","Barricade","Limit Break"],"special_seed":0,"relics":["Burning Blood","Anchor","Singing Bowl","Bag of Marbles"],"potions_floor_usage":[10,14],"damage_taken":[{"damage":2.0,"enemies":"Cultist","floor":1.0,"turns":4.0},{"damage":3.0,"enemies":"2 Louse","floor":2.0,"turns":3.0},{"damage":12.0,"enemies":"Jaw Worm","floor":3.0,"turns":2.0},{"damage":26.0,"enemies":"Lots of Slimes","floor":4.0,"turns":5.0},{"damage":9.0,"enemies":"2 Fungi Beasts","floor":5.0,"turns":4.0},{"damage":9.0,"enemies":"Exordium Wildlife","floor":7.0,"turns":4.0},{"damage":45,"enemies":"Lagavulin","floor":10,"turns":8},{"damage":9,"enemies":"Gremlin Gang","floor":13,"turns":3},{"damage":21,"enemies":"3 Sentries","floor":14,"turns":7},{"damage":70,"enemies":"Hexaghost","floor":16,"turns":8}],"seed_played":"-7280940193418447559","potions_obtained":[{"floor":1.0,"key":"Swift Potion"},{"floor":2.0,"key":"Weak Potion"},{"floor":10,"key":"FearPotion"},{"floor":13,"key":"AttackPotion"}],"is_trial":false,"path_per_floor":["M","M","M","M","M","R","M","R","T","E","?","?","M","E","R","B"],"character_chosen":"IRONCLAD","items_purchased":[],"campfire_rested":0,"item_purchase_floors":[],"current_hp_per_floor":[79,82,76,56,53,53,50,50,50,11,6,82,79,64,64,0],"gold":282,"neow_bonus":"TEN_PERCENT_HP_BONUS","is_prod":false,"is_daily":false,"chose_seed":false,"campfire_upgraded":3,"win_rate":0,"timestamp":1557816217,"path_taken":["M","M","M","?","M","R","M","R","T","E","?","?","M","E","R","BOSS"],"build_version":"2019-01-23","purchased_purges":0,"victory":false,"max_hp_per_floor":[82,82,82,82,82,82,82,82,82,82,82,82,82,82,82,82],"card_choices":[{"not_picked":["Ghostly Armor","Heavy Blade"],"picked":"Burning Pact","floor":1.0},{"not_picked":["Clash","Flex"],"picked":"Sword Boomerang","floor":2.0},{"not_picked":["Reckless Charge","Rage"],"picked":"Thunderclap","floor":3.0},{"not_picked":["Thunderclap","Corruption"],"picked":"Shockwave","floor":4.0},{"not_picked":["Dropkick","True Grit"],"picked":"Clothesline","floor":5.0},{"not_picked":["Iron Wave","Thunderclap"],"picked":"True Grit","floor":7.0},{"not_picked":["Havoc","Heavy Blade"],"picked":"Cleave","floor":10},{"not_picked":["Whirlwind","Sword Boomerang"],"picked":"Barricade","floor":13},{"not_picked":["Burning Pact","Intimidate"],"picked":"Limit Break","floor":14}],"player_experience":1009054,"relics_obtained":[{"floor":9.0,"key":"Anchor"},{"floor":10,"key":"Singing Bowl"},{"floor":14,"key":"Bag of Marbles"}],"event_choices":[{"damage_healed":0,"gold_gain":0,"player_choice":"Fled","damage_taken":5,"max_hp_gain":0,"max_hp_loss":0,"event_name":"Scrap Ooze","floor":11,"gold_loss":0},{"cards_removed":["Burning Pact"],"damage_healed":76,"gold_gain":0,"player_choice":"Offered Uncommon","damage_taken":0,"max_hp_gain":0,"max_hp_loss":0,"event_name":"Bonfire Elementals","floor":12,"gold_loss":0}],"is_beta":false,"boss_relics":[],"items_purged_floors":[],"is_endless":false,"potions_floor_spawned":[1,2,3,10,13],"killed_by":"Hexaghost","ascension_level":20}