{"gold_per_floor":[109,89,99,99,115,143,143,478,530,558,575,575,575],"floor_reached":13,"playtime":801,"items_purged":[],"score":103,"play_id":"608c0b23-de7d-489d-91d3-d2cc5a1c7433","local_time":"20190104151042","daily_mods":["SealedDeck","Heirloom","Elite Swarm"],"is_ascension_mode":false,"campfire_choices":[{"data":"A Thousand Cuts","floor":7,"key":"SMITH"},{"floor":12,"key":"REST"}],"neow_cost":"","seed_source_timestamp":0,"circlet_count":0,"master_deck":["Poisoned Stab","Bouncing Flask","Deadly Poison","Catalyst","Footwork","Well Laid Plans","Dodge and Roll","Cloak And Dagger","Backflip","Cloak And Dagger","Deadly Poison","A Thousand Cuts+1","A Thousand Cuts","Adrenaline","Dodge and Roll"],"relics":["Ring of the Snake","Gambling Chip","Molten Egg 2","Pantograph","Old Coin","Smiling Mask","Letter Opener"],"potions_floor_usage":[],"damage_taken":[{"damage":0,"enemies":"2 Louse","floor":1,"turns":3},{"damage":0,"enemies":"Cultist","floor":3,"turns":3},{"damage":0,"enemies":"Jaw Worm","floor":5,"turns":3},{"damage":14,"enemies":"3 Sentries","floor":6,"turns":8},{"damage":24,"enemies":"Gremlin Nob","floor":8,"turns":4},{"damage":30,"enemies":"3 Sentries","floor":10,"turns":6},{"damage":0,"enemies":"Exordium Thugs","floor":11,"turns":4},{"damage":24,"enemies":"Gremlin Nob","floor":13,"turns":3}],"seed_played":"-1008276729621749153","potions_obtained":[{"floor":1,"key":"SteroidPotion"},{"floor":2,"key":"SteroidPotion"},{"floor":8,"key":"SneckoOil"}],"is_trial":true,"path_per_floor":["M","?","M","T","M","E","R","E","T","E","M","R","E"],"character_chosen":"THE_SILENT","items_purchased":[],"campfire_rested":1,"item_purchase_floors":[],"current_hp_per_floor":[70,70,70,70,70,56,56,32,32,2,2,23,0],"gold":575,"neow_bonus":"","is_prod":false,"is_daily":false,"chose_seed":false,"campfire_upgraded":1,"win_rate":0,"timestamp":1546582242,"path_taken":["M","?","?","?","M","E","R","E","T","E","?","R","E"],"build_version":"2018-12-20","purchased_purges":0,"victory":false,"max_hp_per_floor":[70,70,70,70,70,70,70,70,70,70,70,70,70],"card_choices":[{"not_picked":["Bane","Choke","Acrobatics"],"picked":"SKIP","floor":1},{"not_picked":["Slice","Eviscerate","Backflip"],"picked":"SKIP","floor":3},{"not_picked":["Setup","Blur"],"picked":"Deadly Poison","floor":5},{"not_picked":["Doppelganger","Wraith Form v2"],"picked":"A Thousand Cuts","floor":6},{"not_picked":["Tools of the Trade","Venomology"],"picked":"A Thousand Cuts","floor":8},{"not_picked":["Envenom","Die Die Die+1"],"picked":"Adrenaline","floor":10},{"not_picked":["Backflip","Deflect"],"picked":"Dodge and Roll","floor":11}],"player_experience":742852,"relics_obtained":[{"floor":4,"key":"Molten Egg 2"},{"floor":6,"key":"Pantograph"},{"floor":8,"key":"Old Coin"},{"floor":9,"key":"Smiling Mask"},{"floor":10,"key":"Letter Opener"}],"event_choices":[{"damage_healed":0,"gold_gain":0,"player_choice":"Bought 1 Potion","damage_taken":0,"max_hp_gain":0,"max_hp_loss":0,"event_name":"The Woman in Blue","floor":2,"gold_loss":0}],"is_beta":false,"boss_relics":[],"items_purged_floors":[],"is_endless":false,"potions_floor_spawned":[1,8,10,11],"killed_by":"Gremlin Nob","ascension_level":0}