{"gold_per_floor":[114,114,114,16,32,32,73,73,73,73,98,116,116,141,141,141],"floor_reached":16,"playtime":1076,"items_purged":["Strike_G"],"score":170,"play_id":"b451a556-8538-4fac-bcb0-6d5aaa425508","local_time":"20190612032733","is_ascension_mode":true,"campfire_choices":[{"data":"Footwork","floor":6,"key":"SMITH"},{"data":"Neutralize","floor":10,"key":"SMITH"},{"data":"Cloak And Dagger","floor":13,"key":"SMITH"},{"data":"Adrenaline","floor":15,"key":"SMITH"}],"neow_cost":"NONE","seed_source_timestamp":1024233874426813,"circlet_count":0,"master_deck":["AscendersBane","Defend_G","Defend_G","Defend_G","Defend_G","Defend_G","Strike_G","Strike_G","Strike_G","Strike_G","Survivor","Neutralize+1","Prepared","Cloak And Dagger+1","Footwork+1","Corpse Explosion","PiercingWail","Deflect","Adrenaline+1"],"relics":["Ring of the Snake","Pen Nib","Golden Idol","Meat on the Bone","Torii","Bird Faced Urn"],"potions_floor_usage":[],"damage_taken":[{"damage":3,"enemies":"2 Louse","floor":1,"turns":4},{"damage":0,"enemies":"Jaw Worm","floor":5,"turns":4},{"damage":34,"enemies":"Lagavulin","floor":7,"turns":17},{"damage":0,"enemies":"Cultist","floor":11,"turns":5},{"damage":0,"enemies":"2 Fungi Beasts","floor":12,"turns":3},{"damage":0,"enemies":"Lots of Slimes","floor":14,"turns":2},{"damage":47,"enemies":"Slime Boss","floor":16,"turns":13}],"seed_played":"6756189747771010429","potions_obtained":[{"floor":7,"key":"SneckoOil"},{"floor":8,"key":"Energy Potion"},{"floor":8,"key":"Poison Potion"}],"is_trial":false,"path_per_floor":["M","?","T","$","M","R","E","?","T","R","M","M","R","M","R","B"],"character_chosen":"THE_SILENT","items_purchased":["Cloak And Dagger"],"campfire_rested":0,"item_purchase_floors":[4],"current_hp_per_floor":[56,40,40,40,40,40,18,18,18,18,32,44,44,44,44,0],"gold":141,"neow_bonus":"RANDOM_COMMON_RELIC","is_prod":false,"is_daily":false,"chose_seed":false,"campfire_upgraded":4,"win_rate":0,"timestamp":1560277653,"path_taken":["M","?","?","$","?","R","E","?","T","R","M","?","R","M","R","BOSS"],"build_version":"2019-01-23","purchased_purges":1,"victory":false,"max_hp_per_floor":[66,66,66,66,66,66,66,66,66,66,66,66,66,66,66,66],"card_choices":[{"not_picked":["Dagger Throw","Slice"],"picked":"Prepared","floor":1},{"not_picked":["Outmaneuver","Bane"],"picked":"Footwork","floor":5},{"not_picked":["Poisoned Stab","Endless Agony"],"picked":"Corpse Explosion","floor":7},{"not_picked":["Bane","Quick Slash"],"picked":"PiercingWail","floor":11},{"not_picked":["Flying Knee","Underhanded Strike"],"picked":"Deflect","floor":12},{"not_picked":["Endless Agony","Noxious Fumes"],"picked":"Adrenaline","floor":14}],"player_experience":1028442,"relics_obtained":[{"floor":3,"key":"Meat on the Bone"},{"floor":7,"key":"Torii"},{"floor":9,"key":"Bird Faced Urn"}],"event_choices":[{"damage_healed":0,"gold_gain":0,"player_choice":"Take Damage","damage_taken":16,"relics_obtained":["Golden Idol"],"max_hp_gain":0,"max_hp_loss":0,"event_name":"Golden Idol","floor":2,"gold_loss":0},{"damage_healed":0,"gold_gain":0,"player_choice":"Got Potions","damage_taken":0,"max_hp_gain":0,"max_hp_loss":0,"event_name":"Lab","floor":8,"gold_loss":0}],"is_beta":false,"boss_relics":[],"items_purged_floors":[4],"is_endless":false,"potions_floor_spawned":[7,12],"killed_by":"Slime Boss","ascension_level":14}