{"gold_per_floor":[139,139,214,8,22,22,22,48,48,75,75,92,106,125,125,196,196,207,258,17,32,32,32,357,357,357,375,15,46,46,46,46,123,123,138,138,88,103,116,116,149,149,149,169,169,8,57,88,88,88],"floor_reached":50,"playtime":2589,"items_purged":["Strike_R","Strike_R"],"score":1128,"play_id":"a95a743e-057d-4d13-8e25-51b7edf546ba","local_time":"20190524095940","is_ascension_mode":true,"campfire_choices":[{"data":"Bash","floor":6.0,"key":"SMITH"},{"data":"Inflame","floor":11.0,"key":"SMITH"},{"data":"Armaments","floor":15.0,"key":"SMITH"},{"data":"Shockwave","floor":23.0,"key":"SMITH"},{"data":"Whirlwind","floor":25.0,"key":"SMITH"},{"data":"Offering","floor":32,"key":"SMITH"},{"floor":40,"key":"RECALL"},{"data":"Sword Boomerang","floor":42,"key":"SMITH"},{"data":"Battle Trance","floor":45,"key":"SMITH"},{"data":"True Grit","floor":49,"key":"SMITH"}],"neow_cost":"NONE","seed_source_timestamp":176047978957200,"circlet_count":0,"master_deck":["AscendersBane","Defend_R","Defend_R+1","Defend_R","Defend_R","Bash+1","Shrug It Off","Inflame+1","Sword Boomerang+1","Armaments+1","Offering+1","Headbutt","Feel No Pain","Reaper","Spot Weakness","Shockwave+1","Whirlwind+1","Shrug It Off+1","Flash of Steel","Impervious","Havoc+1","Flame Barrier+1","Battle Trance+1","Panacea","Flame Barrier","True Grit+1"],"special_seed":0,"relics":["Burning Blood","Tiny Chest","Question Card","Bag of Preparation","Magic Flower","Pocketwatch","Potion Belt","Empty Cage","Happy Flower","Anchor","Kunai","Old Coin","Oddly Smooth Stone","Bag of Marbles","Red Mask","Velvet Choker","Centennial Puzzle","FossilizedHelix","Blood Vial"],"potions_floor_usage":[],"damage_taken":[{"damage":1.0,"enemies":"Cultist","floor":1.0,"turns":3.0},{"damage":5.0,"enemies":"2 Louse","floor":5.0,"turns":4.0},{"damage":8.0,"enemies":"Gremlin Nob","floor":8.0,"turns":3.0},{"damage":7.0,"enemies":"Jaw Worm","floor":12.0,"turns":2.0},{"damage":16.0,"enemies":"Exordium Thugs","floor":13.0,"turns":3.0},{"damage":23.0,"enemies":"Lots of Slimes","floor":14.0,"turns":3.0},{"damage":11.0,"enemies":"The Guardian","floor":16.0,"turns":7.0},{"damage":23.0,"enemies":"3 Byrds","floor":18.0,"turns":6.0},{"damage":18.0,"enemies":"Chosen","floor":21.0,"turns":6.0},{"damage":21.0,"enemies":"Gremlin Leader","floor":24.0,"turns":6.0},{"damage":18,"enemies":"Snake Plant","floor":27,"turns":4},{"damage":6,"enemies":"Masked Bandits","floor":29,"turns":1},{"damage":75,"enemies":"Automaton","floor":33,"turns":10},{"damage":12,"enemies":"3 Shapes","floor":35,"turns":4},{"damage":2,"enemies":"Orb Walker","floor":38,"turns":2},{"damage":12,"enemies":"Maw","floor":39,"turns":7},{"damage":6,"enemies":"Nemesis","floor":41,"turns":5},{"damage":14,"enemies":"Jaw Worm Horde","floor":44,"turns":3},{"damage":35,"enemies":"2 Orb Walkers","floor":47,"turns":4},{"damage":33,"enemies":"Reptomancer","floor":48,"turns":6},{"damage":93,"enemies":"Time Eater","floor":50,"turns":13}],"seed_played":"2310456341446652302","potions_obtained":[{"floor":5.0,"key":"AttackPotion"},{"floor":12.0,"key":"EssenceOfSteel"},{"floor":14.0,"key":"AttackPotion"},{"floor":18.0,"key":"PowerPotion"},{"floor":35,"key":"Energy Potion"},{"floor":41,"key":"EssenceOfSteel"},{"floor":44,"key":"Swift Potion"}],"is_trial":false,"path_per_floor":["M","T","?","$","M","R","?","E","T","T","R","M","M","M","R","B",null,"M","T","$","M","T","R","E","R","T","M","$","?","?","?","R","B",null,"M","?","?","M","M","R","E","R","T","M","R","$","?","E","R","B"],"character_chosen":"IRONCLAD","items_purchased":["Bag of Preparation","Inflame","Anchor","Flash of Steel","Bag of Marbles","Panacea","SpeedPotion"],"campfire_rested":0,"item_purchase_floors":[4,4,20,28,28,46,46],"current_hp_per_floor":[73,73,62,62,63,63,63,61,61,61,61,63,56,42,42,40,66,64,64,64,66,66,66,75,75,75,75,75,75,54,54,54,20,65,80,76,76,76,76,76,76,76,76,76,76,76,76,69,69,0],"gold":88,"neow_bonus":"RANDOM_COMMON_RELIC","is_prod":false,"is_daily":false,"chose_seed":false,"campfire_upgraded":9,"win_rate":0,"timestamp":1558681180,"path_taken":["M","?","?","$","M","R","?","E","T","?","R","M","?","M","R","BOSS","M","?","?","?","?","R","E","R","T","M","$","?","?","?","R","BOSS","M","?","?","?","M","R","E","R","T","M","R","$","?","E","R","BOSS"],"build_version":"2019-01-23","purchased_purges":2,"victory":false,"max_hp_per_floor":[75,75,75,75,75,75,75,75,75,75,75,75,75,75,75,75,75,75,75,75,75,75,75,75,75,75,75,75,75,80,80,80,80,80,80,76,76,76,76,76,76,76,76,76,76,76,76,76,76,76],"card_choices":[{"not_picked":["Twin Strike","Clash"],"picked":"Shrug It Off","floor":1.0},{"not_picked":["Burning Pact","Second Wind","Body Slam"],"picked":"Sword Boomerang","floor":5.0},{"not_picked":["Twin Strike","Thunderclap","Power Through"],"picked":"Armaments","floor":8.0},{"not_picked":["Corruption","Clash","Perfected Strike"],"picked":"Offering","floor":12.0},{"not_picked":["Clothesline","Cleave","Anger"],"picked":"Headbutt","floor":13.0},{"not_picked":["Corruption","Wild Strike","Armaments"],"picked":"Feel No Pain","floor":14.0},{"not_picked":["Bludgeon","Double Tap","Barricade"],"picked":"Reaper","floor":16.0},{"not_picked":["Hemokinesis","Wild Strike","Shrug It Off"],"picked":"Spot Weakness","floor":18.0},{"not_picked":["Power Through","Reckless Charge","Headbutt+1"],"picked":"Shockwave","floor":21.0},{"not_picked":["Anger","Offering","Headbutt"],"picked":"Whirlwind","floor":24.0},{"not_picked":["Searing Blow","Blood for Blood","Pommel Strike"],"picked":"Shrug It Off","floor":27},{"not_picked":["Offering","Limit Break","Dark Embrace"],"picked":"Impervious","floor":33},{"not_picked":["Flex","Clash","Cleave"],"picked":"Havoc+1","floor":35},{"not_picked":["Reckless Charge","Perfected Strike","Twin Strike","Combust"],"picked":"SKIP","floor":38},{"not_picked":["Hemokinesis","Clothesline","Heavy Blade"],"picked":"Flame Barrier+1","floor":39},{"not_picked":["Combust+1","Sword Boomerang","Rage","Wild Strike+1"],"picked":"SKIP","floor":41},{"not_picked":["Cleave","Second Wind","Reckless Charge+1"],"picked":"Battle Trance","floor":44},{"not_picked":["Double Tap","Armaments","Perfected Strike+1"],"picked":"Flame Barrier","floor":47},{"not_picked":["Pommel Strike","Wild Strike","Headbutt"],"picked":"True Grit","floor":48}],"player_experience":1031941,"relics_obtained":[{"floor":2.0,"key":"Question Card"},{"floor":8.0,"key":"Magic Flower"},{"floor":9.0,"key":"Pocketwatch"},{"floor":10.0,"key":"Potion Belt"},{"floor":19.0,"key":"Happy Flower"},{"floor":22.0,"key":"Kunai"},{"floor":24.0,"key":"Old Coin"},{"floor":26.0,"key":"Oddly Smooth Stone"},{"floor":29,"key":"Red Mask"},{"floor":41,"key":"Centennial Puzzle"},{"floor":47,"key":"FossilizedHelix"},{"floor":48,"key":"Blood Vial"}],"event_choices":[{"damage_healed":0.0,"max_hp_gain":0.0,"max_hp_loss":0.0,"gold_gain":75.0,"event_name":"World of Goop","player_choice":"Gather Gold","floor":3.0,"gold_loss":0.0,"damage_taken":11.0},{"damage_healed":0.0,"max_hp_gain":0.0,"max_hp_loss":0.0,"gold_gain":0.0,"event_name":"The Cleric","player_choice":"Leave","floor":7.0,"gold_loss":0.0,"damage_taken":0.0},{"damage_healed":0,"gold_gain":0,"player_choice":"Fought Bandits","damage_taken":0,"max_hp_gain":0,"max_hp_loss":0,"event_name":"Masked Bandits","floor":29,"gold_loss":0},{"damage_healed":0,"gold_gain":0,"player_choice":"Shed Blood","damage_taken":26,"max_hp_gain":5,"max_hp_loss":0,"event_name":"Forgotten Altar","floor":30,"gold_loss":0},{"cards_removed":["Strike_R"],"damage_healed":0,"gold_gain":0,"player_choice":"Elegance","damage_taken":0,"max_hp_gain":0,"max_hp_loss":0,"event_name":"Back to Basics","floor":31,"gold_loss":0},{"damage_healed":0,"gold_gain":0,"player_choice":"Max HP","damage_taken":0,"max_hp_gain":0,"max_hp_loss":4,"event_name":"Winding Halls","floor":36,"gold_loss":0},{"damage_healed":0,"gold_gain":0,"player_choice":"Upgraded Two","damage_taken":0,"max_hp_gain":0,"max_hp_loss":0,"event_name":"Designer","floor":37,"gold_loss":50,"cards_upgraded":["Shrug It Off","Defend_R"]},{"damage_healed":0,"gold_gain":0,"player_choice":"Fight","damage_taken":0,"max_hp_gain":0,"max_hp_loss":0,"event_name":"Mysterious Sphere","floor":47,"gold_loss":0}],"is_beta":false,"boss_relics":[{"not_picked":["Lizard Tail","Eternal Feather"],"picked":"Empty Cage"},{"not_picked":["Pandora\u0027s Box","Astrolabe"],"picked":"Velvet Choker"}],"items_purged_floors":[20,28],"is_endless":false,"potions_floor_spawned":[5,12,14,18,35,41,44,48],"killed_by":"Time Eater","ascension_level":20}