{"gold_per_floor":[112,112,129,140,155,155,181,181,230,249,249,262,187,210,210,210],"floor_reached":16,"playtime":741,"items_purged":["Strike_R"],"score":104,"play_id":"94dc4d1b-0249-4902-9668-dfe2ee0dde69","local_time":"20181212174729","is_ascension_mode":false,"campfire_choices":[{"floor":6,"key":"RECALL"},{"data":"Rage","floor":15,"key":"SMITH"}],"neow_cost":"NONE","seed_source_timestamp":1132374641717410,"circlet_count":0,"master_deck":["Strike_R","Strike_R","Strike_R","Defend_R","Defend_R","Defend_R","Defend_R","Bash","Impervious","Bloodletting","Spot Weakness","Cleave","Metallicize","Feed","Rage+1"],"relics":["Burning Blood","Pear","Lantern","Golden Idol"],"potions_floor_usage":[11,16,16],"damage_taken":[{"damage":6,"enemies":"Jaw Worm","floor":1,"turns":4},{"damage":10,"enemies":"2 Louse","floor":3,"turns":4},{"damage":9,"enemies":"Small Slimes","floor":4,"turns":5},{"damage":29,"enemies":"Exordium Thugs","floor":5,"turns":4},{"damage":42,"enemies":"3 Sentries","floor":7,"turns":10},{"damage":0,"enemies":"3 Louse","floor":10,"turns":4},{"damage":0,"enemies":"Exordium Wildlife","floor":12,"turns":5},{"damage":8,"enemies":"Blue Slaver","floor":14,"turns":4},{"damage":27,"enemies":"Hexaghost","floor":16,"turns":12}],"seed_played":"1522694386313993739","potions_obtained":[{"floor":1,"key":"LiquidBronze"},{"floor":3,"key":"Swift Potion"},{"floor":11,"key":"Fruit Juice"},{"floor":11,"key":"Dexterity Potion"},{"floor":11,"key":"Poison Potion"},{"floor":12,"key":"PowerPotion"}],"is_trial":false,"path_per_floor":["M","?","M","M","M","R","E","?","T","M","?","M","$","M","R","B"],"character_chosen":"IRONCLAD","items_purchased":[],"campfire_rested":0,"item_purchase_floors":[],"current_hp_per_floor":[80,78,74,71,48,48,12,12,12,18,23,29,29,27,27,0],"gold":210,"neow_bonus":"TRANSFORM_CARD","is_prod":false,"is_daily":false,"chose_seed":false,"campfire_upgraded":1,"win_rate":0,"timestamp":1544604449,"path_taken":["M","?","M","M","M","R","E","?","T","M","?","M","$","M","R","BOSS"],"build_version":"2018-12-06","purchased_purges":1,"victory":false,"max_hp_per_floor":[80,90,90,90,90,90,90,83,83,83,88,88,88,88,88,88],"card_choices":[{"not_picked":["Flex","Thunderclap"],"picked":"Bloodletting","floor":1},{"not_picked":["Seeing Red","Headbutt"],"picked":"Spot Weakness","floor":3},{"not_picked":["Iron Wave","Ghostly Armor"],"picked":"Cleave","floor":4},{"not_picked":["Thunderclap","Body Slam","Carnage"],"picked":"SKIP","floor":5},{"not_picked":["True Grit","Rampage","Flex"],"picked":"SKIP","floor":7},{"not_picked":["Body Slam","Shrug It Off"],"picked":"Metallicize","floor":10},{"not_picked":["Evolve","Searing Blow"],"picked":"Feed","floor":12},{"not_picked":["Sword Boomerang","True Grit"],"picked":"Rage","floor":14}],"player_experience":624158,"relics_obtained":[{"floor":7,"key":"Lantern"}],"event_choices":[{"damage_healed":0,"gold_gain":0,"player_choice":"Success","damage_taken":12,"relics_obtained":["Pear"],"max_hp_gain":0,"max_hp_loss":0,"event_name":"Scrap Ooze","floor":2,"gold_loss":0},{"damage_healed":0,"gold_gain":0,"player_choice":"Lose Max HP","damage_taken":0,"relics_obtained":["Golden Idol"],"max_hp_gain":0,"max_hp_loss":7,"event_name":"Golden Idol","floor":8,"gold_loss":0},{"damage_healed":0,"gold_gain":0,"player_choice":"Got Potions","damage_taken":0,"max_hp_gain":0,"max_hp_loss":0,"event_name":"Lab","floor":11,"gold_loss":0}],"is_beta":false,"boss_relics":[],"items_purged_floors":[13],"is_endless":false,"potions_floor_spawned":[1,3,12,14],"killed_by":"Hexaghost","ascension_level":0}