{"gold_per_floor":[112,8,8,22,33,33,45,45,45,45,58,58,72,101,101,172,172,184,184,9,23,37,37,69,69,92,92,92,92,92,103,103,180,180,193,293,293,307,21,21,47,63,63,63,74,74,97,22,22,22],"floor_reached":51,"playtime":4348,"items_purged":["Strike_B","Pain"],"score":1307,"play_id":"e0a1c107-e70a-450b-b823-6622b260e319","local_time":"20190127005621","is_ascension_mode":true,"campfire_choices":[{"data":"Defragment","floor":6,"key":"SMITH"},{"data":"Barrage","floor":8,"key":"SMITH"},{"data":"Coolheaded","floor":10,"key":"SMITH"},{"data":"Coolheaded","floor":15,"key":"SMITH"},{"data":"Defragment","floor":23,"key":"SMITH"},{"floor":25,"key":"REST"},{"data":"Go for the Eyes","floor":27,"key":"SMITH"},{"floor":32,"key":"REST"},{"floor":40,"key":"REST"},{"floor":44,"key":"REST"},{"floor":49,"key":"REST"}],"neow_cost":"NONE","seed_source_timestamp":487452370183700,"circlet_count":0,"master_deck":["AscendersBane","Strike_B+1","Strike_B+1","Strike_B+1","Defend_B+1","Defend_B+1","Defend_B+1","Defend_B+1","Zap+1","Dualcast","Recycle","Barrage+1","Coolheaded+1","Defragment+1","Steam","Conserve Battery","Compile Driver","Coolheaded+1","Fission","Writhe","Defragment+1","Cold Snap","Go for the Eyes+1","Scrape+1","Fission","White Noise+1","Cold Snap","Barrage","Coolheaded","Loop","Conserve Battery","White Noise","White Noise+1","FTL","Reprogram","Rip and Tear"],"relics":["FrozenCore","Calipers","Incense Burner","WarpedTongs","Shuriken","Unceasing Top","Kunai","Regal Pillow","MutagenicStrength","Orrery","Torii","Cables","Oddly Smooth Stone","Pen Nib","Happy Flower"],"potions_floor_usage":[14,14,16,50,50],"damage_taken":[{"damage":0,"enemies":"Cultist","floor":1,"turns":3},{"damage":4,"enemies":"Small Slimes","floor":4,"turns":3},{"damage":5,"enemies":"Jaw Worm","floor":5,"turns":3},{"damage":11,"enemies":"Large Slime","floor":7,"turns":6},{"damage":0,"enemies":"2 Fungi Beasts","floor":11,"turns":3},{"damage":4,"enemies":"3 Louse","floor":13,"turns":4},{"damage":8,"enemies":"Lagavulin","floor":14,"turns":4},{"damage":12,"enemies":"The Guardian","floor":16,"turns":13},{"damage":5,"enemies":"Shell Parasite","floor":18,"turns":10},{"damage":0,"enemies":"Spheric Guardian","floor":21,"turns":8},{"damage":0,"enemies":"Centurion and Healer","floor":22,"turns":10},{"damage":21,"enemies":"Gremlin Leader","floor":24,"turns":10},{"damage":14,"enemies":"Colosseum Slavers","floor":29,"turns":8},{"damage":0,"enemies":"Cultist and Chosen","floor":31,"turns":10},{"damage":0,"enemies":"Champ","floor":33,"turns":12},{"damage":0,"enemies":"3 Shapes","floor":35,"turns":7},{"damage":30,"enemies":"Mind Bloom Boss Battle","floor":36,"turns":11},{"damage":0,"enemies":"Orb Walker","floor":38,"turns":5},{"damage":41,"enemies":"Reptomancer","floor":41,"turns":6},{"damage":15,"enemies":"Transient","floor":42,"turns":6},{"damage":8,"enemies":"4 Shapes","floor":45,"turns":8},{"damage":18,"enemies":"Time Eater","floor":50,"turns":12}],"seed_played":"-1536066347555628469","potions_obtained":[{"floor":5,"key":"Swift Potion"},{"floor":11,"key":"FearPotion"},{"floor":13,"key":"AttackPotion"},{"floor":14,"key":"Block Potion"},{"floor":16,"key":"Strength Potion"},{"floor":21,"key":"EssenceOfSteel"},{"floor":45,"key":"FocusPotion"}],"is_trial":false,"path_per_floor":["M","$","?","M","M","R","M","R","T","R","M","?","M","E","R","B",null,"M","?","$","M","M","R","E","R","T","R","?","?","?","M","R","B",null,"M","?","?","M","$","R","E","M","T","R","M","?","T","$","R","B",null],"character_chosen":"DEFECT","items_purchased":["Barrage","Defragment","Cables","Rip and Tear"],"campfire_rested":5,"item_purchase_floors":[2,20,39,48],"current_hp_per_floor":[64,64,59,55,50,50,39,39,39,39,39,39,35,27,27,15,57,52,52,52,52,52,52,31,52,52,52,52,38,38,38,71,71,71,71,41,41,41,41,71,30,15,15,51,43,43,43,43,67,49],"gold":22,"neow_bonus":"UPGRADE_CARD","is_prod":false,"is_daily":false,"chose_seed":false,"campfire_upgraded":6,"win_rate":0,"timestamp":1548543381,"path_taken":["M","$","?","M","M","R","M","R","T","R","M","?","M","E","R","BOSS","M","?","$","M","M","R","E","R","T","R","?","?","?","M","R","BOSS","M","?","?","M","?","R","E","M","T","R","?","?","?","?","R","BOSS"],"build_version":"2019-01-23","purchased_purges":2,"victory":true,"max_hp_per_floor":[71,71,71,71,71,71,71,71,71,71,71,71,71,71,71,71,71,71,71,71,71,71,71,71,71,71,71,71,71,71,71,71,71,71,71,71,71,71,71,71,71,71,71,71,71,67,67,67,67,67],"card_choices":[{"not_picked":["Turbo","Sweeping Beam"],"picked":"Recycle","floor":1},{"not_picked":["Tempest","Gash"],"picked":"Coolheaded","floor":4},{"not_picked":["Recycle","Hologram"],"picked":"Defragment","floor":5},{"not_picked":["Beam Cell","Stack"],"picked":"Steam","floor":7},{"not_picked":["Rebound","Stack"],"picked":"Conserve Battery","floor":11},{"not_picked":["Streamline","Machine Learning"],"picked":"Compile Driver","floor":13},{"not_picked":["Recycle","Barrage"],"picked":"Coolheaded","floor":14},{"not_picked":["Reboot","Buffer"],"picked":"Fission","floor":16},{"not_picked":["Redo","Fusion","Hologram"],"picked":"SKIP","floor":18},{"not_picked":["Beam Cell","Stack","Leap"],"picked":"SKIP","floor":21},{"not_picked":["Recycle","Static Discharge+1"],"picked":"Cold Snap","floor":22},{"not_picked":["Leap","Darkness"],"picked":"Go for the Eyes","floor":24},{"not_picked":["Heatsinks","Buffer"],"picked":"Scrape+1","floor":31},{"not_picked":["Seek","Multi-Cast"],"picked":"Fission","floor":33},{"not_picked":["Reinforced Body","Barrage+1"],"picked":"White Noise+1","floor":34},{"not_picked":["Coolheaded","Doom and Gloom"],"picked":"Cold Snap","floor":34},{"not_picked":["Sweeping Beam","Ball Lightning"],"picked":"Barrage","floor":34},{"not_picked":["Gash","Leap+1"],"picked":"Coolheaded","floor":34},{"not_picked":["Streamline","Storm"],"picked":"Loop","floor":34},{"not_picked":["Gash","Rebound"],"picked":"Conserve Battery","floor":35},{"not_picked":["Go for the Eyes","Cold Snap"],"picked":"White Noise","floor":36},{"not_picked":["Barrage","Rebound"],"picked":"White Noise+1","floor":38},{"not_picked":["Hello World","Amplify"],"picked":"FTL","floor":41},{"not_picked":["Rebound","Streamline","Auto Shields"],"picked":"SKIP","floor":42},{"not_picked":["Stack","Fusion"],"picked":"Reprogram","floor":45}],"player_experience":845513,"relics_obtained":[{"floor":9,"key":"Incense Burner"},{"floor":14,"key":"Shuriken"},{"floor":24,"key":"Kunai"},{"floor":26,"key":"Regal Pillow"},{"floor":36,"key":"Torii"},{"floor":41,"key":"Oddly Smooth Stone"},{"floor":43,"key":"Pen Nib"},{"floor":47,"key":"Happy Flower"}],"event_choices":[{"damage_healed":0,"gold_gain":0,"player_choice":"Success","damage_taken":5,"relics_obtained":["Calipers"],"max_hp_gain":0,"max_hp_loss":0,"event_name":"Scrap Ooze","floor":3,"gold_loss":0},{"damage_healed":0,"gold_gain":0,"player_choice":"Rummage","damage_taken":0,"relics_obtained":["WarpedTongs"],"max_hp_gain":0,"max_hp_loss":0,"event_name":"Accursed Blacksmith","floor":12,"gold_loss":0,"cards_obtained":["Pain"]},{"damage_healed":0,"gold_gain":0,"player_choice":"Opened","damage_taken":0,"relics_obtained":["Unceasing Top"],"max_hp_gain":0,"max_hp_loss":0,"event_name":"The Mausoleum","floor":19,"gold_loss":0,"cards_obtained":["Writhe"]},{"damage_healed":0,"gold_gain":0,"player_choice":"Inject Mutagens","damage_taken":0,"relics_obtained":["MutagenicStrength"],"max_hp_gain":0,"max_hp_loss":0,"event_name":"Drug Dealer","floor":28,"gold_loss":0},{"damage_healed":0,"gold_gain":0,"player_choice":"Fight","damage_taken":0,"max_hp_gain":0,"max_hp_loss":0,"event_name":"Colosseum","floor":29,"gold_loss":0},{"damage_healed":0,"gold_gain":0,"player_choice":"Fled From Nobs","damage_taken":0,"max_hp_gain":0,"max_hp_loss":0,"event_name":"Colosseum","floor":29,"gold_loss":0},{"damage_healed":0,"gold_gain":0,"player_choice":"Simplicity","damage_taken":0,"max_hp_gain":0,"max_hp_loss":0,"event_name":"Back to Basics","floor":30,"gold_loss":0,"cards_upgraded":["Strike_B","Strike_B","Strike_B","Defend_B","Defend_B","Defend_B","Defend_B"]},{"damage_healed":0,"gold_gain":0,"player_choice":"Fight","damage_taken":0,"max_hp_gain":0,"max_hp_loss":0,"event_name":"MindBloom","floor":36,"gold_loss":0},{"damage_healed":0,"gold_gain":0,"player_choice":"Memory 1","damage_taken":0,"max_hp_gain":0,"max_hp_loss":0,"event_name":"SensoryStone","floor":37,"gold_loss":0},{"damage_healed":0,"gold_gain":0,"player_choice":"Max HP","damage_taken":0,"max_hp_gain":0,"max_hp_loss":4,"event_name":"Winding Halls","floor":46,"gold_loss":0}],"is_beta":false,"boss_relics":[{"not_picked":["Cursed Key","Eternal Feather"],"picked":"FrozenCore"},{"not_picked":["Coffee Dripper","Snecko Eye"],"picked":"Orrery"}],"items_purged_floors":[2,20],"is_endless":false,"potions_floor_spawned":[5,11,13,14,16,21,31,33,36,45],"ascension_level":17}