{"gold_per_floor":[113,129,129,143,143,170,170,202,227,64,74,91,121,142,142,219,219,233,247,26,26,40,73,83,83,83,133,151,151,168,83,83,157,157,167,139,159,159,170,202,202,202],"floor_reached":42,"playtime":2686,"items_purged":["Strike_G"],"score":986,"play_id":"d3f37079-8954-4da9-a7a9-1b33555ff5f1","local_time":"20190617023007","is_ascension_mode":true,"campfire_choices":[{"floor":7,"key":"REST"},{"data":"Dagger Spray","floor":15,"key":"SMITH"},{"floor":25,"key":"REST"},{"floor":29,"key":"RECALL"},{"floor":32,"key":"REST"},{"floor":41,"key":"REST"}],"neow_cost":"NONE","seed_source_timestamp":319427345835700,"circlet_count":0,"master_deck":["AscendersBane","Defend_G+1","Defend_G+1","Defend_G+1","Defend_G+1","Defend_G+1","Strike_G+1","Strike_G+1","Survivor","Neutralize","Bouncing Flask","Flying Knee+1","Noxious Fumes","PiercingWail","Cloak And Dagger+1","Masterful Stab","Doppelganger","Dagger Spray+1","Malaise","Acrobatics+1","Deflect+1","Blur+1","Wraith Form v2","Infinite Blades","Catalyst","Footwork","Deadly Poison","Dodge and Roll","A Thousand Cuts","PiercingWail+1"],"relics":["Ring of the Snake","Blood Vial","Anchor","Regal Pillow","Bag of Marbles","Bottled Tornado","Odd Mushroom","Fusion Hammer","OrangePellets","Ancient Tea Set","Mummified Hand","Ninja Scroll","Orrery","War Paint"],"potions_floor_usage":[8,13,13,18,23,33,35,42],"damage_taken":[{"damage":0,"enemies":"Small Slimes","floor":1,"turns":6},{"damage":0,"enemies":"Cultist","floor":2,"turns":4},{"damage":4,"enemies":"Jaw Worm","floor":4,"turns":4},{"damage":25,"enemies":"Lagavulin","floor":6,"turns":7},{"damage":34,"enemies":"Gremlin Nob","floor":8,"turns":5},{"damage":0,"enemies":"Exordium Wildlife","floor":11,"turns":3},{"damage":0,"enemies":"2 Fungi Beasts","floor":12,"turns":2},{"damage":14,"enemies":"Lagavulin","floor":13,"turns":5},{"damage":1,"enemies":"The Mushroom Lair","floor":14,"turns":4},{"damage":12,"enemies":"The Guardian","floor":16,"turns":9},{"damage":2,"enemies":"3 Byrds","floor":18,"turns":3},{"damage":2,"enemies":"Shell Parasite","floor":19,"turns":8},{"damage":0,"enemies":"Snake Plant","floor":22,"turns":5},{"damage":0,"enemies":"Gremlin Leader","floor":23,"turns":5},{"damage":3,"enemies":"Centurion and Healer","floor":24,"turns":7},{"damage":11,"enemies":"3 Cultists","floor":28,"turns":6},{"damage":0,"enemies":"Snake Plant","floor":30,"turns":3},{"damage":46,"enemies":"Automaton","floor":33,"turns":12},{"damage":4,"enemies":"3 Darklings","floor":35,"turns":5},{"damage":4,"enemies":"3 Shapes","floor":37,"turns":5},{"damage":25,"enemies":"Writhing Mass","floor":39,"turns":6},{"damage":24,"enemies":"Nemesis","floor":40,"turns":11},{"damage":46,"enemies":"Giant Head","floor":42,"turns":7}],"seed_played":"-5489857642413429409","potions_obtained":[{"floor":4,"key":"GhostInAJar"},{"floor":6,"key":"Block Potion"},{"floor":11,"key":"Regen Potion"},{"floor":14,"key":"LiquidBronze"},{"floor":16,"key":"Strength Potion"},{"floor":22,"key":"Dexterity Potion"},{"floor":30,"key":"Fire Potion"},{"floor":33,"key":"Strength Potion"},{"floor":35,"key":"EssenceOfSteel"}],"is_trial":false,"path_per_floor":["M","M","?","M","?","E","R","E","T","$","M","M","E","?","R","B",null,"M","M","$","?","M","E","M","R","T","?","M","R","M","?","R","B",null,"M","$","M","?","M","E","R","E"],"character_chosen":"THE_SILENT","items_purchased":["Masterful Stab","OrangePellets","Deadly Poison"],"campfire_rested":4,"item_purchase_floors":[10,20,36],"current_hp_per_floor":[61,63,43,41,41,18,37,5,5,5,7,9,11,12,12,2,50,50,50,50,50,52,54,53,66,66,66,55,55,57,57,66,20,55,53,53,51,51,28,6,40,0],"gold":202,"neow_bonus":"RANDOM_COMMON_RELIC","is_prod":false,"is_daily":false,"chose_seed":false,"campfire_upgraded":1,"win_rate":0,"timestamp":1560727807,"path_taken":["M","M","?","M","?","E","R","E","T","$","M","?","E","?","R","BOSS","M","M","$","?","M","E","M","R","T","?","M","R","M","?","R","BOSS","M","$","M","?","M","E","R","E"],"build_version":"2019-01-23","purchased_purges":1,"victory":false,"max_hp_per_floor":[66,66,66,66,66,66,66,66,66,66,66,66,66,66,66,66,66,66,66,66,66,66,66,66,66,66,66,66,66,66,66,66,66,66,66,66,66,66,66,66,66,66],"card_choices":[{"not_picked":["Sucker Punch","Bane"],"picked":"Bouncing Flask","floor":1},{"not_picked":["Well Laid Plans","Sucker Punch"],"picked":"Flying Knee","floor":2},{"not_picked":["Flying Knee","Expertise"],"picked":"Noxious Fumes","floor":4},{"not_picked":["Backflip","Cloak And Dagger"],"picked":"PiercingWail","floor":6},{"not_picked":["Bouncing Flask","Caltrops"],"picked":"Cloak And Dagger","floor":8},{"not_picked":["Setup","Bouncing Flask"],"picked":"Doppelganger","floor":11},{"not_picked":["Prepared","All Out Attack","Outmaneuver"],"picked":"SKIP","floor":12},{"not_picked":["Flying Knee","Unload","Endless Agony"],"picked":"SKIP","floor":13},{"not_picked":["Poisoned Stab","Cloak And Dagger"],"picked":"Dagger Spray","floor":14},{"not_picked":["A Thousand Cuts","After Image"],"picked":"Malaise","floor":16},{"not_picked":["Backstab","Finisher","Tactician"],"picked":"SKIP","floor":18},{"not_picked":["Cloak And Dagger","Eviscerate"],"picked":"Acrobatics+1","floor":19},{"not_picked":["Bane","Slice+1","Deflect"],"picked":"SKIP","floor":22},{"not_picked":["Bane","Slice+1","Deflect"],"picked":"SKIP","floor":22},{"not_picked":["Distraction","Cloak And Dagger"],"picked":"Deflect+1","floor":23},{"not_picked":["Riddle With Holes","Dodge and Roll","Eviscerate"],"picked":"SKIP","floor":24},{"not_picked":["Dagger Throw+1","Prepared","Poisoned Stab"],"picked":"SKIP","floor":28},{"not_picked":["Eviscerate","Venomology"],"picked":"Blur","floor":30},{"not_picked":["After Image","Corpse Explosion"],"picked":"Wraith Form v2","floor":33},{"not_picked":["Prepared","Tactician"],"picked":"Infinite Blades","floor":34},{"not_picked":["Prepared","Cloak And Dagger"],"picked":"Catalyst","floor":34},{"not_picked":["Endless Agony","Bouncing Flask"],"picked":"Footwork","floor":35},{"not_picked":["Predator","Bane"],"picked":"Dodge and Roll","floor":37},{"not_picked":["Masterful Stab","Cloak And Dagger"],"picked":"A Thousand Cuts","floor":39},{"not_picked":["Heel Hook","Dagger Spray"],"picked":"PiercingWail+1","floor":40}],"player_experience":1128950,"relics_obtained":[{"floor":6,"key":"Anchor"},{"floor":8,"key":"Regal Pillow"},{"floor":9,"key":"Bag of Marbles"},{"floor":13,"key":"Bottled Tornado"},{"floor":14,"key":"Odd Mushroom"},{"floor":23,"key":"Ancient Tea Set"},{"floor":26,"key":"Mummified Hand"},{"floor":40,"key":"War Paint"}],"event_choices":[{"damage_healed":0,"gold_gain":0,"player_choice":"Entered Light","damage_taken":20,"max_hp_gain":0,"max_hp_loss":0,"event_name":"Shining Light","floor":3,"gold_loss":0,"cards_upgraded":["Flying Knee","Defend_G"]},{"cards_removed":["Strike_G"],"damage_healed":0,"gold_gain":0,"player_choice":"Purged","damage_taken":0,"max_hp_gain":0,"max_hp_loss":0,"event_name":"Purifier","floor":5,"gold_loss":0},{"damage_healed":0,"gold_gain":0,"player_choice":"Fought Mushrooms","damage_taken":0,"max_hp_gain":0,"max_hp_loss":0,"event_name":"Mushrooms","floor":14,"gold_loss":0},{"damage_healed":0,"gold_gain":0,"player_choice":"Simplicity","damage_taken":0,"max_hp_gain":0,"max_hp_loss":0,"event_name":"Back to Basics","floor":21,"gold_loss":0,"cards_upgraded":["Defend_G","Defend_G","Defend_G","Defend_G","Strike_G","Strike_G","Strike_G"]},{"damage_healed":0,"gold_gain":50,"player_choice":"Stole From Cult","damage_taken":0,"max_hp_gain":0,"max_hp_loss":0,"event_name":"Nest","floor":27,"gold_loss":0},{"damage_healed":0,"gold_gain":0,"player_choice":"Obtained Relic","damage_taken":0,"relics_obtained":["Ninja Scroll"],"max_hp_gain":0,"max_hp_loss":0,"event_name":"Addict","floor":31,"gold_loss":85},{"cards_removed":["Strike_G"],"damage_healed":0,"gold_gain":0,"player_choice":"Purged","damage_taken":0,"max_hp_gain":0,"max_hp_loss":0,"event_name":"Purifier","floor":38,"gold_loss":0}],"is_beta":false,"boss_relics":[{"not_picked":["WristBlade","Ring of the Serpent"],"picked":"Fusion Hammer"},{"not_picked":["Empty Cage","Runic Dome"],"picked":"Orrery"}],"items_purged_floors":[10],"is_endless":false,"potions_floor_spawned":[4,6,11,14,16,22,30,33,35,39],"killed_by":"Giant Head","ascension_level":20}