{"gold_per_floor":[119,137,154,164,239,239,270,270,293,293,306,306,377,64,64,194,194,210,226,351,371,38,38,62,82,82,82,7,7,7,45,45,166,166,190,65,65,88,88,88,108,108,108,141,241,261,261,299,299,299,299,299,34,34],"floor_reached":54,"playtime":2668,"items_purged":["Strike_B","Strike_B","Defend_B"],"score":738,"play_id":"a2e83e57-61fe-45c7-a9ef-334591e5815f","local_time":"20190627042407","is_ascension_mode":false,"campfire_choices":[{"data":"Zap","floor":6.0,"key":"SMITH"},{"data":"Dualcast","floor":12.0,"key":"SMITH"},{"data":"Tempest","floor":15.0,"key":"SMITH"},{"data":"Loop","floor":23,"key":"SMITH"},{"data":"Hologram","floor":27,"key":"SMITH"},{"data":"Reboot","floor":29,"key":"SMITH"},{"data":"Fission","floor":32,"key":"SMITH"},{"data":"Multi-Cast","floor":40,"key":"SMITH"},{"data":"Consume","floor":42,"key":"SMITH"},{"data":"Fission","floor":47,"key":"SMITH"},{"floor":49,"key":"RECALL"},{"data":"Loop","floor":52,"key":"SMITH"}],"neow_cost":"NONE","seed_source_timestamp":128904123651962,"circlet_count":0,"master_deck":["Defend_B+1","Defend_B","Zap+1","Dualcast+1","Cold Snap","Conserve Battery","Coolheaded","Tempest+1","Ball Lightning","Go for the Eyes+1","Storm","Reboot+1","Meteor Strike","Hologram+1","Turbo+1","Cold Snap+1","Coolheaded","Loop+1","Reprogram+1","Rebound+1","Loop+1","Fission+1","Multi-Cast+1","Go for the Eyes+1","Purity","Hologram+1","Consume+1","Fission+1","Melter+1","Self Repair","Fission","White Noise","Static Discharge","Self Repair"],"special_seed":0,"relics":["Eternal Feather","Ancient Tea Set","Golden Idol","DataDisk","Bag of Marbles","Nuclear Battery","Gambling Chip","Pantograph","Chemical X","Matryoshka","War Paint","Inserter","Anchor","Whetstone","The Courier"],"potions_floor_usage":[20,20],"damage_taken":[{"damage":5.0,"enemies":"Small Slimes","floor":1.0,"turns":4.0},{"damage":3.0,"enemies":"Jaw Worm","floor":2.0,"turns":5.0},{"damage":1.0,"enemies":"2 Louse","floor":3.0,"turns":5.0},{"damage":1.0,"enemies":"Red Slaver","floor":4.0,"turns":5.0},{"damage":4.0,"enemies":"3 Sentries","floor":7.0,"turns":9.0},{"damage":4.0,"enemies":"Exordium Wildlife","floor":11.0,"turns":2.0},{"damage":1.0,"enemies":"3 Sentries","floor":13.0,"turns":6.0},{"damage":29.0,"enemies":"Slime Boss","floor":16.0,"turns":9.0},{"damage":0.0,"enemies":"Chosen","floor":18.0,"turns":2.0},{"damage":4.0,"enemies":"3 Byrds","floor":19.0,"turns":2.0},{"damage":6,"enemies":"Colosseum Slavers","floor":20,"turns":2},{"damage":2,"enemies":"Colosseum Nobs","floor":20,"turns":2},{"damage":4,"enemies":"Centurion and Healer","floor":21,"turns":9},{"damage":0,"enemies":"Snecko","floor":24,"turns":2},{"damage":4,"enemies":"Sentry and Sphere","floor":25,"turns":5},{"damage":0,"enemies":"Book of Stabbing","floor":31,"turns":4},{"damage":59,"enemies":"Collector","floor":33,"turns":10},{"damage":0,"enemies":"3 Darklings","floor":35,"turns":3},{"damage":0,"enemies":"3 Shapes","floor":38,"turns":1},{"damage":0,"enemies":"Transient","floor":41,"turns":5},{"damage":9,"enemies":"Reptomancer","floor":44,"turns":4},{"damage":5,"enemies":"Writhing Mass","floor":46,"turns":2},{"damage":2,"enemies":"Giant Head","floor":48,"turns":7},{"damage":49,"enemies":"Donu and Deca","floor":50,"turns":10},{"damage":89,"enemies":"Shield and Spear","floor":54,"turns":7}],"seed_played":"6111800200197425929","potions_obtained":[{"floor":2.0,"key":"Energy Potion"},{"floor":4.0,"key":"Poison Potion"},{"floor":11.0,"key":"Dexterity Potion"},{"floor":21,"key":"FocusPotion"},{"floor":24,"key":"SpeedPotion"},{"floor":46,"key":"FairyPotion"}],"is_trial":false,"path_per_floor":["M","M","M","M","?","R","E","?","T","?","M","R","?","$","R","B",null,"M","M","?","M","$","R","M","M","T","R","?","R","?","E","R","B",null,"M","$","?","M","$","R","M","R","T","E","?","M","R","E","R","B",null,"R","$","E"],"character_chosen":"DEFECT","items_purchased":["Storm","Reboot","Chemical X","Loop","Fission","White Noise","Static Discharge","Self Repair"],"campfire_rested":0,"item_purchase_floors":[14,14,22,22,53,53,53,53],"current_hp_per_floor":[70,67,66,65,54,60,56,38,38,38,34,43,42,42,51,22,75,75,71,63,59,59,71,71,67,67,75,75,75,75,75,75,16,75,75,75,75,75,75,75,75,75,75,66,66,61,75,73,75,33,75,75,75,0],"gold":34,"neow_bonus":"BOSS_RELIC","is_prod":false,"is_daily":false,"chose_seed":false,"campfire_upgraded":11,"win_rate":0,"timestamp":1561577047,"path_taken":["M","M","M","M","?","R","E","?","T","?","M","R","?","$","R","BOSS","M","M","?","M","$","R","M","M","T","R","?","R","?","E","R","BOSS","M","$","?","M","$","R","M","R","T","E","?","?","R","E","R","BOSS","R","$","E"],"build_version":"2019-01-23","purchased_purges":3,"victory":false,"max_hp_per_floor":[75,75,75,75,75,75,75,75,75,75,75,75,75,75,75,75,75,75,75,75,75,75,75,75,75,75,75,75,75,75,75,75,75,75,75,75,75,75,75,75,75,75,75,75,75,75,75,75,75,75,75,75,75,75],"card_choices":[{"not_picked":["Hologram","Go for the Eyes"],"picked":"Cold Snap","floor":1.0},{"not_picked":["Go for the Eyes","Compile Driver"],"picked":"Conserve Battery","floor":2.0},{"not_picked":["Double Energy","Leap"],"picked":"Coolheaded","floor":3.0},{"not_picked":["Steam","Fusion"],"picked":"Tempest","floor":4.0},{"not_picked":["Hello World","Rip and Tear"],"picked":"Ball Lightning","floor":7.0},{"not_picked":["Turbo","Gash","Streamline"],"picked":"SKIP","floor":11.0},{"not_picked":["Electrodynamics","Hyperbeam"],"picked":"Meteor Strike","floor":16.0},{"not_picked":["Steam","BootSequence"],"picked":"Hologram","floor":18.0},{"not_picked":["Redo","Steam+1"],"picked":"Turbo","floor":19.0},{"not_picked":["Turbo","Leap+1"],"picked":"Cold Snap","floor":20},{"not_picked":["Ball Lightning","Beam Cell"],"picked":"Coolheaded","floor":21},{"not_picked":["Go for the Eyes+1","Cold Snap+1"],"picked":"Reprogram+1","floor":24},{"not_picked":["Compile Driver","Force Field"],"picked":"Rebound+1","floor":25},{"not_picked":["Go for the Eyes","Hologram"],"picked":"Fission","floor":31},{"not_picked":["Amplify","Machine Learning"],"picked":"Multi-Cast","floor":33},{"not_picked":["Conserve Battery","Auto Shields"],"picked":"Go for the Eyes+1","floor":35},{"not_picked":["Impatience","Good Instincts"],"picked":"Purity","floor":37},{"not_picked":["Compile Driver","Rebound+1"],"picked":"Hologram+1","floor":38},{"not_picked":["Barrage","Skim"],"picked":"Consume","floor":41},{"not_picked":["Steam","Cold Snap+1"],"picked":"Fission","floor":44},{"not_picked":["Steam","Chill"],"picked":"Melter+1","floor":46},{"not_picked":["Undo","Gash+1"],"picked":"Self Repair","floor":48}],"player_experience":1064981,"relics_obtained":[{"floor":7.0,"key":"Ancient Tea Set"},{"floor":9.0,"key":"DataDisk"},{"floor":13.0,"key":"Bag of Marbles"},{"floor":20,"key":"Gambling Chip"},{"floor":20,"key":"Pantograph"},{"floor":26,"key":"Matryoshka"},{"floor":31,"key":"War Paint"},{"floor":43,"key":"Anchor"},{"floor":44,"key":"Whetstone"},{"floor":48,"key":"The Courier"}],"event_choices":[{"damage_healed":0.0,"max_hp_gain":0.0,"max_hp_loss":0.0,"gold_gain":75.0,"event_name":"World of Goop","player_choice":"Gather Gold","floor":5.0,"gold_loss":0.0,"damage_taken":11.0},{"damage_healed":0.0,"max_hp_gain":0.0,"max_hp_loss":0.0,"gold_gain":0.0,"event_name":"Golden Idol","player_choice":"Take Damage","floor":8.0,"gold_loss":0.0,"damage_taken":18.0,"relics_obtained":["Golden Idol"]},{"damage_healed":0.0,"max_hp_gain":0.0,"max_hp_loss":0.0,"gold_gain":0.0,"cards_transformed":["Strike_B"],"event_name":"Living Wall","player_choice":"Change","floor":10.0,"gold_loss":0.0,"damage_taken":0.0,"cards_obtained":["Go for the Eyes"]},{"damage_healed":0.0,"max_hp_gain":0.0,"max_hp_loss":0.0,"gold_gain":30.0,"event_name":"Dead Adventurer","player_choice":"Searched \u00273\u0027 times","floor":13.0,"gold_loss":0.0,"damage_taken":0.0},{"damage_healed":0,"gold_gain":0,"player_choice":"Fight","damage_taken":0,"max_hp_gain":0,"max_hp_loss":0,"event_name":"Colosseum","floor":20,"gold_loss":0},{"damage_healed":0,"gold_gain":0,"player_choice":"Fought Nobs","damage_taken":0,"max_hp_gain":0,"max_hp_loss":0,"event_name":"Colosseum","floor":20,"gold_loss":0},{"cards_removed":["Defend_B"],"damage_healed":0,"gold_gain":0,"player_choice":"Gave Gold","damage_taken":0,"max_hp_gain":0,"max_hp_loss":0,"event_name":"Beggar","floor":28,"gold_loss":75},{"damage_healed":0,"gold_gain":0,"cards_transformed":["Strike_B"],"player_choice":"Transformed","damage_taken":0,"max_hp_gain":0,"max_hp_loss":0,"event_name":"Transmorgrifier","floor":30,"gold_loss":0,"cards_obtained":["Loop"]},{"damage_healed":0,"gold_gain":0,"player_choice":"Memory 1","damage_taken":0,"max_hp_gain":0,"max_hp_loss":0,"event_name":"SensoryStone","floor":37,"gold_loss":0},{"damage_healed":0,"gold_gain":100,"player_choice":"Pray","damage_taken":0,"max_hp_gain":0,"max_hp_loss":0,"event_name":"Golden Shrine","floor":45,"gold_loss":0}],"is_beta":false,"boss_relics":[{"not_picked":["Cursed Key","Philosopher\u0027s Stone"],"picked":"Nuclear Battery"},{"not_picked":["Calling Bell","Snecko Eye"],"picked":"Inserter"}],"items_purged_floors":[14,22,36],"is_endless":false,"potions_floor_spawned":[2,4,11,21,24,25,31,33,35,44,46],"killed_by":"Shield and Spear","ascension_level":0}