{"gold_per_floor":[110,128,128,128,142,142,142,142,165,180,197,122,122,22,22,119,119,134,9,9,23,41,41,69,69,93,107,17,17,33,47,47,142,142,159,259,278,150,162,172,172,172,172,172,76,76,91,110,110,110],"floor_reached":51,"playtime":2384,"items_purged":["Pain","Strike_G","Strike_G","Defend_G","Strike_G+1"],"score":784,"play_id":"1649ee67-6227-43c2-a2cd-ba51e5e045be","local_time":"20190701221445","is_ascension_mode":false,"campfire_choices":[{"data":"Neutralize","floor":6.0,"key":"SMITH"},{"data":"Blade Dance","floor":8,"key":"SMITH"},{"data":"Cloak And Dagger","floor":15,"key":"SMITH"},{"data":"Backflip","floor":23,"key":"SMITH"},{"data":"Dodge and Roll","floor":25,"key":"SMITH"},{"floor":29,"key":"REST"},{"data":"Blade Dance","floor":32,"key":"SMITH"},{"floor":41,"key":"REST"},{"data":"Survivor","floor":44,"key":"SMITH"},{"floor":49,"key":"REST"}],"neow_cost":"NONE","seed_source_timestamp":68310610460000,"circlet_count":0,"master_deck":["Defend_G","Defend_G","Strike_G+1","Survivor+1","Neutralize+1","PiercingWail","Blade Dance+1","Cloak And Dagger+1","Deadly Poison","Acrobatics","Deadly Poison","Poisoned Stab+1","PiercingWail","Acrobatics+1","Poisoned Stab+1","Backflip+1","Blade Dance+1","Dodge and Roll+1","Backflip+1","Deadly Poison","Bane+1","Bane+1","Blade Dance+1","Backflip","Neutralize+1","Cloak And Dagger+1"],"special_seed":0,"relics":["Runic Dome","WarpedTongs","Snake Skull","Matryoshka","Orrery","Gambling Chip","Smiling Mask","Whetstone","Lizard Tail","Tingsha","Molten Egg 2","Gremlin Horn"],"potions_floor_usage":[50,50,50],"damage_taken":[{"damage":1.0,"enemies":"Cultist","floor":1.0,"turns":4.0},{"damage":7.0,"enemies":"Small Slimes","floor":2.0,"turns":5.0},{"damage":0.0,"enemies":"2 Louse","floor":5.0,"turns":3.0},{"damage":8,"enemies":"2 Fungi Beasts","floor":10,"turns":4},{"damage":6,"enemies":"Lots of Slimes","floor":11,"turns":4},{"damage":0,"enemies":"The Guardian","floor":16,"turns":12},{"damage":10,"enemies":"2 Thieves","floor":18,"turns":4},{"damage":2,"enemies":"Spheric Guardian","floor":21,"turns":4},{"damage":14,"enemies":"Centurion and Healer","floor":22,"turns":6},{"damage":14,"enemies":"Gremlin Leader","floor":24,"turns":7},{"damage":6,"enemies":"Shelled Parasite and Fungi","floor":27,"turns":5},{"damage":6,"enemies":"Cultist and Chosen","floor":30,"turns":6},{"damage":0,"enemies":"Centurion and Healer","floor":31,"turns":6},{"damage":39,"enemies":"Automaton","floor":33,"turns":10},{"damage":3,"enemies":"Orb Walker","floor":35,"turns":4},{"damage":0,"enemies":"Mind Bloom Boss Battle","floor":36,"turns":7},{"damage":1,"enemies":"3 Shapes","floor":37,"turns":7},{"damage":27,"enemies":"Maw","floor":39,"turns":7},{"damage":6,"enemies":"Jaw Worm Horde","floor":40,"turns":5},{"damage":1,"enemies":"Transient","floor":47,"turns":5},{"damage":36,"enemies":"Spire Growth","floor":48,"turns":4},{"damage":11,"enemies":"Awakened One","floor":50,"turns":22}],"seed_played":"4215456598582339604","potions_obtained":[{"floor":5.0,"key":"Strength Potion"},{"floor":10,"key":"Swift Potion"},{"floor":22,"key":"Ancient Potion"},{"floor":24,"key":"Poison Potion"},{"floor":27,"key":"FairyPotion"},{"floor":33,"key":"Dexterity Potion"},{"floor":39,"key":"Dexterity Potion"}],"is_trial":false,"path_per_floor":["M","M","?","?","M","R","?","R","T","M","M","$","T","$","R","B",null,"M","$","?","M","M","R","E","R","T","M","?","R","M","M","R","B",null,"M","?","M","$","M","M","R","?","T","R","$","?","M","M","R","B",null],"character_chosen":"THE_SILENT","items_purchased":["Regen Potion","Backflip"],"campfire_rested":3,"item_purchase_floors":[38,45],"current_hp_per_floor":[69,62,48,48,48,48,48,48,48,40,34,34,34,34,34,34,70,60,60,60,58,44,44,30,30,30,24,24,45,39,39,39,7,70,67,67,66,66,39,33,54,54,54,54,54,54,53,17,38,42],"gold":110,"neow_bonus":"BOSS_RELIC","is_prod":false,"is_daily":false,"chose_seed":false,"campfire_upgraded":7,"win_rate":0,"timestamp":1561986885,"path_taken":["M","?","?","?","M","R","?","R","T","M","?","$","?","?","R","BOSS","M","$","?","?","?","R","E","R","T","M","?","R","?","M","R","BOSS","M","?","M","$","M","M","R","?","T","R","$","?","?","M","R","BOSS"],"build_version":"2019-01-23","purchased_purges":5,"victory":true,"max_hp_per_floor":[70,70,70,70,70,70,70,70,70,70,70,70,70,70,70,70,70,70,70,70,70,70,70,70,70,70,70,70,70,70,70,70,70,70,70,70,70,70,70,70,70,70,70,70,70,70,70,70,70,70],"card_choices":[{"not_picked":["Flying Knee","Setup"],"picked":"PiercingWail","floor":1.0},{"not_picked":["Deflect","Prepared","Terror"],"picked":"SKIP","floor":2.0},{"not_picked":["Dagger Throw","All Out Attack"],"picked":"Blade Dance","floor":5.0},{"not_picked":["Acrobatics","Setup"],"picked":"Cloak And Dagger","floor":10},{"not_picked":["Outmaneuver","Prepared"],"picked":"Deadly Poison","floor":11},{"not_picked":["Setup","Infinite Blades"],"picked":"Acrobatics","floor":17},{"not_picked":["Flying Knee","Underhanded Strike"],"picked":"Deadly Poison","floor":17},{"not_picked":["Setup","Riddle With Holes"],"picked":"Poisoned Stab","floor":17},{"not_picked":["Bouncing Flask","Deadly Poison"],"picked":"PiercingWail","floor":17},{"not_picked":["Tools of the Trade","Catalyst"],"picked":"Acrobatics","floor":17},{"not_picked":["Underhanded Strike","Flying Knee"],"picked":"Poisoned Stab+1","floor":18},{"not_picked":["Sucker Punch+1","Dagger Spray"],"picked":"Backflip","floor":21},{"not_picked":["Blur","Predator"],"picked":"Blade Dance","floor":22},{"not_picked":["Distraction","Bouncing Flask"],"picked":"Dodge and Roll","floor":24},{"not_picked":["Calculated Gamble","Leg Sweep"],"picked":"Backflip+1","floor":27},{"not_picked":["Masterful Stab","Underhanded Strike","Die Die Die"],"picked":"SKIP","floor":30},{"not_picked":["Footwork","Sucker Punch"],"picked":"Deadly Poison","floor":31},{"not_picked":["Slice","Distraction"],"picked":"Bane+1","floor":35},{"not_picked":["PiercingWail+1","Blade Dance+1"],"picked":"Bane+1","floor":36},{"not_picked":["Deadly Poison","Poisoned Stab","Predator"],"picked":"SKIP","floor":37},{"not_picked":["Bane","Dagger Spray"],"picked":"Blade Dance+1","floor":39},{"not_picked":["Expertise+1","Backstab+1","Bouncing Flask"],"picked":"SKIP","floor":40},{"not_picked":["Flying Knee+1","Bouncing Flask+1"],"picked":"Cloak And Dagger+1","floor":47},{"not_picked":["Predator+1","Noxious Fumes","Finisher+1"],"picked":"SKIP","floor":48}],"player_experience":1070121,"relics_obtained":[{"floor":9,"key":"Snake Skull"},{"floor":13,"key":"Matryoshka"},{"floor":24,"key":"Gambling Chip"},{"floor":26,"key":"Smiling Mask"},{"floor":26,"key":"Whetstone"},{"floor":36,"key":"Tingsha"},{"floor":43,"key":"Molten Egg 2"},{"floor":43,"key":"Gremlin Horn"}],"event_choices":[{"damage_healed":0.0,"max_hp_gain":0.0,"max_hp_loss":0.0,"gold_gain":0.0,"event_name":"Shining Light","player_choice":"Entered Light","floor":3.0,"gold_loss":0.0,"damage_taken":14.0,"cards_upgraded":["Strike_G","Strike_G"]},{"cards_removed":["Strike_G"],"damage_healed":0.0,"max_hp_gain":0.0,"max_hp_loss":0.0,"gold_gain":0.0,"event_name":"Living Wall","player_choice":"Forget","floor":4.0,"gold_loss":0.0,"damage_taken":0.0},{"damage_healed":0,"gold_gain":0,"player_choice":"Rummage","damage_taken":0,"relics_obtained":["WarpedTongs"],"max_hp_gain":0,"max_hp_loss":0,"event_name":"Accursed Blacksmith","floor":7,"gold_loss":0,"cards_obtained":["Pain"]},{"damage_healed":0,"gold_gain":0,"player_choice":"0 cards matched","damage_taken":0,"max_hp_gain":0,"max_hp_loss":0,"event_name":"Match and Keep!","floor":20,"gold_loss":0,"cards_obtained":[]},{"cards_removed":["Defend_G"],"damage_healed":0,"gold_gain":0,"player_choice":"Upgrade and Remove","damage_taken":0,"max_hp_gain":0,"max_hp_loss":0,"event_name":"Designer","floor":28,"gold_loss":90,"cards_upgraded":["Acrobatics"]},{"damage_healed":0,"gold_gain":0,"player_choice":"Fight","damage_taken":0,"max_hp_gain":0,"max_hp_loss":0,"event_name":"MindBloom","floor":36,"gold_loss":0},{"cards_removed":["Defend_G"],"damage_healed":0,"gold_gain":0,"player_choice":"Removed Skill","damage_taken":0,"max_hp_gain":0,"max_hp_loss":0,"event_name":"Falling","floor":42,"gold_loss":0},{"damage_healed":0,"gold_gain":0,"player_choice":"Copied","damage_taken":0,"max_hp_gain":0,"max_hp_loss":0,"event_name":"Duplicator","floor":46,"gold_loss":0,"cards_obtained":["Neutralize"]}],"is_beta":false,"boss_relics":[{"not_picked":["Snecko Eye","Astrolabe"],"picked":"Orrery"},{"not_picked":["Eternal Feather","Empty Cage"],"picked":"Lizard Tail"}],"items_purged_floors":[12,14,19,38,45],"is_endless":false,"potions_floor_spawned":[5,10,22,24,27,31,33,36,37,39],"ascension_level":0}