{"gold_per_floor":[114,128,145,145,70,70,70,70,96,96,131,144,144,160,160,258,258,273,292,292,323,323,323,323,323,323,69,85,85,85,101,101,101],"floor_reached":33,"playtime":986,"items_purged":["Regret","Strike_R"],"score":270,"play_id":"e0c78846-b8dc-4d69-afd9-028031948386","local_time":"20181223235951","is_ascension_mode":false,"campfire_choices":[{"data":"Entrench","floor":6,"key":"SMITH"},{"data":"Shockwave","floor":8,"key":"SMITH"},{"data":"Disarm","floor":15,"key":"SMITH"},{"data":"Limit Break","floor":23,"key":"SMITH"},{"floor":25,"key":"REST"},{"data":"Heavy Blade","floor":29,"key":"SMITH"},{"floor":32,"key":"RECALL"}],"neow_cost":"NONE","seed_source_timestamp":543066730279658,"circlet_count":0,"master_deck":["Strike_R+1","Strike_R+1","Strike_R","Defend_R","Defend_R","Defend_R","Defend_R","Bash","Shockwave+1","Entrench+1","Disarm+1","Seeing Red","Shrug It Off","Limit Break+1","Armaments+1","Warcry+1","J.A.X.","Clothesline+1","Heavy Blade+1","Limit Break+1","Inflame+1"],"relics":["Burning Blood","NeowsBlessing","Red Skull","Whetstone","Velvet Choker","Red Mask","Self Forming Clay","Anchor"],"potions_floor_usage":[24,33,33],"damage_taken":[{"damage":0,"enemies":"Cultist","floor":1,"turns":1},{"damage":0,"enemies":"2 Louse","floor":2,"turns":1},{"damage":0,"enemies":"Jaw Worm","floor":3,"turns":1},{"damage":45,"enemies":"Gremlin Nob","floor":11,"turns":6},{"damage":6,"enemies":"3 Louse","floor":12,"turns":4},{"damage":10,"enemies":"2 Fungi Beasts","floor":14,"turns":4},{"damage":15,"enemies":"Hexaghost","floor":16,"turns":11},{"damage":38,"enemies":"Spheric Guardian","floor":18,"turns":8},{"damage":7,"enemies":"Shell Parasite","floor":19,"turns":7},{"damage":24,"enemies":"Masked Bandits","floor":21,"turns":5},{"damage":0,"enemies":"Centurion and Healer","floor":24,"turns":1},{"damage":26,"enemies":"3 Cultists","floor":28,"turns":7},{"damage":13,"enemies":"Sentry and Sphere","floor":31,"turns":4},{"damage":48,"enemies":"Automaton","floor":33,"turns":6}],"seed_played":"-2329161776114341709","potions_obtained":[{"floor":1,"key":"GamblersBrew"},{"floor":11,"key":"PowerPotion"},{"floor":12,"key":"SmokeBomb"},{"floor":16,"key":"SkillPotion"}],"is_trial":false,"path_per_floor":["M","M","M","?","$","R","?","R","T","$","E","M","?","M","R","B",null,"M","M","?","?","?","R","M","R","T","$","M","R","?","M","R","B"],"character_chosen":"IRONCLAD","items_purchased":["Anchor"],"campfire_rested":1,"item_purchase_floors":[27],"current_hp_per_floor":[80,80,80,80,80,80,80,80,80,80,41,41,41,37,37,28,80,48,47,47,29,14,14,20,45,45,45,25,25,25,18,18,0],"gold":101,"neow_bonus":"THREE_ENEMY_KILL","is_prod":false,"is_daily":false,"chose_seed":false,"campfire_upgraded":5,"win_rate":0,"timestamp":1545577191,"path_taken":["M","?","M","?","$","R","?","R","T","?","E","M","?","M","R","BOSS","M","M","?","?","?","R","M","R","T","?","M","R","?","?","R","BOSS"],"build_version":"2018-12-20","purchased_purges":2,"victory":false,"max_hp_per_floor":[80,80,80,80,80,80,80,80,80,80,80,80,80,80,80,80,80,80,80,80,80,85,85,85,85,85,85,85,85,85,85,85,85],"card_choices":[{"not_picked":["Pommel Strike","Second Wind"],"picked":"Shockwave","floor":1},{"not_picked":["True Grit","Reckless Charge","Havoc"],"picked":"SKIP","floor":2},{"not_picked":["Shrug It Off","Seeing Red"],"picked":"Entrench","floor":3},{"not_picked":["Havoc","Ghostly Armor"],"picked":"Disarm","floor":11},{"not_picked":["Perfected Strike","Thunderclap"],"picked":"Seeing Red","floor":12},{"not_picked":["Combust","Warcry"],"picked":"Shrug It Off","floor":14},{"not_picked":["Feed","Reaper"],"picked":"Limit Break","floor":16},{"not_picked":["Clothesline+1","Pommel Strike"],"picked":"Armaments+1","floor":18},{"not_picked":["Perfected Strike","Havoc"],"picked":"Warcry+1","floor":19},{"not_picked":["Headbutt","Disarm"],"picked":"Clothesline+1","floor":21},{"not_picked":["Hemokinesis","Anger"],"picked":"Heavy Blade","floor":28},{"not_picked":["Flex","Perfected Strike"],"picked":"Inflame+1","floor":31}],"player_experience":653128,"relics_obtained":[{"floor":11,"key":"Whetstone"},{"floor":21,"key":"Red Mask"},{"floor":26,"key":"Self Forming Clay"}],"event_choices":[{"damage_healed":0,"gold_gain":0,"player_choice":"Box","damage_taken":0,"relics_obtained":["Red Skull"],"max_hp_gain":0,"max_hp_loss":0,"event_name":"Big Fish","floor":4,"gold_loss":0,"cards_obtained":["Regret"]},{"cards_removed":["Strike_R"],"damage_healed":0,"gold_gain":0,"player_choice":"Forget","damage_taken":0,"max_hp_gain":0,"max_hp_loss":0,"event_name":"Living Wall","floor":7,"gold_loss":0},{"damage_healed":0,"gold_gain":0,"player_choice":"Ignored","damage_taken":0,"max_hp_gain":0,"max_hp_loss":0,"event_name":"Liars Game","floor":13,"gold_loss":0},{"damage_healed":0,"gold_gain":0,"player_choice":"Obtain J.A.X.","damage_taken":0,"max_hp_gain":0,"max_hp_loss":0,"event_name":"Drug Dealer","floor":20,"gold_loss":0,"cards_obtained":["J.A.X."]},{"damage_healed":0,"gold_gain":0,"player_choice":"Fought Bandits","damage_taken":0,"max_hp_gain":0,"max_hp_loss":0,"event_name":"Masked Bandits","floor":21,"gold_loss":0},{"damage_healed":0,"gold_gain":0,"player_choice":"Shed Blood","damage_taken":20,"max_hp_gain":5,"max_hp_loss":0,"event_name":"Forgotten Altar","floor":22,"gold_loss":0},{"damage_healed":0,"gold_gain":0,"player_choice":"Copied","damage_taken":0,"max_hp_gain":0,"max_hp_loss":0,"event_name":"Duplicator","floor":30,"gold_loss":0,"cards_obtained":["Limit Break"]}],"is_beta":false,"boss_relics":[{"not_picked":["Busted Crown","Lizard Tail"],"picked":"Velvet Choker"}],"items_purged_floors":[5,27],"is_endless":false,"potions_floor_spawned":[1,11,12,16,18,21],"killed_by":"Automaton","ascension_level":0}