{"gold_per_floor":[114,114,128,149,174,174,209,222,248,248,29,29,42,56,56,186,186,202,56,56,56,79,113,213,228,255,255,273,188,188,206,206,206],"floor_reached":33,"playtime":3239,"items_purged":["Injury"],"score":282,"play_id":"ce64ab28-253b-4f29-b3ca-a250ec023eeb","local_time":"20190225235604","is_ascension_mode":true,"campfire_choices":[{"data":"Cloak And Dagger","floor":6,"key":"SMITH"},{"data":"Trip","floor":10,"key":"SMITH"},{"data":"Accuracy","floor":15,"key":"SMITH"},{"data":"Backstab","floor":27,"key":"SMITH"},{"data":"Storm of Steel","floor":30,"key":"SMITH"},{"floor":32,"key":"REST"}],"neow_cost":"NONE","seed_source_timestamp":1616047581948495,"circlet_count":0,"master_deck":["Defend_G","Defend_G","Defend_G","Defend_G","Defend_G","Strike_G","Strike_G","Strike_G","Strike_G","Strike_G","Survivor","Neutralize","Trip+1","PiercingWail","Cloak And Dagger+1","Backflip","Blade Dance","Accuracy+1","Acrobatics","Doppelganger","Flechettes","Storm of Steel+1","Pain","Parasite","Writhe","Blade Dance","Cloak And Dagger","Choke","Backstab+1","Cloak And Dagger+1","Choke","Heel Hook+1"],"relics":["Ring of the Snake","Golden Idol","Anchor","Happy Flower","Blood Vial","Bag of Preparation","Calling Bell","Lantern","Matryoshka","Prayer Wheel","Pen Nib","MutagenicStrength","Strawberry","Dream Catcher","Smiling Mask","Omamori"],"potions_floor_usage":[7,16,18,33,33],"damage_taken":[{"damage":1,"enemies":"Cultist","floor":1,"turns":3},{"damage":0,"enemies":"2 Louse","floor":3,"turns":3},{"damage":2,"enemies":"Jaw Worm","floor":4,"turns":5},{"damage":2,"enemies":"Looter","floor":5,"turns":3},{"damage":14,"enemies":"3 Sentries","floor":7,"turns":12},{"damage":2,"enemies":"Red Slaver","floor":8,"turns":4},{"damage":4,"enemies":"2 Fungi Beasts","floor":13,"turns":3},{"damage":0,"enemies":"Large Slime","floor":14,"turns":4},{"damage":3,"enemies":"Slime Boss","floor":16,"turns":11},{"damage":12,"enemies":"Spheric Guardian","floor":18,"turns":4},{"damage":2,"enemies":"3 Byrds","floor":22,"turns":5},{"damage":7,"enemies":"Book of Stabbing","floor":23,"turns":3},{"damage":6,"enemies":"Centurion and Healer","floor":25,"turns":3},{"damage":6,"enemies":"Snake Plant","floor":28,"turns":3},{"damage":6,"enemies":"3 Cultists","floor":31,"turns":4},{"damage":84,"enemies":"Automaton","floor":33,"turns":8}],"seed_played":"7043212224388758702","potions_obtained":[{"floor":3,"key":"FearPotion"},{"floor":5,"key":"SpeedPotion"},{"floor":7,"key":"PowerPotion"},{"floor":16,"key":"PowerPotion"},{"floor":18,"key":"SpeedPotion"},{"floor":25,"key":"Strength Potion"}],"is_trial":false,"path_per_floor":["M","?","M","M","M","R","E","M","T","R","$","?","M","M","R","B",null,"M","$","?","?","M","E","?","M","T","R","M","?","R","M","R","B"],"character_chosen":"THE_SILENT","items_purchased":["Blood Vial","Pen Nib"],"campfire_rested":1,"item_purchase_floors":[11,19],"current_hp_per_floor":[69,69,69,67,65,65,51,49,49,49,49,49,47,49,49,48,70,58,58,58,58,58,60,60,56,56,56,52,52,52,48,71,0],"gold":206,"neow_bonus":"RANDOM_COLORLESS","is_prod":false,"is_daily":false,"chose_seed":false,"campfire_upgraded":5,"win_rate":0,"timestamp":1551138964,"path_taken":["M","?","M","M","M","R","E","M","T","R","$","?","M","?","R","BOSS","M","$","?","?","M","E","?","M","T","R","?","?","R","M","R","BOSS"],"build_version":"2019-01-23","purchased_purges":1,"victory":false,"max_hp_per_floor":[70,70,70,70,70,70,70,70,70,70,70,70,70,70,70,70,70,70,70,70,70,70,77,77,77,77,77,77,77,77,77,77,77],"card_choices":[{"not_picked":["Tactician","Reflex"],"picked":"PiercingWail","floor":1},{"not_picked":["Poisoned Stab","Outmaneuver"],"picked":"Cloak And Dagger","floor":3},{"not_picked":["Deflect","Slice"],"picked":"Backflip","floor":4},{"not_picked":["Terror","Choke"],"picked":"Blade Dance","floor":5},{"not_picked":["Infinite Blades","PiercingWail"],"picked":"Accuracy","floor":7},{"not_picked":["Sucker Punch","Footwork"],"picked":"Acrobatics","floor":8},{"not_picked":["Leg Sweep","Underhanded Strike"],"picked":"Doppelganger","floor":13},{"not_picked":["Sucker Punch","PiercingWail"],"picked":"Flechettes","floor":14},{"not_picked":["A Thousand Cuts","Tools of the Trade"],"picked":"Storm of Steel","floor":16},{"not_picked":["Backflip","Slice"],"picked":"Blade Dance","floor":18},{"not_picked":["Dagger Spray+1","Bane","Noxious Fumes"],"picked":"SKIP","floor":18},{"not_picked":["Flying Knee","Bane"],"picked":"Cloak And Dagger","floor":22},{"not_picked":["Catalyst","Caltrops+1","PiercingWail+1"],"picked":"SKIP","floor":22},{"not_picked":["Glass Knife","Blade Dance","Slice"],"picked":"SKIP","floor":23},{"not_picked":["Dagger Spray","Crippling Poison+1"],"picked":"Choke","floor":25},{"not_picked":["Quick Slash","Dodge and Roll"],"picked":"Backstab","floor":25},{"not_picked":["PiercingWail+1","Heel Hook"],"picked":"Cloak And Dagger+1","floor":28},{"not_picked":["Quick Slash","Cloak And Dagger+1"],"picked":"Choke","floor":28},{"not_picked":["Acrobatics+1","Dodge and Roll","Deflect"],"picked":"SKIP","floor":31},{"not_picked":["Blade Dance","Sucker Punch","Backflip"],"picked":"SKIP","floor":31},{"not_picked":["Caltrops","Deflect"],"picked":"Heel Hook+1","floor":32}],"player_experience":158885,"relics_obtained":[{"floor":7,"key":"Anchor"},{"floor":9,"key":"Happy Flower"},{"floor":17,"key":"Lantern"},{"floor":17,"key":"Matryoshka"},{"floor":17,"key":"Prayer Wheel"},{"floor":23,"key":"Strawberry"},{"floor":26,"key":"Dream Catcher"},{"floor":26,"key":"Smiling Mask"}],"event_choices":[{"damage_healed":0,"gold_gain":0,"player_choice":"Take Wound","damage_taken":0,"relics_obtained":["Golden Idol"],"max_hp_gain":0,"max_hp_loss":0,"event_name":"Golden Idol","floor":2,"gold_loss":0,"cards_obtained":["Injury"]},{"damage_healed":0,"gold_gain":0,"player_choice":"Gave Potion","damage_taken":0,"relics_obtained":["Bag of Preparation"],"max_hp_gain":0,"max_hp_loss":0,"event_name":"WeMeetAgain","floor":12,"gold_loss":0},{"damage_healed":0,"gold_gain":0,"player_choice":"Ignored","damage_taken":0,"max_hp_gain":0,"max_hp_loss":0,"event_name":"The Mausoleum","floor":20,"gold_loss":0},{"damage_healed":0,"gold_gain":0,"player_choice":"Inject Mutagens","damage_taken":0,"relics_obtained":["MutagenicStrength"],"max_hp_gain":0,"max_hp_loss":0,"event_name":"Drug Dealer","floor":21,"gold_loss":0},{"damage_healed":0,"gold_gain":100,"player_choice":"Pray","damage_taken":0,"max_hp_gain":0,"max_hp_loss":0,"event_name":"Golden Shrine","floor":24,"gold_loss":0},{"damage_healed":0,"gold_gain":0,"player_choice":"Obtained Relic","damage_taken":0,"relics_obtained":["Omamori"],"max_hp_gain":0,"max_hp_loss":0,"event_name":"Addict","floor":29,"gold_loss":85}],"is_beta":false,"boss_relics":[{"not_picked":["HoveringKite","Snecko Eye"],"picked":"Calling Bell"}],"items_purged_floors":[11],"is_endless":false,"potions_floor_spawned":[3,5,7,16,18,25],"killed_by":"Automaton","ascension_level":1}