{"gold_per_floor":[118,137,32,44,44,44,76,151,151,171,136,61,61,91,91,168,168,183,133,153,68,13,13,47,67,67,67,31,31,41,41],"floor_reached":31,"playtime":1071,"items_purged":["Strike_R"],"score":522,"play_id":"91cccc14-9820-4872-bf1c-18d1137cdcad","local_time":"20190618102439","is_ascension_mode":true,"campfire_choices":[{"data":"Carnage","floor":6.0,"key":"SMITH"},{"data":"Inflame","floor":13,"key":"SMITH"},{"data":"Demon Form","floor":15,"key":"SMITH"},{"floor":23,"key":"REST"},{"data":"Heavy Blade","floor":29,"key":"SMITH"}],"neow_cost":"NONE","seed_source_timestamp":435883984439800,"circlet_count":0,"master_deck":["AscendersBane","Strike_R","Strike_R","Strike_R","Defend_R","Defend_R","Defend_R","Defend_R","Bash","Carnage+1","Rage","Inflame+1","Armaments","Combust","Iron Wave","Demon Form+1","Immolate","Shrug It Off","Pummel+1","Heavy Blade+1","Ghostly","Ghostly","Ghostly","Feel No Pain"],"special_seed":0,"relics":["Burning Blood","Bottled Lightning","Blood Vial","Pen Nib","Runic Dome","Lantern","Bronze Scales","StoneCalendar"],"potions_floor_usage":[16,16,24,31],"damage_taken":[{"damage":14.0,"enemies":"Jaw Worm","floor":1.0,"turns":4.0},{"damage":8.0,"enemies":"2 Louse","floor":2.0,"turns":2.0},{"damage":5.0,"enemies":"Small Slimes","floor":4.0,"turns":6.0},{"damage":21.0,"enemies":"Lagavulin","floor":7.0,"turns":6.0},{"damage":5,"enemies":"Blue Slaver","floor":10,"turns":4},{"damage":24,"enemies":"3 Sentries","floor":14,"turns":6},{"damage":34,"enemies":"The Guardian","floor":16,"turns":9},{"damage":38,"enemies":"3 Byrds","floor":18,"turns":5},{"damage":0,"enemies":"Spheric Guardian","floor":20,"turns":3},{"damage":53,"enemies":"Book of Stabbing","floor":24,"turns":5},{"damage":13,"enemies":"Centurion and Healer","floor":25,"turns":6},{"damage":17,"enemies":"Snecko","floor":30,"turns":6},{"damage":18,"enemies":"Slavers","floor":31,"turns":1}],"seed_played":"590734168835852500","potions_obtained":[{"floor":1.0,"key":"AttackPotion"},{"floor":4.0,"key":"Swift Potion"},{"floor":10,"key":"Energy Potion"},{"floor":16,"key":"Weak Potion"},{"floor":24,"key":"SpeedPotion"}],"is_trial":false,"path_per_floor":["M","M","$","M","?","R","E","?","T","M","?","$","R","E","R","B",null,"M","?","M","?","$","R","E","M","T","?","$","R","M","E"],"character_chosen":"IRONCLAD","items_purchased":["Inflame","Armaments","Heavy Blade","Feel No Pain"],"campfire_rested":1,"item_purchase_floors":[3,3,22,28],"current_hp_per_floor":[67,65,65,66,59,59,44,33,33,36,56,56,56,40,40,14,65,35,35,43,43,43,67,22,17,17,17,17,17,8,0],"gold":41,"neow_bonus":"TEN_PERCENT_HP_BONUS","is_prod":false,"is_daily":false,"chose_seed":false,"campfire_upgraded":4,"win_rate":0,"timestamp":1560842679,"path_taken":["M","M","$","M","?","R","E","?","T","M","?","$","R","E","R","BOSS","M","?","?","?","$","R","E","M","T","?","?","R","M","E"],"build_version":"2019-01-23","purchased_purges":1,"victory":false,"max_hp_per_floor":[82,82,82,82,82,82,82,82,82,82,82,82,82,82,82,82,82,82,82,82,82,82,82,82,82,82,41,41,41,41,41],"card_choices":[{"not_picked":["Evolve","Body Slam"],"picked":"Carnage","floor":1.0},{"not_picked":["Clothesline","Wild Strike"],"picked":"Rage","floor":2.0},{"not_picked":["Sword Boomerang","Clash"],"picked":"Combust","floor":4.0},{"not_picked":["Cleave","Perfected Strike","Bloodletting"],"picked":"SKIP","floor":7.0},{"not_picked":["Ghostly Armor","Armaments"],"picked":"Iron Wave","floor":10},{"not_picked":["Brutality","Blood for Blood"],"picked":"Demon Form","floor":14},{"not_picked":["Demon Form","Dark Embrace"],"picked":"Immolate","floor":16},{"not_picked":["Flex","Dual Wield"],"picked":"Shrug It Off","floor":18},{"not_picked":["Twin Strike+1","Warcry"],"picked":"Pummel+1","floor":20},{"not_picked":["Twin Strike","Wild Strike","Infernal Blade"],"picked":"SKIP","floor":24},{"not_picked":["Twin Strike","Dual Wield","Heavy Blade"],"picked":"SKIP","floor":25},{"not_picked":["Sever Soul+1","Pommel Strike","Seeing Red"],"picked":"SKIP","floor":30}],"player_experience":1137804,"relics_obtained":[{"floor":7.0,"key":"Bottled Lightning"},{"floor":9,"key":"Blood Vial"},{"floor":14,"key":"Pen Nib"},{"floor":24,"key":"Bronze Scales"},{"floor":26,"key":"StoneCalendar"}],"event_choices":[{"cards_removed":["Strike_R"],"damage_healed":0.0,"max_hp_gain":0.0,"max_hp_loss":0.0,"gold_gain":0.0,"event_name":"Golden Wing","player_choice":"Card Removal","floor":5.0,"gold_loss":0.0,"damage_taken":7.0},{"damage_healed":0,"gold_gain":75,"player_choice":"Gather Gold","damage_taken":11,"max_hp_gain":0,"max_hp_loss":0,"event_name":"World of Goop","floor":8,"gold_loss":0},{"damage_healed":20,"gold_gain":0,"player_choice":"Healed","damage_taken":0,"max_hp_gain":0,"max_hp_loss":0,"event_name":"The Cleric","floor":11,"gold_loss":35},{"damage_healed":0,"gold_gain":0,"player_choice":"Bet on Murderer","damage_taken":0,"max_hp_gain":0,"max_hp_loss":0,"event_name":"The Joust","floor":19,"gold_loss":50},{"damage_healed":0,"gold_gain":0,"player_choice":"Obtained Relic","damage_taken":0,"relics_obtained":["Lantern"],"max_hp_gain":0,"max_hp_loss":0,"event_name":"Addict","floor":21,"gold_loss":85},{"damage_healed":0,"gold_gain":0,"player_choice":"Became a Ghost","damage_taken":0,"max_hp_gain":0,"max_hp_loss":41,"event_name":"Ghosts","floor":27,"gold_loss":0,"cards_obtained":["Ghostly","Ghostly","Ghostly"]}],"is_beta":false,"boss_relics":[{"not_picked":["Calling Bell","Runic Pyramid"],"picked":"Runic Dome"}],"items_purged_floors":[12],"is_endless":false,"potions_floor_spawned":[1,4,10,16,24],"killed_by":"Slavers","ascension_level":20}