{"gold_per_floor":[16,16,166,166,36,36,46,77,152,187,187,206,206,217,217,217],"floor_reached":16,"playtime":645,"items_purged":[],"score":200,"play_id":"599b2171-951f-497f-91d7-e9c7405ca421","local_time":"20190121183832","is_ascension_mode":true,"campfire_choices":[{"floor":6,"key":"DIG"},{"floor":13,"key":"DIG"},{"floor":15,"key":"DIG"}],"neow_cost":"NO_GOLD","seed_source_timestamp":36488569487100,"circlet_count":0,"master_deck":["AscendersBane","Defend_G","Defend_G+1","Defend_G","Defend_G","Defend_G","Strike_G","Strike_G","Strike_G","Strike_G","Strike_G","Survivor","Neutralize","Dagger Throw+1","Tactician","Finisher","Deadly Poison","Caltrops","Dagger Throw","Concentrate","Slice"],"relics":["Ring of the Snake","Shovel","Meat on the Bone","Mummified Hand","Darkstone Periapt","Bottled Tornado","Bronze Scales","Anchor"],"potions_floor_usage":[10,16],"damage_taken":[{"damage":4,"enemies":"Small Slimes","floor":1,"turns":5},{"damage":3,"enemies":"Jaw Worm","floor":7,"turns":4},{"damage":29,"enemies":"3 Sentries","floor":8,"turns":12},{"damage":25,"enemies":"Lagavulin","floor":10,"turns":6},{"damage":0,"enemies":"2 Louse","floor":12,"turns":3},{"damage":8,"enemies":"Blue Slaver","floor":14,"turns":4},{"damage":30,"enemies":"Hexaghost","floor":16,"turns":8}],"seed_played":"-2128453595480145700","potions_obtained":[{"floor":7,"key":"FearPotion"},{"floor":12,"key":"FearPotion"}],"is_trial":false,"path_per_floor":["M","?","?","?","$","R","M","E","T","E","?","M","R","M","R","B"],"character_chosen":"THE_SILENT","items_purchased":["Tactician","Finisher"],"campfire_rested":0,"item_purchase_floors":[5,5],"current_hp_per_floor":[55,35,35,35,35,35,44,27,27,14,14,26,26,30,30,0],"gold":217,"neow_bonus":"ONE_RARE_RELIC","is_prod":false,"is_daily":false,"chose_seed":false,"campfire_upgraded":0,"win_rate":0,"timestamp":1548088712,"path_taken":["M","?","?","?","?","R","M","E","T","E","?","M","R","M","R","BOSS"],"build_version":"2019-01-17v2","purchased_purges":0,"victory":false,"max_hp_per_floor":[66,66,66,66,66,66,66,66,66,66,66,66,66,66,66,66],"card_choices":[{"not_picked":["Bane","Backflip"],"picked":"Dagger Throw","floor":1},{"not_picked":["Prepared","PiercingWail"],"picked":"Deadly Poison","floor":7},{"not_picked":["Sucker Punch","Distraction"],"picked":"Caltrops","floor":8},{"not_picked":["Quick Slash","Riddle With Holes"],"picked":"Dagger Throw","floor":10},{"not_picked":["Storm of Steel","Riddle With Holes"],"picked":"Concentrate","floor":12},{"not_picked":["Flying Knee","Outmaneuver"],"picked":"Slice","floor":14}],"player_experience":829564,"relics_obtained":[{"floor":6,"key":"Meat on the Bone"},{"floor":8,"key":"Mummified Hand"},{"floor":9,"key":"Darkstone Periapt"},{"floor":10,"key":"Bottled Tornado"},{"floor":13,"key":"Bronze Scales"},{"floor":15,"key":"Anchor"}],"event_choices":[{"damage_healed":0,"gold_gain":0,"player_choice":"Entered Light","damage_taken":20,"max_hp_gain":0,"max_hp_loss":0,"event_name":"Shining Light","floor":2,"gold_loss":0,"cards_upgraded":["Defend_G","Dagger Throw"]},{"damage_healed":0,"gold_gain":150,"player_choice":"AGREE","damage_taken":0,"max_hp_gain":0,"max_hp_loss":0,"event_name":"Liars Game","floor":3,"gold_loss":0,"cards_obtained":["Doubt"]},{"cards_removed":["Doubt"],"damage_healed":0,"gold_gain":0,"player_choice":"Forget","damage_taken":0,"max_hp_gain":0,"max_hp_loss":0,"event_name":"Living Wall","floor":4,"gold_loss":0},{"damage_healed":0,"gold_gain":0,"player_choice":"Fled","damage_taken":0,"max_hp_gain":0,"max_hp_loss":0,"event_name":"Scrap Ooze","floor":11,"gold_loss":0}],"is_beta":false,"boss_relics":[],"items_purged_floors":[],"is_endless":false,"potions_floor_spawned":[7,12],"killed_by":"Hexaghost","ascension_level":17}