{"gold_per_floor":[110,5,5,5,18,18,46,46,69,87,87,119,131,141,141,217,217,236,161,161,174,89,89,101,101,149,177,177,477,50,50,50,123,123,138,238,238,256,256,256,216,216,241,261,261],"floor_reached":45,"playtime":1858,"items_purged":["Strike_B","Shame"],"score":874,"play_id":"2680db41-4834-4017-af1d-4077313e5ab7","local_time":"20190626124152","is_ascension_mode":true,"campfire_choices":[{"data":"Go for the Eyes","floor":6,"key":"SMITH"},{"floor":8,"key":"REST"},{"data":"Sunder","floor":11,"key":"SMITH"},{"floor":15,"key":"REST"},{"data":"Defragment","floor":23,"key":"SMITH"},{"floor":25,"key":"REST"},{"data":"Defragment","floor":28,"key":"SMITH"},{"floor":32,"key":"REST"},{"data":"Buffer","floor":40,"key":"SMITH"},{"data":"Defragment","floor":42,"key":"SMITH"}],"neow_cost":"NONE","seed_source_timestamp":1134576655613600,"circlet_count":0,"master_deck":["AscendersBane","Strike_B+1","Strike_B","Strike_B","Defend_B","Defend_B","Defend_B","Defend_B","Zap+1","Dualcast","Go for the Eyes+1","Conserve Battery","Defragment+1","Glacier","Sunder+1","Rainbow","Conserve Battery","Ball Lightning+1","Biased Cognition","Reprogram+1","Defragment+1","Coolheaded","Electrodynamics","Seek","Coolheaded","Echo Form","Buffer+1","Undo","Defragment+1","Steam","Hologram"],"relics":["Cracked Core","Ginger","Art of War","Oddly Smooth Stone","Strawberry","Inserter","Whetstone","Juzu Bracelet","Old Coin","Velvet Choker","Girya","DataDisk"],"potions_floor_usage":[24,24],"damage_taken":[{"damage":7,"enemies":"Jaw Worm","floor":1,"turns":3},{"damage":7,"enemies":"Small Slimes","floor":5,"turns":3},{"damage":48,"enemies":"3 Sentries","floor":7,"turns":12},{"damage":0,"enemies":"Cultist","floor":10,"turns":4},{"damage":44,"enemies":"Gremlin Nob","floor":12,"turns":5},{"damage":6,"enemies":"Red Slaver","floor":13,"turns":2},{"damage":3,"enemies":"Gremlin Gang","floor":14,"turns":5},{"damage":9,"enemies":"The Guardian","floor":16,"turns":14},{"damage":5,"enemies":"Spheric Guardian","floor":18,"turns":3},{"damage":16,"enemies":"3 Byrds","floor":21,"turns":5},{"damage":22,"enemies":"Centurion and Healer","floor":24,"turns":7},{"damage":20,"enemies":"Book of Stabbing","floor":27,"turns":6},{"damage":3,"enemies":"Collector","floor":33,"turns":7},{"damage":27,"enemies":"3 Darklings","floor":35,"turns":5},{"damage":14,"enemies":"Mind Bloom Boss Battle","floor":36,"turns":7},{"damage":4,"enemies":"Orb Walker","floor":38,"turns":4},{"damage":4,"enemies":"Writhing Mass","floor":44,"turns":7},{"damage":35,"enemies":"Jaw Worm Horde","floor":45,"turns":1}],"seed_played":"3467294788494293678","potions_obtained":[{"floor":5,"key":"FairyPotion"},{"floor":13,"key":"Strength Potion"},{"floor":20,"key":"Swift Potion"},{"floor":27,"key":"Fire Potion"},{"floor":36,"key":"FearPotion"},{"floor":41,"key":"FocusPotion"},{"floor":41,"key":"Ancient Potion"}],"is_trial":false,"path_per_floor":["M","$","?","T","M","R","E","R","T","M","R","E","M","M","R","B",null,"M","$","?","M","$","R","M","R","T","E","R","?","$","?","R","B",null,"M","?","?","M","T","R","?","R","T","M","M"],"character_chosen":"DEFECT","items_purchased":["Conserve Battery","Fire Potion","Defragment","Electrodynamics","Seek"],"campfire_rested":4,"item_purchase_floors":[2,2,22,30,30],"current_hp_per_floor":[57,57,62,62,55,55,7,29,29,29,29,14,8,5,29,20,67,62,62,62,46,46,46,24,48,48,28,28,28,28,28,52,49,75,48,34,34,30,30,30,30,30,30,26,0],"gold":261,"neow_bonus":"UPGRADE_CARD","is_prod":false,"is_daily":false,"chose_seed":false,"campfire_upgraded":6,"win_rate":0,"timestamp":1561542112,"path_taken":["M","$","?","?","M","R","E","R","T","M","R","E","M","M","R","BOSS","M","$","?","?","?","R","M","R","T","E","R","?","$","?","R","BOSS","M","?","?","M","?","R","?","R","T","M","M"],"build_version":"2019-01-23","purchased_purges":2,"victory":false,"max_hp_per_floor":[71,71,76,76,76,76,76,76,76,76,76,83,83,83,83,83,83,83,83,83,83,83,83,83,83,83,83,83,83,83,83,83,83,83,83,83,79,79,79,79,79,79,79,79,79],"card_choices":[{"not_picked":["Steam","Turbo"],"picked":"Go for the Eyes","floor":1},{"not_picked":["Steam","Sunder"],"picked":"Defragment","floor":5},{"not_picked":["Aggregate","Turbo"],"picked":"Glacier","floor":7},{"not_picked":["FTL","Turbo"],"picked":"Sunder","floor":10},{"not_picked":["Streamline","Sweeping Beam"],"picked":"Rainbow","floor":12},{"not_picked":["Chaos","Gash"],"picked":"Conserve Battery","floor":13},{"not_picked":["Gash","Sunder"],"picked":"Ball Lightning","floor":14},{"not_picked":["Hyperbeam","Core Surge"],"picked":"Biased Cognition","floor":16},{"not_picked":["Rebound","Skim","Double Energy"],"picked":"SKIP","floor":18},{"not_picked":["Beam Cell+1","Capacitor"],"picked":"Reprogram+1","floor":21},{"not_picked":["Stack","Ball Lightning+1"],"picked":"Coolheaded","floor":24},{"not_picked":["Streamline","Heatsinks","Conserve Battery"],"picked":"SKIP","floor":27},{"not_picked":["Creative AI","Electrodynamics"],"picked":"Buffer","floor":33},{"not_picked":["Stack","Redo+1"],"picked":"Undo","floor":35},{"not_picked":["Coolheaded","Conserve Battery"],"picked":"Defragment","floor":36},{"not_picked":["Stack","White Noise"],"picked":"Steam","floor":38},{"not_picked":["Coolheaded","Barrage+1"],"picked":"Hologram","floor":44}],"player_experience":1179082,"relics_obtained":[{"floor":4,"key":"Ginger"},{"floor":7,"key":"Art of War"},{"floor":9,"key":"Oddly Smooth Stone"},{"floor":12,"key":"Strawberry"},{"floor":26,"key":"Whetstone"},{"floor":27,"key":"Juzu Bracelet"},{"floor":36,"key":"Girya"},{"floor":43,"key":"DataDisk"}],"event_choices":[{"damage_healed":0,"gold_gain":0,"player_choice":"Donut","damage_taken":0,"max_hp_gain":5,"max_hp_loss":0,"event_name":"Big Fish","floor":3,"gold_loss":0},{"damage_healed":0,"gold_gain":0,"player_choice":"Got Potions","damage_taken":0,"max_hp_gain":0,"max_hp_loss":0,"event_name":"Lab","floor":20,"gold_loss":0},{"damage_healed":0,"gold_gain":0,"player_choice":"Stole Relic","damage_taken":0,"relics_obtained":["Old Coin"],"max_hp_gain":0,"max_hp_loss":0,"event_name":"Addict","floor":29,"gold_loss":0,"cards_obtained":["Shame"]},{"damage_healed":0,"gold_gain":0,"player_choice":"2 cards matched","damage_taken":0,"max_hp_gain":0,"max_hp_loss":0,"event_name":"Match and Keep!","floor":31,"gold_loss":0,"cards_obtained":["Coolheaded","Echo Form"]},{"damage_healed":0,"gold_gain":0,"player_choice":"Fight","damage_taken":0,"max_hp_gain":0,"max_hp_loss":0,"event_name":"MindBloom","floor":36,"gold_loss":0},{"damage_healed":0,"gold_gain":0,"player_choice":"Max HP","damage_taken":0,"max_hp_gain":0,"max_hp_loss":4,"event_name":"Winding Halls","floor":37,"gold_loss":0},{"damage_healed":0,"gold_gain":0,"player_choice":"Bought 3 Potions","damage_taken":0,"max_hp_gain":0,"max_hp_loss":0,"event_name":"The Woman in Blue","floor":41,"gold_loss":0}],"is_beta":false,"boss_relics":[{"not_picked":["Calling Bell","Pandora\u0027s Box"],"picked":"Inserter"},{"not_picked":["Astrolabe","FrozenCore"],"picked":"Velvet Choker"}],"items_purged_floors":[19,30],"is_endless":false,"potions_floor_spawned":[5,10,13,21,27,36,38,44],"killed_by":"Jaw Worm Horde","ascension_level":20}