{"gold_per_floor":[119,194,209,48,48,48,76,76,76,91,110,20,52,52,52,123,123,139,155,169,169,169,201,201,232,232,232,232,232],"floor_reached":29,"playtime":948,"items_purged":[],"score":688,"play_id":"64be0ad7-13e2-4646-b643-52797db29a2c","local_time":"20190406195431","is_ascension_mode":true,"campfire_choices":[{"data":"Uppercut","floor":6,"key":"SMITH"},{"data":"Immolate","floor":8,"key":"SMITH"},{"data":"Disarm","floor":15,"key":"SMITH"},{"data":"Double Tap","floor":24,"key":"SMITH"},{"data":"Flame Barrier","floor":28,"key":"SMITH"}],"neow_cost":"NONE","seed_source_timestamp":948678714108000,"circlet_count":0,"master_deck":["AscendersBane","Strike_R","Strike_R","Strike_R","Strike_R","Defend_R","Defend_R","Defend_R","Defend_R","Bash","Uppercut+1","Body Slam","Headbutt","Combust","Whirlwind","Immolate+1","Seeing Red","Disarm+1","Reckless Charge","Double Tap+1","Thunderclap","Shrug It Off","Flame Barrier+1","Spot Weakness"],"relics":["Burning Blood","Omamori","Ornamental Fan","Meat on the Bone","Peace Pipe","Runic Dome","PreservedInsect","Vajra","Dodecahedron","Letter Opener","GremlinMask"],"potions_floor_usage":[],"damage_taken":[{"damage":1,"enemies":"2 Louse","floor":1,"turns":3},{"damage":9,"enemies":"Small Slimes","floor":3,"turns":5},{"damage":23,"enemies":"Gremlin Nob","floor":7,"turns":4},{"damage":2,"enemies":"Jaw Worm","floor":10,"turns":2},{"damage":4,"enemies":"Blue Slaver","floor":11,"turns":3},{"damage":2,"enemies":"3 Sentries","floor":13,"turns":2},{"damage":5,"enemies":"Slime Boss","floor":16,"turns":7},{"damage":39,"enemies":"Spheric Guardian","floor":18,"turns":5},{"damage":36,"enemies":"Shell Parasite","floor":19,"turns":4},{"damage":13,"enemies":"Sentry and Sphere","floor":20,"turns":4},{"damage":22,"enemies":"Book of Stabbing","floor":23,"turns":4},{"damage":28,"enemies":"Gremlin Leader","floor":25,"turns":4},{"damage":28,"enemies":"Cultist and Chosen","floor":29,"turns":3}],"seed_played":"1217168352974738766","potions_obtained":[{"floor":1,"key":"SpeedPotion"},{"floor":16,"key":"Dexterity Potion"},{"floor":20,"key":"EssenceOfSteel"}],"is_trial":false,"path_per_floor":["M","?","M","$","?","R","E","R","T","M","M","$","E","$","R","B",null,"M","M","M","?","T","E","R","E","T","?","R","M"],"character_chosen":"IRONCLAD","items_purchased":["Combust","Whirlwind","Disarm"],"campfire_rested":0,"item_purchase_floors":[4,4,12],"current_hp_per_floor":[73,62,59,59,41,41,24,24,24,40,54,54,58,58,58,59,71,50,32,37,37,37,33,33,23,23,23,23,0],"gold":232,"neow_bonus":"TRANSFORM_CARD","is_prod":false,"is_daily":false,"chose_seed":false,"campfire_upgraded":5,"win_rate":0,"timestamp":1554569671,"path_taken":["M","?","M","$","?","R","E","R","T","M","M","$","E","?","R","BOSS","M","M","M","?","?","E","R","E","T","?","R","M"],"build_version":"2019-01-23","purchased_purges":0,"victory":false,"max_hp_per_floor":[75,75,75,75,75,75,75,75,75,75,75,75,75,75,75,75,75,75,75,75,75,75,75,75,75,75,75,75,75],"card_choices":[{"not_picked":["Sentinel","Power Through"],"picked":"Body Slam","floor":1},{"not_picked":["Bloodletting","Clothesline"],"picked":"Headbutt","floor":3},{"not_picked":["Cleave","Warcry"],"picked":"Immolate","floor":7},{"not_picked":["Clothesline","Heavy Blade"],"picked":"Seeing Red","floor":10},{"not_picked":["Fire Breathing","Armaments","Wild Strike"],"picked":"SKIP","floor":11},{"not_picked":["Twin Strike","Blood for Blood"],"picked":"Reckless Charge","floor":13},{"not_picked":["Offering","Dark Embrace"],"picked":"Double Tap","floor":16},{"not_picked":["Heavy Blade","Second Wind"],"picked":"Thunderclap","floor":18},{"not_picked":["Corruption","Dual Wield+1","Clothesline"],"picked":"SKIP","floor":19},{"not_picked":["Combust","Rampage"],"picked":"Shrug It Off","floor":20},{"not_picked":["Evolve+1","Infernal Blade"],"picked":"Flame Barrier","floor":23},{"not_picked":["Corruption","Clothesline"],"picked":"Spot Weakness","floor":25}],"player_experience":962287,"relics_obtained":[{"floor":7,"key":"Ornamental Fan"},{"floor":9,"key":"Meat on the Bone"},{"floor":13,"key":"Peace Pipe"},{"floor":22,"key":"PreservedInsect"},{"floor":23,"key":"Vajra"},{"floor":25,"key":"Dodecahedron"},{"floor":26,"key":"Letter Opener"}],"event_choices":[{"damage_healed":0,"gold_gain":75,"player_choice":"Gather Gold","damage_taken":11,"max_hp_gain":0,"max_hp_loss":0,"event_name":"World of Goop","floor":2,"gold_loss":0},{"damage_healed":0,"gold_gain":0,"player_choice":"Success","damage_taken":18,"relics_obtained":["Omamori"],"max_hp_gain":0,"max_hp_loss":0,"event_name":"Scrap Ooze","floor":5,"gold_loss":0},{"damage_healed":0,"gold_gain":0,"player_choice":"Smashed Altar","damage_taken":0,"max_hp_gain":0,"max_hp_loss":0,"event_name":"Forgotten Altar","floor":21,"gold_loss":0,"cards_obtained":["Decay"]},{"damage_healed":0,"gold_gain":0,"player_choice":"Trade","damage_taken":0,"relics_obtained":["GremlinMask"],"max_hp_gain":0,"max_hp_loss":0,"event_name":"FaceTrader","floor":27,"gold_loss":0}],"is_beta":false,"boss_relics":[{"not_picked":["Eternal Feather","Tiny House"],"picked":"Runic Dome"}],"items_purged_floors":[],"is_endless":false,"potions_floor_spawned":[1,16,20,25],"killed_by":"Cultist and Chosen","ascension_level":20}