{"gold_per_floor":[119,194,206,222,232,232,242,242,242,242,242,253,253,266,266,266],"floor_reached":16,"playtime":507,"items_purged":[],"score":94,"play_id":"4cf3d508-48fa-4775-a635-684db6ecb963","local_time":"20190611000127","is_ascension_mode":false,"campfire_choices":[{"data":"Zap","floor":6,"key":"SMITH"},{"data":"Dualcast","floor":8,"key":"SMITH"},{"floor":11,"key":"DIG"},{"floor":13,"key":"DIG"},{"data":"Consume","floor":15,"key":"SMITH"}],"neow_cost":"CURSE","seed_source_timestamp":926043089152482,"circlet_count":0,"master_deck":["Strike_B","Strike_B","Defend_B","Defend_B","Defend_B","Defend_B","Zap+1","Dualcast+1","Decay","Fusion+1","White Noise","Conserve Battery","Conserve Battery","Storm","Glacier","BootSequence","Consume+1"],"relics":["Cracked Core","Shovel","Du-Vu Doll","Ice Cream"],"potions_floor_usage":[12,12,12,16],"damage_taken":[{"damage":0,"enemies":"2 Louse","floor":1,"turns":4},{"damage":2,"enemies":"Small Slimes","floor":3,"turns":5},{"damage":4,"enemies":"Cultist","floor":4,"turns":4},{"damage":23,"enemies":"Lots of Slimes","floor":5,"turns":5},{"damage":1,"enemies":"Looter","floor":7,"turns":4},{"damage":21,"enemies":"Gremlin Gang","floor":12,"turns":5},{"damage":0,"enemies":"Large Slime","floor":14,"turns":8},{"damage":20,"enemies":"The Guardian","floor":16,"turns":2}],"seed_played":"4959142128017275846","potions_obtained":[{"floor":1,"key":"Dexterity Potion"},{"floor":5,"key":"EntropicBrew"},{"floor":7,"key":"Explosive Potion"}],"is_trial":false,"path_per_floor":["M","?","M","M","M","R","M","R","T","?","R","M","R","M","R","B"],"character_chosen":"DEFECT","items_purchased":[],"campfire_rested":0,"item_purchase_floors":[],"current_hp_per_floor":[75,64,62,58,35,35,34,34,34,34,34,13,13,13,13,0],"gold":266,"neow_bonus":"TRANSFORM_TWO_CARDS","is_prod":false,"is_daily":false,"chose_seed":false,"campfire_upgraded":3,"win_rate":0,"timestamp":1560178887,"path_taken":["M","?","M","M","M","R","M","R","T","?","R","M","R","M","R","BOSS"],"build_version":"2019-01-23","purchased_purges":0,"victory":false,"max_hp_per_floor":[75,75,75,75,75,75,75,75,75,75,75,75,75,75,75,75],"card_choices":[{"not_picked":["Compile Driver","Leap"],"picked":"Conserve Battery","floor":1},{"not_picked":["Steam Power","Turbo"],"picked":"Conserve Battery","floor":3},{"not_picked":["Turbo","Rebound"],"picked":"Storm","floor":4},{"not_picked":["Rebound","Self Repair"],"picked":"Glacier","floor":5},{"not_picked":["Scrape","Reprogram","Recycle"],"picked":"SKIP","floor":7},{"not_picked":["Steam Power","Streamline"],"picked":"BootSequence","floor":12},{"not_picked":["Rip and Tear","Steam"],"picked":"Consume","floor":14}],"player_experience":1009716,"relics_obtained":[{"floor":9,"key":"Shovel"},{"floor":11,"key":"Du-Vu Doll"},{"floor":13,"key":"Ice Cream"}],"event_choices":[{"damage_healed":0,"gold_gain":75,"player_choice":"Gather Gold","damage_taken":11,"max_hp_gain":0,"max_hp_loss":0,"event_name":"World of Goop","floor":2,"gold_loss":0},{"damage_healed":0,"gold_gain":0,"player_choice":"Upgraded","damage_taken":0,"max_hp_gain":0,"max_hp_loss":0,"event_name":"Upgrade Shrine","floor":10,"gold_loss":0,"cards_upgraded":["Fusion"]}],"is_beta":false,"boss_relics":[],"items_purged_floors":[],"is_endless":false,"potions_floor_spawned":[1,5,7],"killed_by":"The Guardian","ascension_level":0}