{"gold_per_floor":[115,115,134,151,151,14,0,0,0,20,30,30,30,48,48,143,143,155,155,140,156,171,171,186,186,234,248,248,8,8,22,22,126,126,136,136,136],"floor_reached":37,"playtime":3346,"items_purged":[],"score":558,"play_id":"f657e5b0-99dc-46c3-a0e9-b231810c3dde","local_time":"20190210100625","is_ascension_mode":true,"campfire_choices":[{"data":"Neutralize","floor":8,"key":"SMITH"},{"data":"Venomology","floor":12,"key":"SMITH"},{"data":"Dash","floor":15,"key":"SMITH"},{"data":"Cloak And Dagger","floor":23,"key":"SMITH"},{"data":"Cloak And Dagger","floor":25,"key":"SMITH"},{"data":"Storm of Steel","floor":28,"key":"SMITH"},{"data":"Noxious Fumes","floor":30,"key":"SMITH"},{"data":"Malaise","floor":32,"key":"SMITH"}],"neow_cost":"NONE","seed_source_timestamp":66173030424457,"circlet_count":0,"master_deck":["Defend_G+1","Defend_G+1","Defend_G+1","Defend_G+1","Defend_G+1","Strike_G+1","Strike_G+1","Strike_G+1","Strike_G+1","Survivor","Neutralize+1","Backflip","Distraction","Cloak And Dagger","Bullet Time+1","Venomology+1","Distraction","Cloak And Dagger+1","Acrobatics","Dash+1","Storm of Steel+1","Writhe","Parasite","Injury","Dodge and Roll","Cloak And Dagger+1","Crippling Poison+1","Backflip","Backflip","Dodge and Roll+1","Noxious Fumes+1","Malaise+1","Corpse Explosion","Leg Sweep","Backflip+1","Deadly Poison","Noxious Fumes+1","Escape Plan","Backflip"],"relics":["Lizard Tail","Pocketwatch","Calling Bell","Centennial Puzzle","Meat on the Bone","Thread and Needle","Whetstone","Membership Card","Orrery"],"potions_floor_usage":[10,11,14,16,16,18,20,21,22,24,24,24,31,33,33,37,37,37],"damage_taken":[{"damage":1,"enemies":"Small Slimes","floor":1,"turns":4},{"damage":0,"enemies":"Cultist","floor":3,"turns":5},{"damage":3,"enemies":"2 Louse","floor":4,"turns":4},{"damage":8,"enemies":"Looter","floor":7,"turns":4},{"damage":7,"enemies":"Lots of Slimes","floor":10,"turns":4},{"damage":0,"enemies":"2 Fungi Beasts","floor":11,"turns":4},{"damage":7,"enemies":"Exordium Wildlife","floor":14,"turns":3},{"damage":40,"enemies":"Slime Boss","floor":16,"turns":18},{"damage":12,"enemies":"Chosen","floor":18,"turns":7},{"damage":12,"enemies":"2 Thieves","floor":20,"turns":4},{"damage":9,"enemies":"Centurion and Healer","floor":21,"turns":11},{"damage":31,"enemies":"Snake Plant","floor":22,"turns":6},{"damage":14,"enemies":"Shelled Parasite and Fungi","floor":24,"turns":9},{"damage":14,"enemies":"3 Cultists","floor":27,"turns":7},{"damage":0,"enemies":"Centurion and Healer","floor":31,"turns":8},{"damage":7,"enemies":"Automaton","floor":33,"turns":15},{"damage":5,"enemies":"Orb Walker","floor":35,"turns":7},{"damage":64,"enemies":"Awakened One","floor":37,"turns":15}],"seed_played":"-119816766717190208","potions_obtained":[{"floor":1,"key":"LiquidBronze"},{"floor":10,"key":"Swift Potion"},{"floor":16,"key":"Dexterity Potion"},{"floor":18,"key":"AttackPotion"},{"floor":24,"key":"PowerPotion"},{"floor":35,"key":"SpeedPotion"}],"is_trial":false,"path_per_floor":["M","?","M","M","?","$","M","R","T","M","M","R","$","M","R","B",null,"M","?","M","M","M","R","M","R","T","M","R","$","R","M","R","B",null,"M","?","B"],"character_chosen":"THE_SILENT","items_purchased":["Venomology","Membership Card","Noxious Fumes"],"campfire_rested":0,"item_purchase_floors":[6,29,29],"current_hp_per_floor":[62,62,62,59,59,59,51,51,51,44,44,44,44,37,37,35,61,49,49,37,40,21,21,59,59,59,45,45,45,45,45,45,38,62,57,57,0],"gold":136,"neow_bonus":"BOSS_RELIC","is_prod":false,"is_daily":false,"chose_seed":false,"campfire_upgraded":8,"win_rate":0,"timestamp":1549760785,"path_taken":["M","?","M","?","?","$","?","R","T","M","M","R","?","M","R","BOSS","M","?","M","M","M","R","M","R","T","M","R","$","R","M","R","BOSS","M","?","BOSS"],"build_version":"2019-01-23","purchased_purges":0,"victory":false,"max_hp_per_floor":[70,70,70,70,70,70,70,70,70,70,70,70,70,70,70,70,70,70,70,70,70,70,70,70,70,70,70,70,70,70,70,70,70,70,70,70,70],"card_choices":[{"not_picked":["Reflex","Deflect"],"picked":"Backflip","floor":1},{"not_picked":["Underhanded Strike","Dagger Throw"],"picked":"Cloak And Dagger","floor":3},{"not_picked":["Cloak And Dagger","Dash"],"picked":"Bullet Time","floor":4},{"not_picked":["Bane","Heel Hook"],"picked":"Distraction","floor":7},{"not_picked":["Deadly Poison","Caltrops"],"picked":"Cloak And Dagger","floor":10},{"not_picked":["Deflect","Concentrate"],"picked":"Acrobatics","floor":11},{"not_picked":["Blade Dance","Quick Slash"],"picked":"Dash","floor":14},{"not_picked":["Adrenaline","Grand Finale"],"picked":"Storm of Steel","floor":16},{"not_picked":["Bane","Dagger Throw"],"picked":"Dodge and Roll","floor":18},{"not_picked":["Prepared+1","Backflip"],"picked":"Cloak And Dagger","floor":20},{"not_picked":["Bane","Acrobatics"],"picked":"Crippling Poison+1","floor":21},{"not_picked":["Predator","Flying Knee"],"picked":"Backflip","floor":22},{"not_picked":["Poisoned Stab+1","Storm of Steel"],"picked":"Backflip","floor":24},{"not_picked":["Sucker Punch","Outmaneuver+1"],"picked":"Dodge and Roll+1","floor":27},{"not_picked":["Dodge and Roll","Infinite Blades"],"picked":"Malaise","floor":31},{"not_picked":["Die Die Die","Doppelganger"],"picked":"Corpse Explosion","floor":33},{"not_picked":["Tactician","Poisoned Stab"],"picked":"Leg Sweep","floor":34},{"not_picked":["Sucker Punch+1","Underhanded Strike"],"picked":"Backflip+1","floor":34},{"not_picked":["Underhanded Strike","Predator+1"],"picked":"Deadly Poison","floor":34},{"not_picked":["Cloak And Dagger","Tools of the Trade"],"picked":"Noxious Fumes+1","floor":34},{"not_picked":["Eviscerate+1","Dagger Spray"],"picked":"Escape Plan","floor":34},{"not_picked":["Slice+1","Prepared"],"picked":"Backflip","floor":35}],"player_experience":891481,"relics_obtained":[{"floor":9,"key":"Pocketwatch"},{"floor":17,"key":"Centennial Puzzle"},{"floor":17,"key":"Meat on the Bone"},{"floor":17,"key":"Thread and Needle"},{"floor":26,"key":"Whetstone"}],"event_choices":[{"damage_healed":0,"gold_gain":0,"cards_transformed":["Strike_G"],"player_choice":"Transformed","damage_taken":0,"max_hp_gain":0,"max_hp_loss":0,"event_name":"Transmorgrifier","floor":2,"gold_loss":0,"cards_obtained":["Distraction"]},{"damage_healed":0,"gold_gain":0,"player_choice":"Forge","damage_taken":0,"max_hp_gain":0,"max_hp_loss":0,"event_name":"Accursed Blacksmith","floor":5,"gold_loss":0,"cards_upgraded":["Bullet Time"]},{"damage_healed":0,"gold_gain":0,"player_choice":"Simplicity","damage_taken":0,"max_hp_gain":0,"max_hp_loss":0,"event_name":"Back to Basics","floor":19,"gold_loss":0,"cards_upgraded":["Defend_G","Defend_G","Defend_G","Defend_G","Defend_G","Strike_G","Strike_G","Strike_G","Strike_G"]},{"damage_healed":0,"gold_gain":0,"player_choice":"Took Portal","damage_taken":0,"max_hp_gain":0,"max_hp_loss":0,"event_name":"SecretPortal","floor":36,"gold_loss":0}],"is_beta":false,"boss_relics":[{"not_picked":["Velvet Choker","Runic Dome"],"picked":"Calling Bell"},{"not_picked":["Snecko Eye","Runic Pyramid"],"picked":"Orrery"}],"items_purged_floors":[],"is_endless":false,"potions_floor_spawned":[1,10,14,16,18,24,27,31,35],"killed_by":"Awakened One","ascension_level":8}