{"gold_per_floor":[113,288,288,213,226,226,239,239,239,258,330,330,341,96,96,192,192,208,208,108,91,103,103,132,150,150,163,175,175,185,210,210,315,365,382,93,36,258,274,66,81,81,163,178,198,209,209,221,221,221],"floor_reached":51,"playtime":1982,"items_purged":["Regret","Doubt"],"score":738,"play_id":"96a2db37-2c3a-4c93-b363-058ac56d5d91","local_time":"20181002222512","daily_mods":["SealedDeck","Heirloom"],"is_ascension_mode":false,"campfire_choices":[{"data":"Heavy Blade","floor":6,"key":"SMITH"},{"data":"Heavy Blade","floor":8,"key":"SMITH"},{"data":"Inflame","floor":15,"key":"SMITH"},{"floor":23,"key":"REST"},{"floor":29,"key":"REST"},{"floor":32,"key":"REST"},{"floor":42,"key":"REST"},{"floor":47,"key":"REST"},{"floor":49,"key":"REST"}],"neow_cost":"","seed_source_timestamp":0,"circlet_count":0,"master_deck":["Headbutt","Shrug It Off+1","Clash","Armaments","Iron Wave","Heavy Blade+1","Heavy Blade+1","Flex","Inflame+1","Flex","Disarm","Metallicize","Reaper","Battle Trance","Shrug It Off","Iron Wave+1","Intimidate+1","Limit Break","Flex","Armaments","Exhume","Warcry","Spot Weakness","Flex","Warcry+1"],"relics":["Burning Blood","Ginger","Blue Candle","Pantograph","Orichalcum","Shuriken","Fusion Hammer","Blood Vial","Letter Opener","Red Mask","Tiny House","Kunai","Question Card","Strange Spoon","Paper Frog"],"potions_floor_usage":[46,50,50,50],"damage_taken":[{"damage":0,"enemies":"2 Louse","floor":1,"turns":2},{"damage":0,"enemies":"Small Slimes","floor":5,"turns":2},{"damage":9,"enemies":"Jaw Worm","floor":7,"turns":3},{"damage":7,"enemies":"Blue Slaver","floor":10,"turns":2},{"damage":0,"enemies":"2 Fungi Beasts","floor":13,"turns":3},{"damage":34,"enemies":"Hexaghost","floor":16,"turns":6},{"damage":0,"enemies":"Chosen","floor":18,"turns":3},{"damage":10,"enemies":"2 Thieves","floor":21,"turns":4},{"damage":6,"enemies":"Shelled Parasite and Fungi","floor":22,"turns":3},{"damage":21,"enemies":"Slavers","floor":24,"turns":6},{"damage":10,"enemies":"Snake Plant","floor":25,"turns":4},{"damage":4,"enemies":"Cultist and Chosen","floor":27,"turns":5},{"damage":13,"enemies":"Centurion and Healer","floor":28,"turns":5},{"damage":13,"enemies":"Snecko","floor":30,"turns":4},{"damage":11,"enemies":"Masked Bandits","floor":31,"turns":3},{"damage":12,"enemies":"Collector","floor":33,"turns":6},{"damage":18,"enemies":"3 Darklings","floor":35,"turns":4},{"damage":20,"enemies":"Orb Walker","floor":39,"turns":5},{"damage":11,"enemies":"3 Darklings","floor":41,"turns":6},{"damage":37,"enemies":"Reptomancer","floor":44,"turns":6},{"damage":2,"enemies":"Maw","floor":45,"turns":5},{"damage":7,"enemies":"4 Shapes","floor":46,"turns":10},{"damage":14,"enemies":"Transient","floor":48,"turns":5},{"damage":43,"enemies":"Awakened One","floor":50,"turns":7}],"seed_played":"-2559731773544010049","potions_obtained":[{"floor":1,"key":"Strength Potion"},{"floor":10,"key":"Ancient Potion"},{"floor":16,"key":"PowerPotion"},{"floor":28,"key":"Strength Potion"},{"floor":34,"key":"SteroidPotion"},{"floor":48,"key":"Swift Potion"}],"is_trial":true,"path_per_floor":["M","?","?","$","M","R","M","R","T","M","?","T","M","$","R","B",null,"M","?","$","M","M","R","E","M","T","M","M","R","M","?","R","B",null,"M","$","?","?","M","$","M","R","T","M","M","M","R","M","R","B"],"character_chosen":"IRONCLAD","items_purchased":["Shuriken","Flex","Kunai","Strange Spoon"],"campfire_rested":6,"item_purchase_floors":[14,36,36,40],"current_hp_per_floor":[80,80,80,80,80,80,77,77,77,76,76,76,80,80,80,52,80,80,80,80,80,80,80,74,80,80,80,80,80,80,80,80,74,85,79,79,79,79,81,81,80,85,85,76,85,84,85,77,85,57],"gold":221,"neow_bonus":"","is_prod":false,"is_daily":false,"chose_seed":false,"campfire_upgraded":3,"win_rate":0,"timestamp":1538486712,"path_taken":["M","?","?","$","M","R","M","R","T","M","?","?","M","$","R","BOSS","M","?","$","?","M","R","E","M","T","M","M","R","M","?","R","BOSS","M","$","?","?","?","$","M","R","T","M","M","M","R","M","R","BOSS"],"build_version":"2018-10-01","purchased_purges":2,"victory":true,"max_hp_per_floor":[80,80,80,80,80,80,80,80,80,80,80,80,80,80,80,80,80,80,80,80,80,80,80,80,80,80,80,80,80,80,80,80,80,85,85,85,85,85,85,85,85,85,85,85,85,85,85,85,85,85],"card_choices":[{"not_picked":["Heavy Blade","Thunderclap"],"picked":"Disarm","floor":1},{"not_picked":["Clash","Anger","Second Wind"],"picked":"SKIP","floor":5},{"not_picked":["Thunderclap","Rupture","Wild Strike"],"picked":"SKIP","floor":7},{"not_picked":["Thunderclap","Anger","Havoc"],"picked":"SKIP","floor":10},{"not_picked":["Twin Strike","Ghostly Armor"],"picked":"Metallicize","floor":13},{"not_picked":["Juggernaut","Fiend Fire"],"picked":"Reaper","floor":16},{"not_picked":["Headbutt","Wild Strike"],"picked":"Battle Trance","floor":18},{"not_picked":["Perfected Strike","Cleave"],"picked":"Shrug It Off","floor":21},{"not_picked":["Carnage","Clash"],"picked":"Iron Wave+1","floor":22},{"not_picked":["Fire Breathing","Dropkick+1","Dual Wield"],"picked":"SKIP","floor":24},{"not_picked":["Burning Pact","Anger"],"picked":"Intimidate+1","floor":25},{"not_picked":["Anger","Thunderclap"],"picked":"Limit Break","floor":27},{"not_picked":["Entrench","Wild Strike"],"picked":"Flex","floor":28},{"not_picked":["Clothesline+1","Power Through"],"picked":"Armaments","floor":30},{"not_picked":["Reaper","Bludgeon"],"picked":"Exhume","floor":33},{"not_picked":["Sword Boomerang","Whirlwind"],"picked":"Warcry","floor":34},{"not_picked":["Inflame+1","Burning Pact"],"picked":"Spot Weakness","floor":35},{"not_picked":["Infernal Blade+1","Pommel Strike+1","Clash","Wild Strike"],"picked":"SKIP","floor":39},{"not_picked":["Uppercut","Corruption+1","Reckless Charge+1","Fire Breathing+1"],"picked":"SKIP","floor":41},{"not_picked":["Heavy Blade","Reckless Charge+1","Clothesline","Whirlwind"],"picked":"SKIP","floor":44},{"not_picked":["Sword Boomerang+1","True Grit","Havoc+1","Uppercut+1"],"picked":"SKIP","floor":45},{"not_picked":["Rampage+1","Cleave+1","Twin Strike","Hemokinesis"],"picked":"SKIP","floor":46},{"not_picked":["Sword Boomerang","Hemokinesis","Feed"],"picked":"Warcry+1","floor":48}],"player_experience":465792,"relics_obtained":[{"floor":9,"key":"Pantograph"},{"floor":12,"key":"Orichalcum"},{"floor":24,"key":"Blood Vial"},{"floor":26,"key":"Letter Opener"},{"floor":31,"key":"Red Mask"},{"floor":43,"key":"Paper Frog"}],"event_choices":[{"event_name":"Liars Game","player_choice":"agreed","floor":2,"damage_taken":0},{"event_name":"Big Fish","player_choice":"Box","floor":3,"damage_taken":0},{"event_name":"Golden Wing","player_choice":"Gained Gold","floor":11,"damage_taken":0},{"event_name":"The Lab","player_choice":"Got Potions","floor":19,"damage_taken":0},{"event_name":"Masked Bandits","player_choice":"Fought Bandits","floor":31,"damage_taken":0},{"event_name":"WeMeetAgain","player_choice":"Gold","floor":37,"damage_taken":0},{"event_name":"Tomb of Lord Red Mask","player_choice":"Wore Mask","floor":38,"damage_taken":0}],"is_beta":true,"boss_relics":[{"not_picked":["Pandora\u0027s Box","Eternal Feather"],"picked":"Fusion Hammer"},{"not_picked":["Black Star","Empty Cage"],"picked":"Tiny House"}],"items_purged_floors":[4,20],"is_endless":false,"potions_floor_spawned":[1,10,16,21,24,27,28,35,44,48],"ascension_level":0}