{"gold_per_floor":[111,26,26,37,48,48,76,94,94,94,94,94,122,135,135,212,212,226,72,85,100,100,132,149,149,227,227,258,269,269,302,302,378,378,394,394,411,426,114,141,141,166,236,247,266,278,292,66,66,66,66],"floor_reached":52,"playtime":3574,"items_purged":["Strike_R","Strike_R","Strike_R"],"score":2043,"play_id":"1f40b61d-d3c9-40cf-bb40-fbfeba48da75","local_time":"20190521193053","is_ascension_mode":true,"campfire_choices":[{"data":"Bash","floor":6.0,"key":"SMITH"},{"floor":10.0,"key":"REST"},{"data":"Hemokinesis","floor":12.0,"key":"SMITH"},{"data":"Flame Barrier","floor":15.0,"key":"SMITH"},{"data":"Armaments","floor":25.0,"key":"SMITH"},{"floor":27.0,"key":"REST"},{"floor":32.0,"key":"REST"},{"floor":41.0,"key":"RECALL"},{"floor":49.0,"key":"REST"}],"neow_cost":"PERCENT_DAMAGE","seed_source_timestamp":0,"circlet_count":0,"master_deck":["AscendersBane","Strike_R","Defend_R","Defend_R+1","Defend_R","Defend_R","Bash+1","Feed","Spot Weakness","Hemokinesis+1","Clothesline","Shrug It Off+1","Anger","Shrug It Off","Flame Barrier+1","Whirlwind","Impervious","Shrug It Off","Feel No Pain","Impervious","Carnage","Shockwave","Armaments+1","Bludgeon","Heavy Blade","Inflame+1","Double Tap+1","Dual Wield+1","Shockwave+1","Battle Trance+1","Inflame+1","Sword Boomerang+1","Demon Form","Headbutt","Shrug It Off+1","Feel No Pain"],"special_seed":0,"relics":["Burning Blood","Bronze Scales","War Paint","Blood Vial","Shuriken","Snecko Eye","Lantern","Toxic Egg 2","Question Card","FaceOfCleric","Juzu Bracelet","Fusion Hammer","Medical Kit","Bag of Marbles","Mercury Hourglass","Mummified Hand"],"potions_floor_usage":[],"damage_taken":[{"damage":4.0,"enemies":"2 Louse","floor":1.0,"turns":4.0},{"damage":12.0,"enemies":"Jaw Worm","floor":4.0,"turns":3.0},{"damage":4.0,"enemies":"Cultist","floor":5.0,"turns":4.0},{"damage":41.0,"enemies":"3 Sentries","floor":7.0,"turns":7.0},{"damage":27.0,"enemies":"Gremlin Gang","floor":8.0,"turns":4.0},{"damage":27.0,"enemies":"Gremlin Nob","floor":13.0,"turns":4.0},{"damage":3.0,"enemies":"2 Fungi Beasts","floor":14.0,"turns":2.0},{"damage":29.0,"enemies":"Hexaghost","floor":16.0,"turns":9.0},{"damage":11.0,"enemies":"Chosen","floor":18.0,"turns":5.0},{"damage":17.0,"enemies":"Shell Parasite","floor":20.0,"turns":5.0},{"damage":9.0,"enemies":"Sentry and Sphere","floor":21.0,"turns":6.0},{"damage":52.0,"enemies":"Slavers","floor":23.0,"turns":7.0},{"damage":3.0,"enemies":"Snecko","floor":24.0,"turns":6.0},{"damage":39.0,"enemies":"Gremlin Leader","floor":28.0,"turns":6.0},{"damage":10.0,"enemies":"3 Cultists","floor":29.0,"turns":4.0},{"damage":2.0,"enemies":"Slavers","floor":31.0,"turns":7.0},{"damage":84.0,"enemies":"Champ","floor":33.0,"turns":16.0},{"damage":2.0,"enemies":"Orb Walker","floor":35.0,"turns":3.0},{"damage":6.0,"enemies":"3 Darklings","floor":37.0,"turns":3.0},{"damage":2.0,"enemies":"Maw","floor":38.0,"turns":6.0},{"damage":25.0,"enemies":"Nemesis","floor":40.0,"turns":5.0},{"damage":20.0,"enemies":"Reptomancer","floor":42.0,"turns":6.0},{"damage":4.0,"enemies":"Writhing Mass","floor":44.0,"turns":5.0},{"damage":0.0,"enemies":"3 Darklings","floor":45.0,"turns":3.0},{"damage":16.0,"enemies":"4 Shapes","floor":46.0,"turns":2.0},{"damage":46.0,"enemies":"Jaw Worm Horde","floor":47.0,"turns":4.0},{"damage":63.0,"enemies":"Donu and Deca","floor":50.0,"turns":6.0},{"damage":42,"enemies":"Time Eater","floor":51,"turns":8}],"seed_played":"-5070802156412713154","potions_obtained":[{"floor":5.0,"key":"FearPotion"},{"floor":7.0,"key":"Fruit Juice"},{"floor":8.0,"key":"BloodPotion"},{"floor":14.0,"key":"Strength Potion"},{"floor":23.0,"key":"PowerPotion"},{"floor":28.0,"key":"Energy Potion"},{"floor":29.0,"key":"Strength Potion"}],"is_trial":false,"path_per_floor":["M","$","?","M","M","R","E","M","T","R","T","R","E","M","R","B",null,"M","$","M","M","?","E","M","R","T","R","E","M","?","E","R","B",null,"M","?","M","M","$","E","R","E","T","M","M","M","M","$","R","B","B",null],"character_chosen":"IRONCLAD","items_purchased":["Hemokinesis","Feel No Pain","Medical Kit","Shrug It Off+1","Feel No Pain"],"campfire_rested":4,"item_purchase_floors":[2,19,39,48,48],"current_hp_per_floor":[55,55,55,52,57,57,25,12,12,40,40,40,24,32,32,14,82,79,79,70,72,72,31,39,39,39,72,41,42,42,52,88,13,94,101,101,107,117,117,101,101,90,90,98,107,100,66,66,108,54,21],"gold":66,"neow_bonus":"THREE_RARE_CARDS","is_prod":false,"is_daily":false,"chose_seed":false,"campfire_upgraded":4,"win_rate":0,"timestamp":1558456253,"path_taken":["M","$","?","M","M","R","E","M","T","R","?","R","E","?","R","BOSS","M","$","M","?","?","E","?","R","T","R","E","M","?","E","R","BOSS","M","?","M","M","?","E","R","E","T","M","M","M","M","$","R","BOSS","BOSS"],"build_version":"2019-01-23","purchased_purges":3,"victory":true,"max_hp_per_floor":[78,78,78,81,84,84,87,95,95,95,95,95,98,101,101,104,104,104,104,104,107,107,110,113,113,113,113,113,116,116,120,120,121,121,122,122,126,130,130,131,131,132,132,136,137,138,142,142,142,143,144],"card_choices":[{"not_picked":["Exhume","Impervious"],"picked":"Feed","floor":0.0},{"not_picked":["True Grit","Ghostly Armor"],"picked":"Spot Weakness","floor":1.0},{"not_picked":["Pommel Strike","Fire Breathing"],"picked":"Clothesline","floor":4.0},{"not_picked":["Havoc","Pommel Strike"],"picked":"Shrug It Off","floor":5.0},{"not_picked":["Wild Strike","Berserk"],"picked":"Anger","floor":7.0},{"not_picked":["Body Slam","Pommel Strike"],"picked":"Shrug It Off","floor":8.0},{"not_picked":["Pommel Strike","Whirlwind"],"picked":"Flame Barrier","floor":13.0},{"not_picked":["Anger","Pommel Strike"],"picked":"Whirlwind","floor":14.0},{"not_picked":["Demon Form","Limit Break"],"picked":"Impervious","floor":16.0},{"not_picked":["Second Wind","Havoc+1"],"picked":"Shrug It Off","floor":18.0},{"not_picked":["Cleave","Heavy Blade"],"picked":"Impervious","floor":20.0},{"not_picked":["Anger","Flex"],"picked":"Carnage","floor":21.0},{"not_picked":["Pommel Strike","Sever Soul"],"picked":"Armaments","floor":23.0},{"not_picked":["Sword Boomerang","Thunderclap","Second Wind"],"picked":"SKIP","floor":24.0},{"not_picked":["Rage+1","Havoc+1"],"picked":"Bludgeon","floor":28.0},{"not_picked":["Anger","Evolve","Headbutt"],"picked":"Heavy Blade","floor":29.0},{"not_picked":["Anger","Perfected Strike","Havoc+1"],"picked":"Inflame+1","floor":31.0},{"not_picked":["Dark Embrace","Berserk","Bludgeon"],"picked":"Double Tap+1","floor":33.0},{"not_picked":["Iron Wave","Sword Boomerang","Armaments+1"],"picked":"Dual Wield+1","floor":35.0},{"not_picked":["Clothesline","Second Wind+1","Reckless Charge+1"],"picked":"Shockwave+1","floor":37.0},{"not_picked":["Perfected Strike+1","Fire Breathing+1","Thunderclap","Searing Blow+1"],"picked":"SKIP","floor":38.0},{"not_picked":["Spot Weakness+1","Havoc+1","Anger"],"picked":"Battle Trance+1","floor":40.0},{"not_picked":["Clash","Pommel Strike","Warcry+1"],"picked":"Inflame+1","floor":42.0},{"not_picked":["Headbutt+1","Hemokinesis","Clothesline"],"picked":"Sword Boomerang+1","floor":44.0},{"not_picked":["Twin Strike","Rupture","Reckless Charge","Ghostly Armor+1"],"picked":"SKIP","floor":45.0},{"not_picked":["Feel No Pain","Clash","True Grit+1"],"picked":"Demon Form","floor":46.0},{"not_picked":["Clothesline","Havoc+1","Bloodletting+1"],"picked":"Headbutt","floor":47.0}],"player_experience":1024478,"relics_obtained":[{"floor":7.0,"key":"Bronze Scales"},{"floor":9.0,"key":"War Paint"},{"floor":11.0,"key":"Blood Vial"},{"floor":13.0,"key":"Shuriken"},{"floor":23.0,"key":"Lantern"},{"floor":26.0,"key":"Toxic Egg 2"},{"floor":28.0,"key":"Question Card"},{"floor":31.0,"key":"Juzu Bracelet"},{"floor":40.0,"key":"Bag of Marbles"},{"floor":42.0,"key":"Mercury Hourglass"},{"floor":43.0,"key":"Mummified Hand"}],"event_choices":[{"damage_healed":0.0,"max_hp_gain":0.0,"max_hp_loss":0.0,"gold_gain":0.0,"event_name":"The Cleric","player_choice":"Leave","floor":3.0,"gold_loss":0.0,"damage_taken":0.0},{"damage_healed":0.0,"max_hp_gain":0.0,"max_hp_loss":0.0,"gold_gain":0.0,"cards_transformed":["Strike_R"],"event_name":"Transmorgrifier","player_choice":"Transformed","floor":22.0,"gold_loss":0.0,"damage_taken":0.0,"cards_obtained":["Shockwave"]},{"damage_healed":0.0,"max_hp_gain":0.0,"max_hp_loss":0.0,"gold_gain":0.0,"event_name":"FaceTrader","player_choice":"Trade","floor":30.0,"gold_loss":0.0,"damage_taken":0.0,"relics_obtained":["FaceOfCleric"]},{"damage_healed":0.0,"max_hp_gain":0.0,"max_hp_loss":0.0,"gold_gain":0.0,"event_name":"Lab","player_choice":"Got Potions","floor":36.0,"gold_loss":0.0,"damage_taken":0.0}],"is_beta":false,"boss_relics":[{"not_picked":["Runic Dome","White Beast Statue"],"picked":"Snecko Eye"},{"not_picked":["Black Blood","Philosopher\u0027s Stone"],"picked":"Fusion Hammer"}],"items_purged_floors":[19,39,48],"is_endless":false,"potions_floor_spawned":[5,7,8,14,23,28,29,31,33,40,42,45,47],"ascension_level":20}