{"gold_per_floor":[110,123,123,137,147,147,147,147,147,147,166,184,184,184,184,288,288,304,304,126,150,166,91,91,118,118,218,218,236,236,248,248,353,353,363,363,22,34,89,89,108,118,118,128,128,142,155,171,171,171],"floor_reached":51,"playtime":2391,"items_purged":["Defend_B"],"score":761,"play_id":"3267d2a1-9790-49b0-86ce-e4225ad10001","local_time":"20190605231823","is_ascension_mode":false,"campfire_choices":[{"data":"Zap","floor":6,"key":"SMITH"},{"data":"Dualcast","floor":8,"key":"SMITH"},{"data":"Hologram","floor":10,"key":"SMITH"},{"data":"Defragment","floor":15,"key":"SMITH"},{"data":"Consume","floor":24,"key":"SMITH"},{"data":"Loop","floor":30,"key":"SMITH"},{"data":"Capacitor","floor":32,"key":"SMITH"},{"data":"Panacea","floor":40,"key":"SMITH"},{"data":"Biased Cognition","floor":45,"key":"SMITH"},{"data":"Defragment","floor":49,"key":"SMITH"}],"neow_cost":"NONE","seed_source_timestamp":489558836311794,"circlet_count":0,"master_deck":["Strike_B+1","Strike_B+1","Defend_B","Zap+1","Dualcast+1","Capacitor+1","BootSequence","Leap","Hologram+1","Melter","Defragment+1","Consume+1","Biased Cognition+1","Hologram+1","Loop+1","Cold Snap","Glacier","Conserve Battery+1","Stack+1","Echo Form","Coolheaded+1","Panacea+1","Ball Lightning+1","Redo+1","FTL+1","Defragment+1","Go for the Eyes+1","Machine Learning"],"relics":["FrozenCore","Bottled Flame","Sozu","Boot","Pocketwatch","Bottled Tornado","Girya","Pear","Cables","Unceasing Top","Molten Egg 2"],"potions_floor_usage":[27,27,50],"damage_taken":[{"damage":6,"enemies":"Jaw Worm","floor":1,"turns":4},{"damage":1,"enemies":"2 Louse","floor":2,"turns":2},{"damage":0,"enemies":"Cultist","floor":4,"turns":4},{"damage":7,"enemies":"3 Louse","floor":5,"turns":4},{"damage":11,"enemies":"Exordium Thugs","floor":11,"turns":5},{"damage":0,"enemies":"Looter","floor":12,"turns":2},{"damage":42,"enemies":"Slime Boss","floor":16,"turns":11},{"damage":0,"enemies":"Spheric Guardian","floor":18,"turns":1},{"damage":10,"enemies":"2 Thieves","floor":22,"turns":4},{"damage":5,"enemies":"Slavers","floor":25,"turns":8},{"damage":10,"enemies":"Colosseum Slavers","floor":27,"turns":6},{"damage":6,"enemies":"Colosseum Nobs","floor":27,"turns":6},{"damage":0,"enemies":"Sentry and Sphere","floor":29,"turns":4},{"damage":8,"enemies":"Snake Plant","floor":31,"turns":5},{"damage":0,"enemies":"Champ","floor":33,"turns":10},{"damage":4,"enemies":"3 Darklings","floor":35,"turns":6},{"damage":0,"enemies":"Orb Walker","floor":38,"turns":5},{"damage":32,"enemies":"2 Orb Walkers","floor":39,"turns":7},{"damage":0,"enemies":"4 Shapes","floor":41,"turns":7},{"damage":0,"enemies":"Maw","floor":42,"turns":6},{"damage":2,"enemies":"Writhing Mass","floor":44,"turns":6},{"damage":11,"enemies":"3 Darklings","floor":46,"turns":5},{"damage":0,"enemies":"4 Shapes","floor":47,"turns":6},{"damage":0,"enemies":"Maw","floor":48,"turns":9},{"damage":0,"enemies":"Time Eater","floor":50,"turns":14}],"seed_played":"4605781502203648557","potions_obtained":[{"floor":2,"key":"Swift Potion"},{"floor":4,"key":"Ancient Potion"},{"floor":11,"key":"Energy Potion"}],"is_trial":false,"path_per_floor":["M","M","?","M","M","R","?","R","T","R","M","M","?","?","R","B",null,"M","?","$","T","M","?","R","E","T","?","?","M","R","M","R","B",null,"M","?","$","M","?","R","M","M","T","M","R","M","M","M","R","B",null],"character_chosen":"DEFECT","items_purchased":["Loop","Cold Snap","Cables","Panacea"],"campfire_rested":0,"item_purchase_floors":[20,20,37,37],"current_hp_per_floor":[69,68,68,68,61,61,75,75,75,75,64,64,49,75,75,33,75,75,75,75,75,65,65,65,60,60,54,54,54,54,46,46,46,85,81,81,81,81,49,49,49,49,49,47,47,36,36,36,36,36],"gold":171,"neow_bonus":"TRANSFORM_CARD","is_prod":false,"is_daily":false,"chose_seed":false,"campfire_upgraded":10,"win_rate":0,"timestamp":1559744303,"path_taken":["M","M","?","M","M","R","?","R","T","R","M","?","?","?","R","BOSS","M","?","$","?","M","?","R","E","T","?","?","M","R","?","R","BOSS","M","?","?","M","?","R","M","M","T","M","R","M","M","M","R","BOSS"],"build_version":"2019-01-23","purchased_purges":1,"victory":true,"max_hp_per_floor":[75,75,75,75,75,75,75,75,75,75,75,75,75,75,75,75,75,75,75,75,75,75,75,75,75,75,85,85,85,85,85,85,85,85,85,85,85,85,85,85,85,85,85,85,85,85,85,85,85,85],"card_choices":[{"not_picked":["Coolheaded","Heatsinks"],"picked":"Capacitor","floor":1},{"not_picked":["Fusion","Gash"],"picked":"BootSequence","floor":2},{"not_picked":["Beam Cell","Redo"],"picked":"Hologram","floor":4},{"not_picked":["Leap","Turbo"],"picked":"Melter","floor":5},{"not_picked":["Coolheaded","Recycle"],"picked":"Defragment","floor":11},{"not_picked":["Multi-Cast","Double Energy"],"picked":"Consume","floor":12},{"not_picked":["Multi-Cast","Thunder Strike"],"picked":"Biased Cognition","floor":16},{"not_picked":["Scrape","Compile Driver"],"picked":"Hologram+1","floor":18},{"not_picked":["Ball Lightning","Steam"],"picked":"Glacier","floor":22},{"not_picked":["Beam Cell","Compile Driver"],"picked":"Conserve Battery+1","floor":25},{"not_picked":["Heatsinks","Barrage"],"picked":"Stack+1","floor":27},{"not_picked":["Rebound","Compile Driver+1","Reprogram+1"],"picked":"SKIP","floor":29},{"not_picked":["Barrage","Rebound","Gash"],"picked":"SKIP","floor":31},{"not_picked":["Machine Learning","All For One"],"picked":"Echo Form","floor":33},{"not_picked":["Chaos+1","Auto Shields"],"picked":"Coolheaded+1","floor":35},{"not_picked":["Turbo+1","Go for the Eyes","Steam Power+1"],"picked":"SKIP","floor":38},{"not_picked":["Chaos+1","Heatsinks+1"],"picked":"Ball Lightning+1","floor":39},{"not_picked":["Sweeping Beam","Go for the Eyes","Turbo+1"],"picked":"SKIP","floor":41},{"not_picked":["Gash+1","Rebound+1"],"picked":"Redo+1","floor":42},{"not_picked":["Cold Snap+1","Go for the Eyes+1"],"picked":"FTL+1","floor":44},{"not_picked":["Steam Power","Go for the Eyes+1"],"picked":"Defragment","floor":46},{"not_picked":["Barrage+1","Rebound+1"],"picked":"Go for the Eyes+1","floor":47},{"not_picked":["Rip and Tear+1","Go for the Eyes+1"],"picked":"Machine Learning","floor":48}],"player_experience":981141,"relics_obtained":[{"floor":9,"key":"Bottled Flame"},{"floor":21,"key":"Boot"},{"floor":25,"key":"Pocketwatch"},{"floor":26,"key":"Bottled Tornado"},{"floor":27,"key":"Girya"},{"floor":27,"key":"Pear"},{"floor":39,"key":"Unceasing Top"},{"floor":43,"key":"Molten Egg 2"}],"event_choices":[{"damage_healed":0,"gold_gain":0,"cards_transformed":["Strike_B"],"player_choice":"Change","damage_taken":0,"max_hp_gain":0,"max_hp_loss":0,"event_name":"Living Wall","floor":3,"gold_loss":0,"cards_obtained":["Leap"]},{"cards_removed":["Aggregate"],"damage_healed":14,"gold_gain":0,"player_choice":"Offered Uncommon","damage_taken":0,"max_hp_gain":0,"max_hp_loss":0,"event_name":"Bonfire Elementals","floor":7,"gold_loss":0},{"damage_healed":0,"gold_gain":0,"player_choice":"Entered Light","damage_taken":15,"max_hp_gain":0,"max_hp_loss":0,"event_name":"Shining Light","floor":13,"gold_loss":0,"cards_upgraded":["Strike_B","Strike_B"]},{"damage_healed":26,"gold_gain":0,"player_choice":"Full Heal","damage_taken":0,"max_hp_gain":0,"max_hp_loss":0,"event_name":"Wheel of Change","floor":14,"gold_loss":0},{"damage_healed":0,"gold_gain":0,"player_choice":"Bought 0 Potions","damage_taken":0,"max_hp_gain":0,"max_hp_loss":0,"event_name":"The Woman in Blue","floor":19,"gold_loss":0},{"cards_removed":["Defend_B"],"damage_healed":0,"gold_gain":0,"player_choice":"Gave Gold","damage_taken":0,"max_hp_gain":0,"max_hp_loss":0,"event_name":"Beggar","floor":23,"gold_loss":75},{"damage_healed":0,"gold_gain":0,"player_choice":"Fight","damage_taken":0,"max_hp_gain":0,"max_hp_loss":0,"event_name":"Colosseum","floor":27,"gold_loss":0},{"damage_healed":0,"gold_gain":0,"player_choice":"Fought Nobs","damage_taken":0,"max_hp_gain":0,"max_hp_loss":0,"event_name":"Colosseum","floor":27,"gold_loss":0},{"damage_healed":0,"gold_gain":0,"player_choice":"Ignored","damage_taken":0,"max_hp_gain":0,"max_hp_loss":0,"event_name":"Vampires","floor":28,"gold_loss":0},{"cards_removed":["Defend_B"],"damage_healed":0,"gold_gain":0,"player_choice":"Card Removal","damage_taken":0,"max_hp_gain":0,"max_hp_loss":0,"event_name":"Wheel of Change","floor":36,"gold_loss":0},{"damage_healed":0,"gold_gain":0,"player_choice":"Fight","damage_taken":0,"max_hp_gain":0,"max_hp_loss":0,"event_name":"Mysterious Sphere","floor":39,"gold_loss":0}],"is_beta":false,"boss_relics":[{"not_picked":["Fusion Hammer","Black Star"],"picked":"Sozu"},{"not_picked":["Busted Crown","Tiny House"],"picked":"FrozenCore"}],"items_purged_floors":[20],"is_endless":false,"potions_floor_spawned":[2,4,11,12,18,22,31,38,44,47],"ascension_level":0}