{"gold_per_floor":[111,111,111,130,130,130,171,171,197,236,259,115,134,175,175,298,298,323,337,337,352,352,352,373,404,429,464,479,479,479,514,514,634,634,654,400,400,464,483,547,547,587,587,587,587,626,647,686,686,686],"floor_reached":51,"playtime":2731,"items_purged":["Writhe"],"score":1039,"play_id":"9438ace6-8d56-460e-9c96-3c89262c6554","local_time":"20190104160818","daily_mods":["SealedDeck","Heirloom","Elite Swarm"],"is_ascension_mode":false,"campfire_choices":[{"data":"Catalyst","floor":6,"key":"SMITH"},{"data":"Catalyst","floor":8,"key":"SMITH"},{"data":"Burst","floor":15,"key":"SMITH"},{"data":"After Image","floor":23,"key":"SMITH"},{"data":"Burst","floor":30,"key":"SMITH"},{"data":"Malaise","floor":32,"key":"SMITH"},{"data":"Blur","floor":41,"key":"SMITH"},{"floor":49,"key":"REST"}],"neow_cost":"","seed_source_timestamp":0,"circlet_count":0,"master_deck":["Caltrops","PiercingWail+1","Flying Knee+1","Backflip+1","PiercingWail","Blur+1","Poisoned Stab","Catalyst+1","Catalyst+1","Backflip","Deadly Poison+1","Malaise+1","After Image+1","Burst+1","Envenom+1","After Image","Escape Plan+1","Burst+1","After Image+1","Corpse Explosion","Envenom+1","Infinite Blades+1","Envenom+1","Corpse Explosion","Bullet Time","Terror"],"relics":["Ring of the Snake","Tingsha","Golden Idol","Happy Flower","Snake Skull","Dead Branch","Paper Crane","Black Star","Frozen Egg 2","Blood Vial","Ancient Tea Set","Bottled Tornado","Whetstone","Pen Nib","PreservedInsect","Gremlin Horn","Busted Crown","War Paint","Ginger","Orichalcum","Tiny Chest","The Courier","Potion Belt","Bottled Lightning","Bronze Scales","Omamori","Dream Catcher","Vajra","Sundial"],"potions_floor_usage":[31],"damage_taken":[{"damage":0,"enemies":"Jaw Worm","floor":1,"turns":4},{"damage":0,"enemies":"2 Louse","floor":4,"turns":2},{"damage":0,"enemies":"Gremlin Nob","floor":7,"turns":2},{"damage":6,"enemies":"Lagavulin","floor":10,"turns":4},{"damage":0,"enemies":"Cultist","floor":11,"turns":3},{"damage":0,"enemies":"3 Louse","floor":13,"turns":3},{"damage":9,"enemies":"3 Sentries","floor":14,"turns":5},{"damage":0,"enemies":"The Guardian","floor":16,"turns":3},{"damage":0,"enemies":"Chosen","floor":18,"turns":5},{"damage":8,"enemies":"Shell Parasite","floor":19,"turns":2},{"damage":0,"enemies":"Chosen and Byrds","floor":21,"turns":5},{"damage":7,"enemies":"Cultist and Chosen","floor":24,"turns":6},{"damage":19,"enemies":"Book of Stabbing","floor":25,"turns":3},{"damage":0,"enemies":"Gremlin Leader","floor":27,"turns":4},{"damage":9,"enemies":"Shelled Parasite and Fungi","floor":28,"turns":5},{"damage":17,"enemies":"Slavers","floor":31,"turns":8},{"damage":8,"enemies":"Automaton","floor":33,"turns":9},{"damage":0,"enemies":"3 Darklings","floor":35,"turns":4},{"damage":14,"enemies":"2 Orb Walkers","floor":38,"turns":3},{"damage":1,"enemies":"Orb Walker","floor":39,"turns":4},{"damage":0,"enemies":"Giant Head","floor":40,"turns":5},{"damage":6,"enemies":"Nemesis","floor":42,"turns":6},{"damage":12,"enemies":"Reptomancer","floor":46,"turns":4},{"damage":8,"enemies":"4 Shapes","floor":47,"turns":2},{"damage":0,"enemies":"Giant Head","floor":48,"turns":5},{"damage":23,"enemies":"Donu and Deca","floor":50,"turns":7}],"seed_played":"5988877820401527459","potions_obtained":[{"floor":1,"key":"Regen Potion"},{"floor":4,"key":"SpeedPotion"},{"floor":7,"key":"SkillPotion"},{"floor":35,"key":"Strength Potion"},{"floor":40,"key":"PowerPotion"},{"floor":42,"key":"SpeedPotion"},{"floor":48,"key":"PowerPotion"}],"is_trial":true,"path_per_floor":["M","?","?","M","?","R","E","R","T","E","M","$","M","E","R","B",null,"M","M","$","M","?","R","M","E","T","E","M","?","R","E","R","B",null,"M","$","?","?","M","E","R","E","T","?","T","E","M","E","R","B",null],"character_chosen":"THE_SILENT","items_purchased":["Burst","War Paint","Infinite Blades+1"],"campfire_rested":1,"item_purchase_floors":[12,36,36],"current_hp_per_floor":[70,75,57,57,42,42,42,42,42,36,36,36,36,27,27,27,75,75,67,67,67,67,67,60,41,41,43,36,36,36,36,36,30,75,75,75,75,61,62,64,64,60,60,60,60,50,44,46,68,47],"gold":686,"neow_bonus":"","is_prod":false,"is_daily":false,"chose_seed":false,"campfire_upgraded":7,"win_rate":0,"timestamp":1546585698,"path_taken":["M","?","?","M","?","R","E","R","T","E","?","$","M","E","R","BOSS","M","M","$","?","?","R","M","E","T","E","?","?","R","E","R","BOSS","M","$","?","?","M","E","R","E","T","?","?","E","M","E","R","BOSS"],"build_version":"2018-12-20","purchased_purges":1,"victory":true,"max_hp_per_floor":[70,75,75,75,75,75,75,75,75,75,75,75,75,75,75,75,75,75,75,75,75,75,75,75,75,75,75,75,75,75,75,75,75,75,75,75,75,75,75,75,75,75,75,75,75,75,75,75,75,75],"card_choices":[{"not_picked":["Caltrops","Endless Agony"],"picked":"Backflip","floor":1},{"not_picked":["Dodge and Roll","Flying Knee"],"picked":"Deadly Poison","floor":4},{"not_picked":["Phantasmal Killer","Night Terror"],"picked":"Malaise","floor":7},{"not_picked":["Bullet Time","Doppelganger"],"picked":"After Image","floor":10},{"not_picked":["Deflect","Masterful Stab","Acrobatics"],"picked":"SKIP","floor":11},{"not_picked":["Prepared","Skewer","Sucker Punch"],"picked":"SKIP","floor":13},{"not_picked":["Venomology","Night Terror"],"picked":"Envenom","floor":14},{"not_picked":["Night Terror","Doppelganger"],"picked":"After Image","floor":16},{"not_picked":["Deflect","Dagger Spray"],"picked":"Escape Plan","floor":18},{"not_picked":["PiercingWail","Prepared","Masterful Stab+1"],"picked":"SKIP","floor":19},{"not_picked":["Slice+1","Sucker Punch+1","Backflip"],"picked":"SKIP","floor":21},{"not_picked":["Skewer","Acrobatics+1","Cloak And Dagger"],"picked":"SKIP","floor":24},{"not_picked":["Die Die Die","Wraith Form v2"],"picked":"Burst","floor":25},{"not_picked":["Storm of Steel","Wraith Form v2+1"],"picked":"After Image+1","floor":27},{"not_picked":["Slice","Backflip","Riddle With Holes"],"picked":"SKIP","floor":28},{"not_picked":["Phantasmal Killer","Wraith Form v2+1"],"picked":"Corpse Explosion","floor":31},{"not_picked":["Night Terror","Wraith Form v2+1"],"picked":"Envenom+1","floor":33},{"not_picked":["Expertise+1"],"picked":"SKIP","floor":35},{"not_picked":["Underhanded Strike"],"picked":"SKIP","floor":39},{"not_picked":[],"picked":"Envenom+1","floor":40},{"not_picked":["Unload"],"picked":"SKIP","floor":42},{"not_picked":[],"picked":"Corpse Explosion","floor":46},{"not_picked":["Underhanded Strike+1"],"picked":"SKIP","floor":47},{"not_picked":["Underhanded Strike+1"],"picked":"SKIP","floor":47},{"not_picked":[],"picked":"Bullet Time","floor":48},{"not_picked":[],"picked":"Terror","floor":49}],"player_experience":744251,"relics_obtained":[{"floor":7,"key":"Happy Flower"},{"floor":9,"key":"Snake Skull"},{"floor":10,"key":"Dead Branch"},{"floor":14,"key":"Paper Crane"},{"floor":25,"key":"Frozen Egg 2"},{"floor":25,"key":"Blood Vial"},{"floor":26,"key":"Ancient Tea Set"},{"floor":27,"key":"Bottled Tornado"},{"floor":27,"key":"Whetstone"},{"floor":31,"key":"PreservedInsect"},{"floor":31,"key":"Gremlin Horn"},{"floor":38,"key":"Ginger"},{"floor":40,"key":"Orichalcum"},{"floor":40,"key":"Tiny Chest"},{"floor":42,"key":"The Courier"},{"floor":42,"key":"Potion Belt"},{"floor":43,"key":"Bottled Lightning"},{"floor":45,"key":"Bronze Scales"},{"floor":46,"key":"Omamori"},{"floor":46,"key":"Dream Catcher"},{"floor":48,"key":"Vajra"},{"floor":48,"key":"Sundial"}],"event_choices":[{"damage_healed":0,"gold_gain":0,"player_choice":"Donut","damage_taken":0,"max_hp_gain":5,"max_hp_loss":0,"event_name":"Big Fish","floor":2,"gold_loss":0},{"damage_healed":0,"gold_gain":0,"player_choice":"Take Damage","damage_taken":18,"relics_obtained":["Golden Idol"],"max_hp_gain":0,"max_hp_loss":0,"event_name":"Golden Idol","floor":3,"gold_loss":0},{"damage_healed":0,"gold_gain":0,"player_choice":"Entered Light","damage_taken":15,"max_hp_gain":0,"max_hp_loss":0,"event_name":"Shining Light","floor":5,"gold_loss":0,"cards_upgraded":["PiercingWail","Deadly Poison"]},{"damage_healed":0,"gold_gain":0,"player_choice":"Upgraded","damage_taken":0,"max_hp_gain":0,"max_hp_loss":0,"event_name":"Upgrade Shrine","floor":22,"gold_loss":0,"cards_upgraded":["Envenom"]},{"damage_healed":0,"gold_gain":0,"player_choice":"Opened","damage_taken":0,"relics_obtained":["Pen Nib"],"max_hp_gain":0,"max_hp_loss":0,"event_name":"The Mausoleum","floor":29,"gold_loss":0,"cards_obtained":["Writhe"]},{"damage_healed":0,"gold_gain":0,"player_choice":"Ignored","damage_taken":0,"max_hp_gain":0,"max_hp_loss":0,"event_name":"Tomb of Lord Red Mask","floor":37,"gold_loss":0},{"damage_healed":0,"gold_gain":0,"player_choice":"Fight","damage_taken":0,"max_hp_gain":0,"max_hp_loss":0,"event_name":"Mysterious Sphere","floor":38,"gold_loss":0},{"cards_removed":["Flying Knee"],"damage_healed":0,"gold_gain":0,"player_choice":"Removed Attack","damage_taken":0,"max_hp_gain":0,"max_hp_loss":0,"event_name":"Falling","floor":44,"gold_loss":0}],"is_beta":false,"boss_relics":[{"not_picked":["Philosopher\u0027s Stone","Runic Dome"],"picked":"Black Star"},{"not_picked":["Snecko Eye","Velvet Choker"],"picked":"Busted Crown"}],"items_purged_floors":[36],"is_endless":false,"potions_floor_spawned":[1,4,7,16,24,25,27,28,35,40,42,48],"ascension_level":0}