{"gold_per_floor":[112,112,130,1,21,21,47,66,146,146,72,105,105,116,116,191,191,206,233,233,208,208,208,108,118,144,144,144,144,14,24,24,103,103,116,116,17,37,47,47],"floor_reached":40,"playtime":2260,"items_purged":["Pain","Strike_G"],"score":788,"play_id":"4cd75887-88ae-4505-8276-45d5594cdbe3","local_time":"20190608025911","is_ascension_mode":true,"campfire_choices":[{"data":"Neutralize","floor":6.0,"key":"SMITH"},{"data":"Malaise","floor":13.0,"key":"SMITH"},{"data":"Caltrops","floor":15.0,"key":"SMITH"},{"data":"After Image","floor":23.0,"key":"SMITH"},{"data":"Expertise","floor":28.0,"key":"SMITH"},{"floor":32,"key":"REST"}],"neow_cost":"NONE","seed_source_timestamp":45479141861900,"circlet_count":0,"master_deck":["AscendersBane","Defend_G","Defend_G","Defend_G","Defend_G","Defend_G","Strike_G","Strike_G","Survivor","Neutralize+1","Quick Slash","Dash","Flying Knee","Malaise+1","Caltrops+1","Deflect","Escape Plan","After Image+1","Backflip","Cloak And Dagger","Dagger Spray","All Out Attack","Concentrate","Expertise+1","Noxious Fumes","Backflip","A Thousand Cuts","Blur","Deflect","PiercingWail+1"],"special_seed":0,"relics":["Ring of the Snake","NeowsBlessing","WarpedTongs","StoneCalendar","Mummified Hand","Vajra","Happy Flower","Orrery","Red Mask","Cursed Key"],"potions_floor_usage":[33,40],"damage_taken":[{"damage":0.0,"enemies":"Jaw Worm","floor":1.0,"turns":1.0},{"damage":0.0,"enemies":"Cultist","floor":3.0,"turns":2.0},{"damage":0.0,"enemies":"Small Slimes","floor":5.0,"turns":1.0},{"damage":3.0,"enemies":"Gremlin Nob","floor":7.0,"turns":3.0},{"damage":0.0,"enemies":"Blue Slaver","floor":8.0,"turns":5.0},{"damage":7.0,"enemies":"Lagavulin","floor":12.0,"turns":7.0},{"damage":0.0,"enemies":"2 Fungi Beasts","floor":14.0,"turns":3.0},{"damage":25.0,"enemies":"The Guardian","floor":16.0,"turns":10.0},{"damage":8.0,"enemies":"Shell Parasite","floor":18.0,"turns":7.0},{"damage":29.0,"enemies":"Masked Bandits","floor":19.0,"turns":6.0},{"damage":8.0,"enemies":"2 Thieves","floor":21.0,"turns":4.0},{"damage":5.0,"enemies":"Sentry and Sphere","floor":25.0,"turns":7.0},{"damage":0,"enemies":"Colosseum Slavers","floor":29,"turns":5},{"damage":4,"enemies":"3 Cultists","floor":31,"turns":5},{"damage":15,"enemies":"Collector","floor":33,"turns":13},{"damage":2,"enemies":"3 Shapes","floor":35,"turns":7},{"damage":0,"enemies":"Orb Walker","floor":38,"turns":4},{"damage":31,"enemies":"3 Darklings","floor":39,"turns":6},{"damage":29,"enemies":"Reptomancer","floor":40,"turns":2}],"seed_played":"4155426878922405117","potions_obtained":[{"floor":3.0,"key":"GhostInAJar"},{"floor":8.0,"key":"Block Potion"},{"floor":31,"key":"Ancient Potion"},{"floor":39,"key":"SkillPotion"}],"is_trial":false,"path_per_floor":["M","?","M","$","M","R","E","M","T","?","$","E","R","M","R","B",null,"M","?","?","M","?","R","$","M","T","?","R","?","$","M","R","B",null,"M","?","$","M","M","E"],"character_chosen":"THE_SILENT","items_purchased":["SteroidPotion","Caltrops","Noxious Fumes","Backflip","Blur","Deflect"],"campfire_rested":1,"item_purchase_floors":[4,11,30,30,37,37],"current_hp_per_floor":[59,59,59,59,59,59,56,56,56,51,51,44,44,44,44,19,54,46,17,30,22,22,22,22,17,17,17,17,17,17,13,32,17,54,52,52,52,52,21,0],"gold":47,"neow_bonus":"THREE_ENEMY_KILL","is_prod":false,"is_daily":false,"chose_seed":false,"campfire_upgraded":5,"win_rate":0,"timestamp":1559951951,"path_taken":["M","?","?","$","M","R","E","M","T","?","$","E","R","M","R","BOSS","M","?","?","M","?","R","$","M","T","?","R","?","$","?","R","BOSS","M","?","$","M","M","E"],"build_version":"2019-01-23","purchased_purges":2,"victory":false,"max_hp_per_floor":[66,66,66,66,66,66,66,66,66,66,66,66,66,66,66,66,66,66,66,66,66,66,66,66,66,66,66,66,66,66,66,66,66,66,66,66,66,66,66,66],"card_choices":[{"not_picked":["Deadly Poison","Terror"],"picked":"Quick Slash","floor":1.0},{"not_picked":["Backflip","Heel Hook"],"picked":"Dash","floor":3.0},{"not_picked":["Backflip","PiercingWail"],"picked":"Flying Knee","floor":5.0},{"not_picked":["Tactician","Dagger Spray"],"picked":"Malaise","floor":7.0},{"not_picked":["Setup","Masterful Stab","Quick Slash"],"picked":"SKIP","floor":8.0},{"not_picked":["All Out Attack","Acrobatics"],"picked":"Deflect","floor":12.0},{"not_picked":["Dagger Throw","Sucker Punch"],"picked":"Escape Plan","floor":14.0},{"not_picked":["Burst","Storm of Steel"],"picked":"After Image","floor":16.0},{"not_picked":["Tactician","Bane"],"picked":"Backflip","floor":17.0},{"not_picked":["Dash","Underhanded Strike"],"picked":"Cloak And Dagger","floor":17.0},{"not_picked":["Sucker Punch","Dodge and Roll","Riddle With Holes"],"picked":"SKIP","floor":18.0},{"not_picked":["Backstab","Expertise"],"picked":"Dagger Spray","floor":19.0},{"not_picked":["Quick Slash","Choke","Doppelganger"],"picked":"SKIP","floor":21.0},{"not_picked":["Poisoned Stab","Caltrops"],"picked":"Expertise","floor":25.0},{"not_picked":["Catalyst","Skewer","Poisoned Stab+1"],"picked":"SKIP","floor":31},{"not_picked":["Bullet Time","Envenom"],"picked":"A Thousand Cuts","floor":33},{"not_picked":["Blade Dance+1","Quick Slash","Dash"],"picked":"SKIP","floor":35},{"not_picked":["Backflip","Catalyst"],"picked":"PiercingWail+1","floor":38},{"not_picked":["Underhanded Strike","Prepared","Outmaneuver"],"picked":"SKIP","floor":39}],"player_experience":1065266,"relics_obtained":[{"floor":7.0,"key":"StoneCalendar"},{"floor":9.0,"key":"Mummified Hand"},{"floor":12.0,"key":"Happy Flower"},{"floor":19.0,"key":"Red Mask"}],"event_choices":[{"damage_healed":0.0,"max_hp_gain":0.0,"max_hp_loss":0.0,"gold_gain":0.0,"event_name":"Accursed Blacksmith","player_choice":"Rummage","floor":2.0,"gold_loss":0.0,"damage_taken":0.0,"relics_obtained":["WarpedTongs"],"cards_obtained":["Pain"]},{"damage_healed":0.0,"max_hp_gain":0.0,"max_hp_loss":0.0,"gold_gain":0.0,"event_name":"Scrap Ooze","player_choice":"Success","floor":10.0,"gold_loss":0.0,"damage_taken":5.0,"relics_obtained":["Vajra"]},{"damage_healed":0.0,"max_hp_gain":0.0,"max_hp_loss":0.0,"gold_gain":0.0,"event_name":"Masked Bandits","player_choice":"Fought Bandits","floor":19.0,"gold_loss":0.0,"damage_taken":0.0},{"damage_healed":13.0,"max_hp_gain":0.0,"max_hp_loss":0.0,"gold_gain":0.0,"event_name":"The Library","player_choice":"Heal","floor":20.0,"gold_loss":0.0,"damage_taken":0.0},{"damage_healed":0.0,"max_hp_gain":0.0,"max_hp_loss":0.0,"gold_gain":0.0,"cards_transformed":["Strike_G","Strike_G"],"event_name":"Drug Dealer","player_choice":"Became Test Subject","floor":22.0,"gold_loss":0.0,"damage_taken":0.0,"cards_obtained":["All Out Attack","Concentrate"]},{"damage_healed":0.0,"max_hp_gain":0.0,"max_hp_loss":0.0,"gold_gain":0.0,"event_name":"Cursed Tome","player_choice":"Ignored","floor":27.0,"gold_loss":0.0,"damage_taken":0.0},{"damage_healed":0,"gold_gain":0,"player_choice":"Fight","damage_taken":0,"max_hp_gain":0,"max_hp_loss":0,"event_name":"Colosseum","floor":29,"gold_loss":0},{"damage_healed":0,"gold_gain":0,"player_choice":"Fled From Nobs","damage_taken":0,"max_hp_gain":0,"max_hp_loss":0,"event_name":"Colosseum","floor":29,"gold_loss":0},{"damage_healed":0,"gold_gain":0,"player_choice":"0 cards matched","damage_taken":0,"max_hp_gain":0,"max_hp_loss":0,"event_name":"Match and Keep!","floor":36,"gold_loss":0,"cards_obtained":[]}],"is_beta":false,"boss_relics":[{"not_picked":["HoveringKite","Eternal Feather"],"picked":"Orrery"},{"not_picked":["Runic Dome","Busted Crown"],"picked":"Cursed Key"}],"items_purged_floors":[4,24],"is_endless":false,"potions_floor_spawned":[3,8,12,29,31,39],"killed_by":"Reptomancer","ascension_level":20}