{"gold_per_floor":[118,118,134,134,146,174,187,187],"floor_reached":8,"playtime":268,"items_purged":[],"score":83,"play_id":"a376e2f0-313c-4b49-b47a-be37cb982a49","local_time":"20181212140519","is_ascension_mode":false,"campfire_choices":[],"neow_cost":"PERCENT_DAMAGE","seed_source_timestamp":1119515016967759,"circlet_count":0,"master_deck":["Strike_R+1","Strike_R","Strike_R","Strike_R","Defend_R","Defend_R","Defend_R","Defend_R","Bash+1","Entrench","Pummel","Corruption","Inflame","Seeing Red"],"relics":["Burning Blood","Bottled Lightning"],"potions_floor_usage":[8],"damage_taken":[{"damage":1,"enemies":"2 Louse","floor":1,"turns":2},{"damage":8,"enemies":"Jaw Worm","floor":3,"turns":4},{"damage":6,"enemies":"Cultist","floor":5,"turns":3},{"damage":32,"enemies":"Gremlin Nob","floor":6,"turns":4},{"damage":6,"enemies":"Exordium Wildlife","floor":7,"turns":3},{"damage":26,"enemies":"3 Sentries","floor":8,"turns":5}],"seed_played":"337146565337610083","potions_obtained":[{"floor":1,"key":"SpeedPotion"},{"floor":7,"key":"SkillPotion"}],"is_trial":false,"path_per_floor":["M","?","M","?","M","E","M","E"],"character_chosen":"IRONCLAD","items_purchased":[],"campfire_rested":0,"item_purchase_floors":[],"current_hp_per_floor":[77,58,56,49,49,23,23,0],"gold":187,"neow_bonus":"TWENTY_PERCENT_HP_BONUS","is_prod":false,"is_daily":false,"chose_seed":false,"campfire_upgraded":0,"win_rate":0,"timestamp":1544591119,"path_taken":["M","?","M","?","M","E","M","E"],"build_version":"2018-12-06","purchased_purges":0,"victory":false,"max_hp_per_floor":[96,96,96,96,96,96,96,96],"card_choices":[{"not_picked":["Bloodletting","Wild Strike"],"picked":"Entrench","floor":1},{"not_picked":["Pommel Strike","Twin Strike"],"picked":"Pummel","floor":3},{"not_picked":["Armaments","Seeing Red"],"picked":"Corruption","floor":5},{"not_picked":["Body Slam","Pummel"],"picked":"Inflame","floor":6},{"not_picked":["Twin Strike","True Grit"],"picked":"Seeing Red","floor":7}],"player_experience":615590,"relics_obtained":[{"floor":6,"key":"Bottled Lightning"}],"event_choices":[{"damage_healed":0,"gold_gain":0,"player_choice":"Entered Light","damage_taken":19,"max_hp_gain":0,"max_hp_loss":0,"event_name":"Shining Light","floor":2,"gold_loss":0,"cards_upgraded":["Strike_R","Bash"]},{"cards_removed":["Strike_R"],"damage_healed":0,"gold_gain":0,"player_choice":"Card Removal","damage_taken":7,"max_hp_gain":0,"max_hp_loss":0,"event_name":"Golden Wing","floor":4,"gold_loss":0}],"is_beta":false,"boss_relics":[],"items_purged_floors":[],"is_endless":false,"potions_floor_spawned":[1,7],"killed_by":"3 Sentries","ascension_level":0}