{"gold_per_floor":[112,112,127,138,152,183,183,198,253,178,192,92,92,120,120,219,219,233,246,171,181,281,281,281,231,299,319,332,345,363,380,380,481,481,495,495,514,402,402,402,417,428,501,515,515,533,544,573,573,573],"floor_reached":51,"playtime":1813,"items_purged":["Strike_R","Strike_R"],"score":822,"play_id":"9e054183-5bb2-4b72-bbbe-fb7178fb35f5","local_time":"20180910173434","is_ascension_mode":false,"campfire_choices":[{"data":"Heavy Blade","floor":7,"key":"SMITH"},{"floor":13,"key":"REST"},{"data":"Limit Break","floor":15,"key":"SMITH"},{"data":"Limit Break","floor":23,"key":"SMITH"},{"floor":32,"key":"REST"},{"data":"Limit Break","floor":40,"key":"SMITH"},{"floor":45,"key":"REST"},{"floor":49,"key":"REST"}],"neow_cost":"NONE","seed_source_timestamp":73975521857865,"circlet_count":0,"master_deck":["Strike_R+1","Strike_R+1","Defend_R","Defend_R","Defend_R","Defend_R","Bash","Battle Trance","Spot Weakness","Headbutt","Heavy Blade+1","Headbutt+1","Ghostly Armor","Limit Break+1","Iron Wave+1","Limit Break+1","Flex+1","Shrug It Off","Heavy Blade+1","Shrug It Off","Necronomicurse","Warcry","Spot Weakness","Armaments+1","Ghostly Armor","Heavy Blade+1","Limit Break+1","Headbutt+1","Iron Wave+1","Demon Form","Rage","Heavy Blade+1","Heavy Blade+1","Warcry","Double Tap"],"relics":["Black Star","Question Card","Molten Egg 2","Anchor","Gremlin Horn","Shuriken","Sozu","Mango","The Courier","Necronomicon","Paper Frog","Runic Pyramid","Mummified Hand","PreservedInsect","Potion Belt"],"potions_floor_usage":[14,19,22],"damage_taken":[{"damage":3,"enemies":"Small Slimes","floor":1,"turns":4},{"damage":6,"enemies":"Cultist","floor":3,"turns":3},{"damage":1,"enemies":"2 Louse","floor":4,"turns":2},{"damage":20,"enemies":"Exordium Thugs","floor":5,"turns":3},{"damage":30,"enemies":"Gremlin Nob","floor":6,"turns":4},{"damage":0,"enemies":"2 Fungi Beasts","floor":8,"turns":2},{"damage":0,"enemies":"3 Louse","floor":11,"turns":3},{"damage":11,"enemies":"Lagavulin","floor":14,"turns":6},{"damage":19,"enemies":"The Guardian","floor":16,"turns":8},{"damage":0,"enemies":"Chosen","floor":18,"turns":3},{"damage":0,"enemies":"Spheric Guardian","floor":19,"turns":3},{"damage":8,"enemies":"Snecko","floor":21,"turns":3},{"damage":0,"enemies":"Colosseum Slavers","floor":22,"turns":3},{"damage":44,"enemies":"Colosseum Nobs","floor":22,"turns":6},{"damage":0,"enemies":"Snake Plant","floor":27,"turns":2},{"damage":10,"enemies":"Sentry and Sphere","floor":28,"turns":3},{"damage":0,"enemies":"3 Cultists","floor":29,"turns":3},{"damage":0,"enemies":"Cultist and Chosen","floor":30,"turns":3},{"damage":0,"enemies":"Centurion and Healer","floor":31,"turns":4},{"damage":0,"enemies":"Champ","floor":33,"turns":4},{"damage":0,"enemies":"Orb Walker","floor":35,"turns":2},{"damage":8,"enemies":"3 Darklings","floor":37,"turns":3},{"damage":0,"enemies":"Spire Growth","floor":41,"turns":2},{"damage":11,"enemies":"Sphere and 2 Shapes","floor":42,"turns":5},{"damage":30,"enemies":"Maw","floor":44,"turns":5},{"damage":6,"enemies":"Spire Growth","floor":46,"turns":3},{"damage":8,"enemies":"Jaw Worm Horde","floor":47,"turns":3},{"damage":6,"enemies":"Nemesis","floor":48,"turns":3},{"damage":39,"enemies":"Donu and Deca","floor":50,"turns":5}],"seed_played":"820597164464496156","potions_obtained":[{"floor":1,"key":"Regen Potion"},{"floor":6,"key":"Block Potion"},{"floor":8,"key":"SpeedPotion"},{"floor":14,"key":"SteroidPotion"}],"is_trial":false,"path_per_floor":["M","?","M","M","M","E","R","M","T","$","M","$","R","E","R","B",null,"M","M","?","M","?","R","?","?","T","M","M","M","M","M","R","B",null,"M","?","M","$","?","R","M","M","T","M","R","M","M","E","R","B"],"character_chosen":"IRONCLAD","items_purchased":["Demon Form"],"campfire_rested":4,"item_purchase_floors":[38],"current_hp_per_floor":[77,61,55,54,34,4,4,4,4,4,4,4,28,29,29,10,80,80,80,80,72,42,42,26,26,26,26,16,16,16,16,44,44,94,94,94,86,86,86,86,86,75,75,45,73,67,59,53,81,42],"gold":573,"neow_bonus":"BOSS_RELIC","is_prod":false,"is_daily":false,"chose_seed":false,"campfire_upgraded":4,"win_rate":0,"timestamp":1536568474,"path_taken":["M","?","?","M","?","E","R","M","T","?","M","$","R","E","R","BOSS","M","M","?","M","?","R","?","?","T","?","M","M","M","M","R","BOSS","M","?","M","$","?","R","M","M","T","M","R","M","?","E","R","BOSS"],"build_version":"2018-09-06","purchased_purges":2,"victory":true,"max_hp_per_floor":[80,80,80,80,80,80,80,80,80,80,80,80,80,80,80,80,80,80,80,80,80,94,94,94,94,94,94,94,94,94,94,94,94,94,94,94,94,94,94,94,94,94,94,94,94,94,94,94,94,94],"card_choices":[{"not_picked":["Rampage","Headbutt"],"picked":"Battle Trance","floor":1},{"not_picked":["Havoc","Iron Wave"],"picked":"Spot Weakness","floor":3},{"not_picked":["Perfected Strike","Dropkick"],"picked":"Headbutt","floor":4},{"not_picked":["Shockwave","Cleave"],"picked":"Heavy Blade","floor":5},{"not_picked":["True Grit","Power Through"],"picked":"Headbutt","floor":6},{"not_picked":["Rage","Wild Strike+1","Clash+1"],"picked":"Ghostly Armor","floor":8},{"not_picked":["Pummel+1","Dual Wield","Armaments"],"picked":"Limit Break","floor":11},{"not_picked":["Clash+1","Flame Barrier","Fire Breathing"],"picked":"Iron Wave+1","floor":14},{"not_picked":["Feed+1","Impervious","Fiend Fire+1"],"picked":"Limit Break","floor":16},{"not_picked":["Blood for Blood+1","Havoc","Intimidate+1"],"picked":"Flex+1","floor":18},{"not_picked":["Thunderclap+1","Flex","Body Slam+1"],"picked":"Shrug It Off","floor":19},{"not_picked":["Perfected Strike+1","Hemokinesis+1","True Grit"],"picked":"Heavy Blade+1","floor":21},{"not_picked":["Intimidate+1","Armaments","Exhume"],"picked":"Shrug It Off","floor":22},{"not_picked":["Shockwave","Twin Strike+1","Reckless Charge+1"],"picked":"Warcry","floor":27},{"not_picked":["Pommel Strike+1","Battle Trance","Cleave+1"],"picked":"Spot Weakness","floor":28},{"not_picked":["Disarm+1","Carnage+1","Clothesline+1"],"picked":"Armaments+1","floor":29},{"not_picked":["Seeing Red+1","Infernal Blade","Armaments"],"picked":"Ghostly Armor","floor":30},{"not_picked":["Clothesline+1","Combust","Uppercut+1"],"picked":"Heavy Blade+1","floor":31},{"not_picked":["Exhume","Bludgeon+1","Impervious"],"picked":"Limit Break","floor":33},{"not_picked":["Iron Wave+1","Battle Trance","Twin Strike+1"],"picked":"Headbutt+1","floor":35},{"not_picked":["Battle Trance+1","Cleave+1","Second Wind"],"picked":"Iron Wave+1","floor":37},{"not_picked":["Sword Boomerang+1","Burning Pact+1","Clash+1","Clothesline+1"],"picked":"SKIP","floor":41},{"not_picked":["Impervious","Thunderclap+1","Clothesline+1"],"picked":"Rage","floor":42},{"not_picked":["Thunderclap+1","Burning Pact","Perfected Strike+1"],"picked":"Heavy Blade+1","floor":44},{"not_picked":["Flex+1","Power Through+1","Twin Strike+1"],"picked":"Heavy Blade+1","floor":46},{"not_picked":["Wild Strike+1","Anger+1","Shrug It Off"],"picked":"Warcry","floor":47},{"not_picked":["Anger+1","Perfected Strike+1","Ghostly Armor"],"picked":"Double Tap","floor":48}],"player_experience":408272,"relics_obtained":[{"floor":6,"key":"Question Card"},{"floor":6,"key":"Molten Egg 2"},{"floor":9,"key":"Anchor"},{"floor":14,"key":"Gremlin Horn"},{"floor":14,"key":"Shuriken"},{"floor":22,"key":"Mango"},{"floor":22,"key":"The Courier"},{"floor":24,"key":"Necronomicon"},{"floor":26,"key":"Paper Frog"},{"floor":43,"key":"Mummified Hand"},{"floor":48,"key":"PreservedInsect"},{"floor":48,"key":"Potion Belt"}],"event_choices":[{"event_name":"Shining Light","player_choice":"Entered Light","floor":2,"damage_taken":0},{"event_name":"Beggar","player_choice":"Gave Gold","floor":20,"damage_taken":0},{"event_name":"Colosseum","player_choice":"Fight","floor":22,"damage_taken":0},{"event_name":"Colosseum","player_choice":"Fought Nobs","floor":22,"damage_taken":0},{"event_name":"Cursed Tome","player_choice":"Obtained Book","floor":24,"damage_taken":0},{"event_name":"The Joust","player_choice":"Bet on Owner","floor":25,"damage_taken":0},{"event_name":"Tomb of Lord Red Mask","player_choice":"Ignored","floor":36,"damage_taken":0},{"event_name":"SecretPortal","player_choice":"Rejected Portal.","floor":39,"damage_taken":0}],"is_beta":true,"boss_relics":[{"not_picked":["Pandora\u0027s Box","Tiny House"],"picked":"Sozu"},{"not_picked":["White Beast Statue","Runic Dome"],"picked":"Runic Pyramid"}],"items_purged_floors":[10,12],"is_endless":false,"potions_floor_spawned":[1,6,8,14,19,22,27,28,29,30,37,44,47],"ascension_level":0}