{"gold_per_floor":[112,123,123,137,137,137,154,154,180,191,191,206,222,147,147,218,218,237,219,134,145,145,145,63,63,89,100,100],"floor_reached":28,"playtime":1264,"items_purged":["Strike_B"],"score":360,"play_id":"bfc14442-ef0e-407f-ab1b-e42dc34993cb","local_time":"20190102143834","is_ascension_mode":true,"campfire_choices":[{"data":"Creative AI","floor":6,"key":"SMITH"},{"data":"Zap","floor":8,"key":"SMITH"},{"data":"Dualcast","floor":11,"key":"SMITH"},{"data":"Fusion","floor":15,"key":"SMITH"},{"floor":23,"key":"REST"},{"data":"Static Discharge","floor":25,"key":"SMITH"}],"neow_cost":"NONE","seed_source_timestamp":1373092493291448,"circlet_count":0,"master_deck":["AscendersBane","Strike_B+1","Defend_B","Defend_B+1","Defend_B","Defend_B","Zap+1","Dualcast+1","Creative AI+1","Auto Shields","Conserve Battery","Core Surge","BootSequence","Fusion+1","Thunder Strike","Capacitor","Conserve Battery","Static Discharge+1","Biased Cognition","Glacier"],"relics":["Cracked Core","Centennial Puzzle","Inserter","Potion Belt","Oddly Smooth Stone"],"potions_floor_usage":[21,21,28],"damage_taken":[{"damage":1,"enemies":"Cultist","floor":1,"turns":4},{"damage":12,"enemies":"Small Slimes","floor":2,"turns":3},{"damage":0,"enemies":"2 Louse","floor":4,"turns":2},{"damage":0,"enemies":"Red Slaver","floor":7,"turns":4},{"damage":19,"enemies":"Lots of Slimes","floor":10,"turns":4},{"damage":0,"enemies":"2 Fungi Beasts","floor":12,"turns":3},{"damage":0,"enemies":"Looter","floor":13,"turns":3},{"damage":27,"enemies":"Hexaghost","floor":16,"turns":12},{"damage":14,"enemies":"Shell Parasite","floor":18,"turns":6},{"damage":24,"enemies":"2 Thieves","floor":19,"turns":5},{"damage":20,"enemies":"Snecko","floor":21,"turns":8},{"damage":7,"enemies":"Sentry and Sphere","floor":27,"turns":8},{"damage":36,"enemies":"Cultist and Chosen","floor":28,"turns":4}],"seed_played":"-9094314720812024978","potions_obtained":[{"floor":1,"key":"Strength Potion"},{"floor":2,"key":"Swift Potion"},{"floor":27,"key":"AttackPotion"}],"is_trial":false,"path_per_floor":["M","M","?","M","?","R","M","R","T","M","R","M","M","$","R","B",null,"M","M","?","M","?","R","$","R","T","M","M"],"character_chosen":"DEFECT","items_purchased":["Glacier"],"campfire_rested":1,"item_purchase_floors":[24],"current_hp_per_floor":[63,51,37,37,71,71,71,71,71,52,52,52,52,52,52,25,60,46,22,22,2,2,23,23,23,23,16,0],"gold":100,"neow_bonus":"ONE_RANDOM_RARE_CARD","is_prod":false,"is_daily":false,"chose_seed":false,"campfire_upgraded":5,"win_rate":0,"timestamp":1546407514,"path_taken":["M","?","?","M","?","R","M","R","T","M","R","M","?","$","R","BOSS","M","?","?","M","?","R","?","R","T","M","M"],"build_version":"2018-12-20","purchased_purges":1,"victory":false,"max_hp_per_floor":[71,71,71,71,71,71,71,71,71,71,71,71,71,71,71,71,71,71,71,71,71,71,71,71,71,71,71,71],"card_choices":[{"not_picked":["Scrape","Aggregate","Lockon"],"picked":"SKIP","floor":1},{"not_picked":["Hologram","White Noise"],"picked":"Auto Shields","floor":2},{"not_picked":["Redo","Storm"],"picked":"Conserve Battery","floor":4},{"not_picked":["Cold Snap","Go for the Eyes"],"picked":"Core Surge","floor":7},{"not_picked":["Beam Cell","Barrage","Gash"],"picked":"SKIP","floor":10},{"not_picked":["Coolheaded","Scrape"],"picked":"BootSequence","floor":12},{"not_picked":["Darkness","Force Field"],"picked":"Fusion","floor":13},{"not_picked":["All For One","Machine Learning"],"picked":"Thunder Strike","floor":16},{"not_picked":["Double Energy","Compile Driver"],"picked":"Capacitor","floor":18},{"not_picked":["Reinforced Body","Leap"],"picked":"Conserve Battery","floor":19},{"not_picked":["Turbo+1","Hologram","Static Discharge"],"picked":"SKIP","floor":21},{"not_picked":["Doom and Gloom","Turbo","Compile Driver+1"],"picked":"SKIP","floor":27}],"player_experience":697295,"relics_obtained":[{"floor":9,"key":"Centennial Puzzle"},{"floor":26,"key":"Oddly Smooth Stone"}],"event_choices":[{"damage_healed":0,"gold_gain":0,"player_choice":"Entered Light","damage_taken":14,"max_hp_gain":0,"max_hp_loss":0,"event_name":"Shining Light","floor":3,"gold_loss":0,"cards_upgraded":["Strike_B","Defend_B"]},{"damage_healed":34,"gold_gain":0,"player_choice":"Full Heal","damage_taken":0,"max_hp_gain":0,"max_hp_loss":0,"event_name":"Wheel of Change","floor":5,"gold_loss":0},{"damage_healed":0,"gold_gain":0,"player_choice":"Obtained Relic","damage_taken":0,"relics_obtained":["Potion Belt"],"max_hp_gain":0,"max_hp_loss":0,"event_name":"Addict","floor":20,"gold_loss":85},{"damage_healed":0,"gold_gain":0,"cards_transformed":["Strike_B","Strike_B"],"player_choice":"Became Test Subject","damage_taken":0,"max_hp_gain":0,"max_hp_loss":0,"event_name":"Drug Dealer","floor":22,"gold_loss":0,"cards_obtained":["Static Discharge","Biased Cognition"]}],"is_beta":false,"boss_relics":[{"not_picked":["Black Star","Astrolabe"],"picked":"Inserter"}],"items_purged_floors":[14],"is_endless":false,"potions_floor_spawned":[1,2,13,16,18,27],"killed_by":"Cultist and Chosen","ascension_level":14}