{"gold_per_floor":[112,187,187,50,65,65,65,83,110,125,125,145,159,159,159,257,257,273,273,273,287,28,28,45,59,59,88,13,13,27,27,27,27],"floor_reached":33,"playtime":1547,"items_purged":[],"score":262,"play_id":"edef26c5-4a9b-46d0-8bf6-b6466db41049","local_time":"20190702034659","is_ascension_mode":false,"campfire_choices":[{"data":"Double Tap","floor":6.0,"key":"SMITH"},{"floor":15.0,"key":"REST"},{"data":"Flame Barrier","floor":23,"key":"SMITH"},{"data":"Juggernaut","floor":29,"key":"SMITH"},{"data":"Inflame","floor":32,"key":"SMITH"}],"neow_cost":"PERCENT_DAMAGE","seed_source_timestamp":88828175715000,"circlet_count":0,"master_deck":["Strike_R","Strike_R","Defend_R","Defend_R","Defend_R","Defend_R","Bash","Feed","Flame Barrier+1","Double Tap+1","True Grit","Inflame+1","Body Slam","Iron Wave","Feed","True Grit+1","Ghostly","Ghostly","Ghostly","Ghostly","Ghostly","Fire Breathing+1","Juggernaut+1","Shrug It Off"],"special_seed":0,"relics":["Burning Blood","Ancient Tea Set","Smiling Mask","Philosopher\u0027s Stone","Enchiridion","Gremlin Horn","Ornamental Fan","Red Mask"],"potions_floor_usage":[16,16,33],"damage_taken":[{"damage":9.0,"enemies":"2 Louse","floor":1.0,"turns":3.0},{"damage":15.0,"enemies":"Cultist","floor":5.0,"turns":6.0},{"damage":1.0,"enemies":"Jaw Worm","floor":8.0,"turns":9.0},{"damage":16.0,"enemies":"Large Slime","floor":10.0,"turns":6.0},{"damage":11.0,"enemies":"3 Louse","floor":12.0,"turns":4.0},{"damage":25.0,"enemies":"Exordium Wildlife","floor":13.0,"turns":9.0},{"damage":58,"enemies":"Slime Boss","floor":16,"turns":19},{"damage":8,"enemies":"Shell Parasite","floor":18,"turns":8},{"damage":2,"enemies":"Chosen","floor":21,"turns":7},{"damage":0,"enemies":"Shelled Parasite and Fungi","floor":24,"turns":7},{"damage":7,"enemies":"Snecko","floor":25,"turns":7},{"damage":0,"enemies":"Masked Bandits","floor":27,"turns":7},{"damage":7,"enemies":"Cultist and Chosen","floor":30,"turns":6},{"damage":81,"enemies":"Champ","floor":33,"turns":17}],"seed_played":"3526205327725875272","potions_obtained":[{"floor":8.0,"key":"GamblersBrew"},{"floor":13.0,"key":"Regen Potion"},{"floor":21,"key":"SteroidPotion"},{"floor":25,"key":"LiquidBronze"},{"floor":27,"key":"Block Potion"}],"is_trial":false,"path_per_floor":["M","?","?","$","M","R","$","M","T","M","T","M","M","?","R","B",null,"M","?","?","M","$","R","M","M","T","?","?","R","M","$","R","B"],"character_chosen":"IRONCLAD","items_purchased":["Double Tap","Gremlin Horn"],"campfire_rested":1,"item_purchase_floors":[4,22],"current_hp_per_floor":[56,45,45,45,39,39,39,47,47,40,40,38,22,15,44,10,101,102,86,52,55,55,55,58,60,60,64,64,64,66,66,66,0],"gold":27,"neow_bonus":"THREE_RARE_CARDS","is_prod":false,"is_daily":false,"chose_seed":false,"campfire_upgraded":4,"win_rate":0,"timestamp":1562006819,"path_taken":["M","?","?","$","?","R","$","M","T","M","?","M","M","?","R","BOSS","M","?","?","M","?","R","?","M","T","?","?","R","M","$","R","BOSS"],"build_version":"2019-01-23","purchased_purges":0,"victory":false,"max_hp_per_floor":[83,83,83,83,86,86,86,89,89,92,92,95,98,98,98,101,101,104,104,52,55,55,55,58,61,61,64,64,64,67,67,67,67],"card_choices":[{"not_picked":["Impervious","Barricade"],"picked":"Feed","floor":0.0},{"not_picked":["Perfected Strike","Reckless Charge"],"picked":"Flame Barrier","floor":1.0},{"not_picked":["Combust","Perfected Strike"],"picked":"True Grit","floor":5.0},{"not_picked":["Reckless Charge","Searing Blow","Pommel Strike"],"picked":"SKIP","floor":8.0},{"not_picked":["Infernal Blade","Heavy Blade"],"picked":"Inflame","floor":10.0},{"not_picked":["Iron Wave","Heavy Blade"],"picked":"Body Slam","floor":12.0},{"not_picked":["Clothesline","Heavy Blade"],"picked":"Iron Wave","floor":13.0},{"not_picked":["Reaper","Exhume"],"picked":"Feed","floor":16},{"not_picked":["Headbutt","Twin Strike+1"],"picked":"True Grit+1","floor":18},{"not_picked":["Flex","Armaments"],"picked":"Fire Breathing+1","floor":21},{"not_picked":["Heavy Blade","Second Wind","True Grit"],"picked":"SKIP","floor":24},{"not_picked":["Pummel","Body Slam+1"],"picked":"Juggernaut","floor":25},{"not_picked":["Cleave+1","Rupture"],"picked":"Shrug It Off","floor":30}],"player_experience":1083128,"relics_obtained":[{"floor":9.0,"key":"Ancient Tea Set"},{"floor":11.0,"key":"Smiling Mask"},{"floor":19,"key":"Enchiridion"},{"floor":26,"key":"Ornamental Fan"},{"floor":27,"key":"Red Mask"}],"event_choices":[{"damage_healed":0.0,"max_hp_gain":0.0,"max_hp_loss":0.0,"gold_gain":75.0,"event_name":"World of Goop","player_choice":"Gather Gold","floor":2.0,"gold_loss":0.0,"damage_taken":11.0},{"cards_removed":["Strike_R"],"damage_healed":0.0,"max_hp_gain":0.0,"max_hp_loss":0.0,"gold_gain":0.0,"event_name":"Bonfire Elementals","player_choice":"Offered Basic","floor":3.0,"gold_loss":0.0,"damage_taken":0.0},{"cards_removed":["Strike_R"],"damage_healed":0.0,"max_hp_gain":0.0,"max_hp_loss":0.0,"gold_gain":0.0,"event_name":"Golden Wing","player_choice":"Card Removal","floor":14.0,"gold_loss":0.0,"damage_taken":7.0},{"damage_healed":0,"gold_gain":0,"player_choice":"Obtained Book","damage_taken":16,"max_hp_gain":0,"max_hp_loss":0,"event_name":"Cursed Tome","floor":19,"gold_loss":0},{"damage_healed":0,"gold_gain":0,"player_choice":"Became a Ghost","damage_taken":0,"max_hp_gain":0,"max_hp_loss":52,"event_name":"Ghosts","floor":20,"gold_loss":0,"cards_obtained":["Ghostly","Ghostly","Ghostly","Ghostly","Ghostly"]},{"damage_healed":0,"gold_gain":0,"player_choice":"Fought Bandits","damage_taken":0,"max_hp_gain":0,"max_hp_loss":0,"event_name":"Masked Bandits","floor":27,"gold_loss":0},{"cards_removed":["Strike_R"],"damage_healed":0,"gold_gain":0,"player_choice":"Gave Gold","damage_taken":0,"max_hp_gain":0,"max_hp_loss":0,"event_name":"Beggar","floor":28,"gold_loss":75}],"is_beta":false,"boss_relics":[{"not_picked":["Runic Dome","Snecko Eye"],"picked":"Philosopher\u0027s Stone"}],"items_purged_floors":[],"is_endless":false,"potions_floor_spawned":[8,13,21,25,27],"killed_by":"Champ","ascension_level":0}