{"gold_per_floor":[114,114,28,28,44,44,79,4,4,17,37,37,37,37,37,108,108,121,171,2,2,15,15,46,59,59,59],"floor_reached":27,"playtime":1425,"items_purged":["Pain"],"score":458,"play_id":"d9796220-4be7-4fe5-92ec-052cfeb17fc5","local_time":"20190607112443","is_ascension_mode":true,"campfire_choices":[{"floor":6,"key":"REST"},{"data":"Noxious Fumes","floor":12,"key":"SMITH"},{"data":"Bouncing Flask","floor":15,"key":"SMITH"},{"data":"After Image","floor":23,"key":"SMITH"}],"neow_cost":"NONE","seed_source_timestamp":5165709805500,"circlet_count":0,"master_deck":["AscendersBane","Defend_G","Defend_G","Defend_G","Defend_G","Defend_G","Strike_G","Strike_G","Strike_G","Strike_G","Survivor","Neutralize","Well Laid Plans","Noxious Fumes+1","Bouncing Flask+1","Well Laid Plans","Leg Sweep","After Image+1","Backflip","PiercingWail","Calculated Gamble"],"relics":["Ring of the Snake","Question Card","WarpedTongs","Bag of Preparation","Pantograph","Cursed Key","Oddly Smooth Stone","Bag of Marbles"],"potions_floor_usage":[27,27],"damage_taken":[{"damage":17,"enemies":"Cultist","floor":1,"turns":6},{"damage":10,"enemies":"Jaw Worm","floor":5,"turns":4},{"damage":47,"enemies":"3 Sentries","floor":7,"turns":7},{"damage":0,"enemies":"2 Louse","floor":10,"turns":3},{"damage":5,"enemies":"2 Fungi Beasts","floor":11,"turns":3},{"damage":2,"enemies":"Hexaghost","floor":16,"turns":9},{"damage":4,"enemies":"Spheric Guardian","floor":18,"turns":4},{"damage":0,"enemies":"Chosen","floor":22,"turns":5},{"damage":2,"enemies":"Book of Stabbing","floor":24,"turns":6},{"damage":27,"enemies":"3 Cultists","floor":25,"turns":7},{"damage":0,"enemies":"Colosseum Slavers","floor":27,"turns":6},{"damage":29,"enemies":"Colosseum Nobs","floor":27,"turns":5}],"seed_played":"1221938905769473492","potions_obtained":[{"floor":1,"key":"FearPotion"},{"floor":11,"key":"Block Potion"},{"floor":16,"key":"Poison Potion"},{"floor":24,"key":"Swift Potion"}],"is_trial":false,"path_per_floor":["M","?","$","?","M","R","E","$","T","M","M","R","?","?","R","B",null,"M","?","$","?","M","R","E","M","T","?"],"character_chosen":"THE_SILENT","items_purchased":["Noxious Fumes","Oddly Smooth Stone"],"campfire_rested":1,"item_purchase_floors":[3,20],"current_hp_per_floor":[48,48,48,48,38,59,12,12,12,12,7,7,7,7,7,30,62,58,58,58,58,58,58,56,29,29,0],"gold":59,"neow_bonus":"TEN_PERCENT_HP_BONUS","is_prod":false,"is_daily":false,"chose_seed":false,"campfire_upgraded":3,"win_rate":0,"timestamp":1559895883,"path_taken":["M","?","?","?","M","R","E","$","T","M","?","R","?","?","R","BOSS","M","?","$","?","?","R","E","M","T","?"],"build_version":"2019-01-23","purchased_purges":1,"victory":false,"max_hp_per_floor":[72,72,72,72,72,72,72,72,72,72,72,72,72,72,72,72,72,72,72,72,72,72,72,72,72,72,72],"card_choices":[{"not_picked":["Accuracy","Flying Knee"],"picked":"Well Laid Plans","floor":1},{"not_picked":["Backflip","Backstab","Dash"],"picked":"Bouncing Flask","floor":5},{"not_picked":["Flechettes","Quick Slash","Outmaneuver"],"picked":"Well Laid Plans","floor":7},{"not_picked":["Accuracy","Noxious Fumes","Sucker Punch","Heel Hook"],"picked":"SKIP","floor":10},{"not_picked":["A Thousand Cuts","Flying Knee","Cloak And Dagger"],"picked":"Leg Sweep","floor":11},{"not_picked":["Night Terror","Venomology","Doppelganger"],"picked":"After Image","floor":16},{"not_picked":["Infinite Blades+1","Slice","Concentrate"],"picked":"Backflip","floor":18},{"not_picked":["Sucker Punch","Flechettes","Dagger Throw","Heel Hook"],"picked":"SKIP","floor":22},{"not_picked":["Prepared","Unload","Backflip"],"picked":"PiercingWail","floor":24},{"not_picked":["Poisoned Stab+1","Dagger Spray","Backstab+1"],"picked":"Calculated Gamble","floor":25}],"player_experience":1062519,"relics_obtained":[{"floor":7,"key":"Bag of Preparation"},{"floor":9,"key":"Pantograph"},{"floor":24,"key":"Bag of Marbles"}],"event_choices":[{"damage_healed":0,"gold_gain":0,"player_choice":"Gave Potion","damage_taken":0,"relics_obtained":["Question Card"],"max_hp_gain":0,"max_hp_loss":0,"event_name":"WeMeetAgain","floor":2,"gold_loss":0},{"damage_healed":0,"gold_gain":0,"player_choice":"Rummage","damage_taken":0,"relics_obtained":["WarpedTongs"],"max_hp_gain":0,"max_hp_loss":0,"event_name":"Accursed Blacksmith","floor":4,"gold_loss":0,"cards_obtained":["Pain"]},{"damage_healed":0,"gold_gain":0,"player_choice":"Ignored","damage_taken":0,"max_hp_gain":0,"max_hp_loss":0,"event_name":"Shining Light","floor":13,"gold_loss":0},{"damage_healed":0,"gold_gain":0,"player_choice":"Leave","damage_taken":0,"max_hp_gain":0,"max_hp_loss":0,"event_name":"The Cleric","floor":14,"gold_loss":0},{"damage_healed":0,"gold_gain":50,"player_choice":"Stole From Cult","damage_taken":0,"max_hp_gain":0,"max_hp_loss":0,"event_name":"Nest","floor":19,"gold_loss":0},{"cards_removed":["Strike_G"],"damage_healed":0,"gold_gain":0,"player_choice":"Offered Basic","damage_taken":0,"max_hp_gain":0,"max_hp_loss":0,"event_name":"Bonfire Elementals","floor":21,"gold_loss":0},{"damage_healed":0,"gold_gain":0,"player_choice":"Fight","damage_taken":0,"max_hp_gain":0,"max_hp_loss":0,"event_name":"Colosseum","floor":27,"gold_loss":0},{"damage_healed":0,"gold_gain":0,"player_choice":"Fought Nobs","damage_taken":0,"max_hp_gain":0,"max_hp_loss":0,"event_name":"Colosseum","floor":27,"gold_loss":0}],"is_beta":false,"boss_relics":[{"not_picked":["Ectoplasm","Lizard Tail"],"picked":"Cursed Key"}],"items_purged_floors":[8],"is_endless":false,"potions_floor_spawned":[1,11,16,18,24,27],"killed_by":"Colosseum Nobs","ascension_level":20}