{"gold_per_floor":[116,116,134,146,146,171,187,187,257,280,260,260],"floor_reached":12,"playtime":2773,"items_purged":[],"score":177,"play_id":"076c6972-dbe8-4f7d-84e4-063fcf6f44fe","local_time":"20190201110300","is_ascension_mode":true,"campfire_choices":[],"neow_cost":"CURSE","seed_source_timestamp":957445526638900,"circlet_count":0,"master_deck":["AscendersBane","Strike_R","Strike_R","Strike_R","Strike_R","Strike_R","Defend_R","Defend_R","Defend_R","Defend_R","Bash","Pain","Perfected Strike","Thunderclap","Feed","Regret","Metallicize","True Grit","Injury","Shockwave"],"relics":["Burning Blood","Unceasing Top","Nunchaku","Dream Catcher","Self Forming Clay","Golden Idol","Pear"],"potions_floor_usage":[],"damage_taken":[{"damage":5,"enemies":"2 Louse","floor":1,"turns":4},{"damage":4,"enemies":"Small Slimes","floor":3,"turns":4},{"damage":3,"enemies":"Cultist","floor":4,"turns":3},{"damage":60,"enemies":"Gremlin Nob","floor":6,"turns":5},{"damage":13,"enemies":"Looter","floor":7,"turns":4},{"damage":18,"enemies":"Blue Slaver","floor":10,"turns":5},{"damage":19,"enemies":"Exordium Thugs","floor":12,"turns":4}],"seed_played":"-1884049120081861842","potions_obtained":[{"floor":6,"key":"Dexterity Potion"},{"floor":7,"key":"Poison Potion"},{"floor":10,"key":"Block Potion"}],"is_trial":false,"path_per_floor":["M","?","M","M","?","E","M","?","T","M","?","M"],"character_chosen":"IRONCLAD","items_purchased":[],"campfire_rested":0,"item_purchase_floors":[],"current_hp_per_floor":[69,64,66,69,69,18,14,14,24,15,15,0],"gold":260,"neow_bonus":"ONE_RARE_RELIC","is_prod":false,"is_daily":false,"chose_seed":false,"campfire_upgraded":0,"win_rate":0,"timestamp":1549011780,"path_taken":["M","?","M","M","?","E","M","?","T","M","?","?"],"build_version":"2019-01-23","purchased_purges":0,"victory":false,"max_hp_per_floor":[75,75,75,75,75,78,81,81,91,94,94,97],"card_choices":[{"not_picked":["Bloodletting","Headbutt"],"picked":"Perfected Strike","floor":1},{"not_picked":["Sever Soul","Carnage"],"picked":"Thunderclap","floor":3},{"not_picked":["Iron Wave","Anger"],"picked":"Feed","floor":4},{"not_picked":["Body Slam","Rage"],"picked":"Metallicize","floor":6},{"not_picked":["Anger","Whirlwind"],"picked":"True Grit","floor":7},{"not_picked":["Havoc","Sentinel"],"picked":"Shockwave","floor":10}],"player_experience":858037,"relics_obtained":[{"floor":6,"key":"Self Forming Clay"},{"floor":9,"key":"Pear"}],"event_choices":[{"damage_healed":0,"gold_gain":0,"player_choice":"Success","damage_taken":5,"relics_obtained":["Nunchaku"],"max_hp_gain":0,"max_hp_loss":0,"event_name":"Scrap Ooze","floor":2,"gold_loss":0},{"damage_healed":0,"gold_gain":0,"player_choice":"Box","damage_taken":0,"relics_obtained":["Dream Catcher"],"max_hp_gain":0,"max_hp_loss":0,"event_name":"Big Fish","floor":5,"gold_loss":0,"cards_obtained":["Regret"]},{"damage_healed":0,"gold_gain":0,"player_choice":"Take Wound","damage_taken":0,"relics_obtained":["Golden Idol"],"max_hp_gain":0,"max_hp_loss":0,"event_name":"Golden Idol","floor":8,"gold_loss":0,"cards_obtained":["Injury"]},{"damage_healed":0,"gold_gain":0,"player_choice":"Bought 1 Potion","damage_taken":0,"max_hp_gain":0,"max_hp_loss":0,"event_name":"The Woman in Blue","floor":11,"gold_loss":0}],"is_beta":false,"boss_relics":[],"items_purged_floors":[],"is_endless":false,"potions_floor_spawned":[6,7,10],"killed_by":"Exordium Thugs","ascension_level":18}