{"gold_per_floor":[109,124,49,66,66,66,82,82,82,102,118,118,129,129,129,232,232,252,270,370,469,494,494,513,513,540,540,540,540,540,554,554,654,654,672,684,424,442,460,460,560,20,20,20,39,54,54,54,54,54],"floor_reached":51,"playtime":2530,"items_purged":["Strike_B","Strike_B","Defend_B"],"score":639,"play_id":"e1316340-e533-4add-8a7a-2d721ca32821","local_time":"20190607171610","is_ascension_mode":false,"campfire_choices":[{"data":"Zap","floor":6,"key":"SMITH"},{"data":"Dualcast","floor":8,"key":"SMITH"},{"data":"Loop","floor":15,"key":"SMITH"},{"data":"Defragment","floor":23,"key":"SMITH"},{"data":"Consume","floor":25,"key":"SMITH"},{"data":"Capacitor","floor":28,"key":"SMITH"},{"data":"Thunder Strike","floor":32,"key":"SMITH"},{"data":"Seek","floor":40,"key":"SMITH"},{"data":"Panacea","floor":44,"key":"SMITH"},{"data":"Storm","floor":47,"key":"SMITH"},{"data":"Stack","floor":49,"key":"SMITH"}],"neow_cost":"NONE","seed_source_timestamp":640452313898554,"circlet_count":0,"master_deck":["Defend_B","Defend_B","Defend_B","Zap+1","Dualcast+1","Barrage","Sweeping Beam","Auto Shields","Go for the Eyes+1","Loop+1","Thunder Strike+1","Electrodynamics","Steam","Consume+1","Capacitor+1","Defragment+1","Stack+1","Leap+1","Glacier","Electrodynamics","Glacier","Ball Lightning","Leap+1","Seek+1","Undo+1","Storm+1","Panacea+1","Core Surge","Static Discharge+1","Coolheaded+1","Ball Lightning","Ball Lightning"],"relics":["Cracked Core","Mummified Hand","Dodecahedron","Question Card","CultistMask","Orrery","Thread and Needle","Matryoshka","The Courier","Juzu Bracelet","Omamori","Vajra","Cursed Key","Anchor","Shovel","Emotion Chip","Cables","Sundial"],"potions_floor_usage":[16,20,20,50,50,50],"damage_taken":[{"damage":1,"enemies":"Cultist","floor":1,"turns":3},{"damage":5,"enemies":"Small Slimes","floor":2,"turns":3},{"damage":2,"enemies":"2 Louse","floor":4,"turns":3},{"damage":8,"enemies":"Lots of Slimes","floor":7,"turns":4},{"damage":5,"enemies":"Exordium Wildlife","floor":10,"turns":3},{"damage":0,"enemies":"3 Louse","floor":11,"turns":2},{"damage":1,"enemies":"Blue Slaver","floor":13,"turns":3},{"damage":28,"enemies":"Slime Boss","floor":16,"turns":10},{"damage":0,"enemies":"Spheric Guardian","floor":18,"turns":2},{"damage":0,"enemies":"Chosen","floor":19,"turns":4},{"damage":6,"enemies":"Colosseum Slavers","floor":20,"turns":4},{"damage":32,"enemies":"Colosseum Nobs","floor":20,"turns":4},{"damage":12,"enemies":"Sentry and Sphere","floor":24,"turns":4},{"damage":0,"enemies":"Centurion and Healer","floor":31,"turns":5},{"damage":11,"enemies":"Collector","floor":33,"turns":10},{"damage":2,"enemies":"3 Darklings","floor":35,"turns":4},{"damage":0,"enemies":"3 Shapes","floor":36,"turns":6},{"damage":0,"enemies":"Sphere and 2 Shapes","floor":38,"turns":6},{"damage":21,"enemies":"Jaw Worm Horde","floor":39,"turns":3},{"damage":0,"enemies":"Mind Bloom Boss Battle","floor":41,"turns":3},{"damage":0,"enemies":"Maw","floor":45,"turns":6},{"damage":30,"enemies":"Writhing Mass","floor":46,"turns":4},{"damage":14,"enemies":"Awakened One","floor":50,"turns":6}],"seed_played":"-6434488450119052929","potions_obtained":[{"floor":2,"key":"SkillPotion"},{"floor":4,"key":"PowerPotion"},{"floor":10,"key":"SteroidPotion"},{"floor":19,"key":"EssenceOfSteel"},{"floor":20,"key":"Poison Potion"},{"floor":33,"key":"Dexterity Potion"}],"is_trial":false,"path_per_floor":["M","M","$","M","T","R","M","R","T","M","M","?","M","?","R","B",null,"M","M","?","?","T","R","M","R","T","?","R","?","?","M","R","B",null,"M","M","$","M","M","R","?","$","T","R","M","M","R","?","R","B",null],"character_chosen":"DEFECT","items_purchased":["Panacea","Anchor","Emotion Chip","Cables"],"campfire_rested":0,"item_purchase_floors":[37,37,42,42],"current_hp_per_floor":[74,69,69,67,67,67,59,59,59,54,54,36,35,35,35,7,75,75,75,37,37,37,37,25,25,25,25,25,25,25,25,25,14,75,73,73,73,73,52,52,52,52,52,52,52,22,22,41,41,27],"gold":54,"neow_bonus":"REMOVE_CARD","is_prod":false,"is_daily":false,"chose_seed":false,"campfire_upgraded":11,"win_rate":0,"timestamp":1559895370,"path_taken":["M","?","$","M","?","R","M","R","T","M","M","?","M","?","R","BOSS","M","?","?","?","?","R","M","R","T","?","R","?","?","M","R","BOSS","M","M","$","M","M","R","?","$","T","R","M","M","R","?","R","BOSS"],"build_version":"2019-01-23","purchased_purges":3,"victory":true,"max_hp_per_floor":[75,75,75,75,75,75,75,75,75,75,75,75,75,75,75,75,75,75,75,75,75,75,75,75,75,75,75,75,75,75,75,75,75,75,75,75,75,75,75,75,75,75,75,75,75,75,75,75,75,75],"card_choices":[{"not_picked":["Leap","Streamline"],"picked":"Barrage","floor":1},{"not_picked":["Stack","Darkness"],"picked":"Sweeping Beam","floor":2},{"not_picked":["Tempest","Scrape"],"picked":"Auto Shields","floor":4},{"not_picked":["Sweeping Beam","Chaos","Reinforced Body"],"picked":"SKIP","floor":7},{"not_picked":["Beam Cell","Rebound"],"picked":"Go for the Eyes","floor":10},{"not_picked":["Skim","Leap"],"picked":"Loop","floor":11},{"not_picked":["Conserve Battery","Coolheaded","Leap"],"picked":"Thunder Strike","floor":13},{"not_picked":["Echo Form","Biased Cognition","Fission"],"picked":"Electrodynamics","floor":16},{"not_picked":["Compile Driver","Blizzard","Doom and Gloom"],"picked":"Steam","floor":17},{"not_picked":["Fusion","Compile Driver","Stack"],"picked":"Consume","floor":17},{"not_picked":["Coolheaded","Reprogram","Undo"],"picked":"Capacitor","floor":17},{"not_picked":["Hologram","Stack","Storm"],"picked":"Defragment","floor":17},{"not_picked":["Auto Shields","Gash","Reprogram"],"picked":"Stack","floor":17},{"not_picked":["Stack","Consume+1","Beam Cell"],"picked":"Leap+1","floor":18},{"not_picked":["Thunder Strike","Stack","Streamline"],"picked":"Glacier","floor":19},{"not_picked":["Stack","Undo","Chaos"],"picked":"Electrodynamics","floor":20},{"not_picked":["Streamline","Turbo","Sweeping Beam+1"],"picked":"Glacier","floor":24},{"not_picked":["Beam Cell","Darkness","Recycle"],"picked":"Leap+1","floor":31},{"not_picked":["Multi-Cast","Rainbow","Meteor Strike"],"picked":"Seek","floor":33},{"not_picked":["Genetic Algorithm+1","Coolheaded","Redo"],"picked":"Undo+1","floor":35},{"not_picked":["Stack","Coolheaded+1","BootSequence+1"],"picked":"Storm","floor":36},{"not_picked":["Stack","Leap","Skim+1"],"picked":"Core Surge","floor":38},{"not_picked":["Rebound","Ball Lightning+1","Hello World+1"],"picked":"Static Discharge+1","floor":39},{"not_picked":["Darkness","Rebound","Consume"],"picked":"Coolheaded+1","floor":41},{"not_picked":["Undo","Meteor Strike","Streamline+1"],"picked":"Ball Lightning","floor":45},{"not_picked":["Undo+1","Turbo","Hologram"],"picked":"Ball Lightning","floor":46}],"player_experience":983532,"relics_obtained":[{"floor":5,"key":"Mummified Hand"},{"floor":9,"key":"Dodecahedron"},{"floor":20,"key":"Thread and Needle"},{"floor":20,"key":"Matryoshka"},{"floor":22,"key":"The Courier"},{"floor":22,"key":"Juzu Bracelet"},{"floor":26,"key":"Omamori"},{"floor":26,"key":"Vajra"},{"floor":41,"key":"Shovel"},{"floor":43,"key":"Sundial"}],"event_choices":[{"damage_healed":0,"gold_gain":0,"player_choice":"Success","damage_taken":18,"relics_obtained":["Question Card"],"max_hp_gain":0,"max_hp_loss":0,"event_name":"Scrap Ooze","floor":12,"gold_loss":0},{"damage_healed":0,"gold_gain":0,"player_choice":"Trade","damage_taken":0,"relics_obtained":["CultistMask"],"max_hp_gain":0,"max_hp_loss":0,"event_name":"FaceTrader","floor":14,"gold_loss":0},{"damage_healed":0,"gold_gain":0,"player_choice":"Fight","damage_taken":0,"max_hp_gain":0,"max_hp_loss":0,"event_name":"Colosseum","floor":20,"gold_loss":0},{"damage_healed":0,"gold_gain":0,"player_choice":"Fought Nobs","damage_taken":0,"max_hp_gain":0,"max_hp_loss":0,"event_name":"Colosseum","floor":20,"gold_loss":0},{"damage_healed":0,"gold_gain":99,"player_choice":"Stole From Cult","damage_taken":0,"max_hp_gain":0,"max_hp_loss":0,"event_name":"Nest","floor":21,"gold_loss":0},{"cards_removed":["Strike_B"],"damage_healed":0,"gold_gain":0,"player_choice":"Elegance","damage_taken":0,"max_hp_gain":0,"max_hp_loss":0,"event_name":"Back to Basics","floor":27,"gold_loss":0},{"damage_healed":0,"gold_gain":0,"player_choice":"Forge","damage_taken":0,"max_hp_gain":0,"max_hp_loss":0,"event_name":"Accursed Blacksmith","floor":29,"gold_loss":0,"cards_upgraded":["Go for the Eyes"]},{"damage_healed":0,"gold_gain":0,"player_choice":"Read","damage_taken":0,"max_hp_gain":0,"max_hp_loss":0,"event_name":"The Library","floor":30,"gold_loss":0,"cards_obtained":["Ball Lightning"]},{"damage_healed":0,"gold_gain":0,"player_choice":"Fight","damage_taken":0,"max_hp_gain":0,"max_hp_loss":0,"event_name":"MindBloom","floor":41,"gold_loss":0},{"damage_healed":19,"gold_gain":0,"player_choice":"Writhe","damage_taken":0,"max_hp_gain":0,"max_hp_loss":0,"event_name":"Winding Halls","floor":48,"gold_loss":0,"cards_obtained":["Writhe"]}],"is_beta":false,"boss_relics":[{"not_picked":["Lizard Tail","Snecko Eye"],"picked":"Orrery"},{"not_picked":["Eternal Feather","Tiny House"],"picked":"Cursed Key"}],"items_purged_floors":[3,37,42],"is_endless":false,"potions_floor_spawned":[2,4,10,13,19,20,20,33,35,38,39,41],"ascension_level":0}