{"gold_per_floor":[111,111,131,131,150,150,150,300,300,330,360,360,79,93,93,171,171,184,198,215,226,226],"floor_reached":22,"playtime":805,"items_purged":["Doubt"],"score":372,"play_id":"22908908-37c2-4a3b-88ad-697311d7cf82","local_time":"20190116194554","is_ascension_mode":true,"campfire_choices":[{"data":"Defragment","floor":6,"key":"SMITH"},{"data":"Seek","floor":12,"key":"SMITH"},{"data":"Apotheosis","floor":15,"key":"SMITH"}],"neow_cost":"TEN_PERCENT_HP_LOSS","seed_source_timestamp":200476653614526,"circlet_count":0,"master_deck":["AscendersBane","Strike_B","Strike_B","Strike_B","Defend_B","Defend_B","Defend_B","Defend_B","Zap+1","Dualcast","Seek+1","Ball Lightning","Defragment+1","Echo Form","Apotheosis+1","Seek","Cold Snap+1","Glacier","Loop+1"],"relics":["Cracked Core","Pocketwatch","Blue Candle","White Beast Statue"],"potions_floor_usage":[19,20,21,21],"damage_taken":[{"damage":4,"enemies":"Small Slimes","floor":1,"turns":3},{"damage":1,"enemies":"Cultist","floor":3,"turns":3},{"damage":11,"enemies":"2 Louse","floor":5,"turns":2},{"damage":20,"enemies":"3 Sentries","floor":11,"turns":6},{"damage":0,"enemies":"2 Fungi Beasts","floor":14,"turns":3},{"damage":18,"enemies":"Hexaghost","floor":16,"turns":6},{"damage":19,"enemies":"Shell Parasite","floor":18,"turns":5},{"damage":26,"enemies":"3 Byrds","floor":19,"turns":4},{"damage":0,"enemies":"Snecko","floor":20,"turns":5},{"damage":4,"enemies":"3 Cultists","floor":21,"turns":5},{"damage":7,"enemies":"Centurion and Healer","floor":22,"turns":1}],"seed_played":"-2944317997657976638","potions_obtained":[{"floor":3,"key":"Poison Potion"},{"floor":14,"key":"Strength Potion"},{"floor":16,"key":"Weak Potion"},{"floor":19,"key":"Energy Potion"},{"floor":20,"key":"AttackPotion"},{"floor":21,"key":"Poison Potion"}],"is_trial":false,"path_per_floor":["M","?","M","?","M","R","?","?","T","?","E","R","$","M","R","B",null,"M","M","M","M","M"],"character_chosen":"DEFECT","items_purchased":["Apotheosis"],"campfire_rested":0,"item_purchase_floors":[13],"current_hp_per_floor":[60,60,59,64,53,53,46,46,46,46,26,26,26,26,26,8,54,35,9,9,5,0],"gold":226,"neow_bonus":"THREE_RARE_CARDS","is_prod":false,"is_daily":false,"chose_seed":false,"campfire_upgraded":3,"win_rate":0,"timestamp":1547635554,"path_taken":["M","?","?","?","M","R","?","?","T","?","E","R","$","M","R","BOSS","M","M","M","M","M"],"build_version":"2019-01-10","purchased_purges":1,"victory":false,"max_hp_per_floor":[64,64,64,69,69,69,69,69,69,69,69,69,69,69,69,69,69,69,69,69,69,69],"card_choices":[{"not_picked":["Rainbow","Hyperbeam"],"picked":"Seek","floor":0},{"not_picked":["Sweeping Beam","Beam Cell","Redo"],"picked":"SKIP","floor":1},{"not_picked":["Hologram","Skim"],"picked":"Ball Lightning","floor":3},{"not_picked":["Beam Cell","Cold Snap"],"picked":"Defragment","floor":5},{"not_picked":["Turbo","Heatsinks"],"picked":"Echo Form","floor":11},{"not_picked":["Steam","Force Field","Stack"],"picked":"SKIP","floor":14},{"not_picked":["Reboot","Machine Learning"],"picked":"Seek","floor":16},{"not_picked":["Hologram","Leap"],"picked":"Cold Snap+1","floor":18},{"not_picked":["Steam+1","Rebound"],"picked":"Glacier","floor":19},{"not_picked":["Streamline","Rebound","Double Energy"],"picked":"SKIP","floor":20},{"not_picked":["Reprogram","Cold Snap+1"],"picked":"Loop+1","floor":21}],"player_experience":837612,"relics_obtained":[{"floor":9,"key":"Pocketwatch"},{"floor":11,"key":"Blue Candle"}],"event_choices":[{"damage_healed":0,"gold_gain":0,"player_choice":"Upgraded","damage_taken":0,"max_hp_gain":0,"max_hp_loss":0,"event_name":"Upgrade Shrine","floor":2,"gold_loss":0,"cards_upgraded":["Zap"]},{"damage_healed":0,"gold_gain":0,"player_choice":"Donut","damage_taken":0,"max_hp_gain":5,"max_hp_loss":0,"event_name":"Big Fish","floor":4,"gold_loss":0},{"cards_removed":["Strike_B"],"damage_healed":0,"gold_gain":0,"player_choice":"Card Removal","damage_taken":7,"max_hp_gain":0,"max_hp_loss":0,"event_name":"Golden Wing","floor":7,"gold_loss":0},{"damage_healed":0,"gold_gain":150,"player_choice":"AGREE","damage_taken":0,"max_hp_gain":0,"max_hp_loss":0,"event_name":"Liars Game","floor":8,"gold_loss":0,"cards_obtained":["Doubt"]},{"damage_healed":0,"gold_gain":30,"player_choice":"Searched \u00271\u0027 times","damage_taken":0,"max_hp_gain":0,"max_hp_loss":0,"event_name":"Dead Adventurer","floor":10,"gold_loss":0}],"is_beta":false,"boss_relics":[{"not_picked":["Calling Bell","Runic Pyramid"],"picked":"White Beast Statue"}],"items_purged_floors":[13],"is_endless":false,"potions_floor_spawned":[3,14,16,18,19,20,21],"killed_by":"Centurion and Healer","ascension_level":20}