{"gold_per_floor":[114,127,127,143,159,159,188,188,214,232,242,242,202,152,152,152],"floor_reached":16,"playtime":749,"items_purged":[],"score":208,"play_id":"dd500f4c-6792-4e1f-94d0-8d639de6e653","local_time":"20190604010159","is_ascension_mode":true,"campfire_choices":[{"data":"Dagger Throw","floor":6,"key":"SMITH"},{"data":"Deadly Poison","floor":8,"key":"SMITH"},{"floor":15,"key":"REST"}],"neow_cost":"NONE","seed_source_timestamp":1096069285467500,"circlet_count":0,"master_deck":["AscendersBane","Defend_G","Defend_G","Defend_G","Defend_G","Defend_G","Strike_G","Strike_G","Strike_G","Strike_G","Strike_G","Survivor","Neutralize+1","Cloak And Dagger+1","Dagger Throw+1","Deadly Poison+1","Flying Knee","Finisher","Slice+1"],"relics":["Ring of the Snake","Bag of Preparation","Potion Belt","Molten Egg 2"],"potions_floor_usage":[7,16,16],"damage_taken":[{"damage":1,"enemies":"Cultist","floor":1,"turns":4},{"damage":0,"enemies":"2 Louse","floor":2,"turns":3},{"damage":9,"enemies":"Small Slimes","floor":4,"turns":4},{"damage":2,"enemies":"Exordium Wildlife","floor":5,"turns":8},{"damage":24,"enemies":"Lagavulin","floor":7,"turns":9},{"damage":6,"enemies":"3 Louse","floor":10,"turns":3},{"damage":6,"enemies":"Lots of Slimes","floor":11,"turns":4},{"damage":8,"enemies":"Exordium Thugs","floor":14,"turns":5},{"damage":30,"enemies":"Slime Boss","floor":16,"turns":8}],"seed_played":"7127000106258321144","potions_obtained":[{"floor":2,"key":"Fire Potion"},{"floor":4,"key":"Strength Potion"},{"floor":7,"key":"LiquidBronze"},{"floor":10,"key":"GamblersBrew"},{"floor":13,"key":"GhostInAJar"},{"floor":13,"key":"Ancient Potion"}],"is_trial":false,"path_per_floor":["M","M","?","M","M","R","E","R","T","M","M","T","?","M","R","B"],"character_chosen":"THE_SILENT","items_purchased":[],"campfire_rested":1,"item_purchase_floors":[],"current_hp_per_floor":[58,58,58,49,47,47,23,23,23,17,11,11,11,3,22,0],"gold":152,"neow_bonus":"UPGRADE_CARD","is_prod":false,"is_daily":false,"chose_seed":false,"campfire_upgraded":2,"win_rate":0,"timestamp":1559599319,"path_taken":["M","M","?","M","M","R","E","R","T","?","M","?","?","?","R","BOSS"],"build_version":"2019-01-23","purchased_purges":0,"victory":false,"max_hp_per_floor":[66,66,66,66,66,66,66,66,66,66,66,66,66,66,66,66],"card_choices":[{"not_picked":["Deflect","Blade Dance","Eviscerate"],"picked":"SKIP","floor":1},{"not_picked":["Dodge and Roll","Deflect"],"picked":"Cloak And Dagger","floor":2},{"not_picked":["Cloak And Dagger","Deflect","Setup"],"picked":"SKIP","floor":4},{"not_picked":["Deadly Poison","Cloak And Dagger"],"picked":"Dagger Throw","floor":5},{"not_picked":["Storm of Steel","Caltrops"],"picked":"Deadly Poison","floor":7},{"not_picked":["Deadly Poison","Outmaneuver"],"picked":"Flying Knee","floor":10},{"not_picked":["Poisoned Stab","Bane"],"picked":"Finisher","floor":11},{"not_picked":["Poisoned Stab+1","Blur"],"picked":"Slice+1","floor":14}],"player_experience":1055128,"relics_obtained":[{"floor":7,"key":"Bag of Preparation"},{"floor":9,"key":"Potion Belt"},{"floor":12,"key":"Molten Egg 2"}],"event_choices":[{"damage_healed":0,"gold_gain":0,"player_choice":"Upgraded","damage_taken":0,"max_hp_gain":0,"max_hp_loss":0,"event_name":"Upgrade Shrine","floor":3,"gold_loss":0,"cards_upgraded":["Cloak And Dagger"]},{"damage_healed":0,"gold_gain":0,"player_choice":"Bought 3 Potions","damage_taken":0,"max_hp_gain":0,"max_hp_loss":0,"event_name":"The Woman in Blue","floor":13,"gold_loss":0}],"is_beta":false,"boss_relics":[],"items_purged_floors":[],"is_endless":false,"potions_floor_spawned":[2,4,7,10,14],"killed_by":"Slime Boss","ascension_level":20}