{"gold_per_floor":[113,123,198,213,178,209,42,42,68,218,218,51,51,51],"floor_reached":14,"playtime":402,"items_purged":["Doubt"],"score":172,"play_id":"430c9164-1c80-4c4d-bf77-4a5169b282ad","local_time":"20190620000311","is_ascension_mode":true,"campfire_choices":[{"data":"Fiend Fire","floor":8,"key":"SMITH"},{"data":"Bash","floor":11,"key":"SMITH"},{"data":"Feel No Pain","floor":13,"key":"SMITH"}],"neow_cost":"PERCENT_DAMAGE","seed_source_timestamp":572101035777800,"circlet_count":0,"master_deck":["AscendersBane","Strike_R","Strike_R","Strike_R","Strike_R","Strike_R","Defend_R","Defend_R","Defend_R","Defend_R","Bash+1","Shrug It Off","Twin Strike","Rampage","Fiend Fire+1","Feel No Pain+1","Dark Shackles"],"relics":["Burning Blood","Blood Vial","Bag of Preparation"],"potions_floor_usage":[6,14],"damage_taken":[{"damage":3,"enemies":"2 Louse","floor":1,"turns":4},{"damage":1,"enemies":"Small Slimes","floor":2,"turns":4},{"damage":6,"enemies":"Cultist","floor":4,"turns":4},{"damage":64,"enemies":"3 Sentries","floor":6,"turns":14},{"damage":37,"enemies":"Lagavulin","floor":14,"turns":6}],"seed_played":"6637180080048794223","potions_obtained":[{"floor":2,"key":"SpeedPotion"},{"floor":4,"key":"Swift Potion"},{"floor":6,"key":"PowerPotion"}],"is_trial":false,"path_per_floor":["M","M","?","M","?","E","$","R","T","?","R","$","R","E"],"character_chosen":"IRONCLAD","items_purchased":["Fiend Fire","Feel No Pain","Dark Shackles"],"campfire_rested":0,"item_purchase_floors":[7,7,12],"current_hp_per_floor":[67,72,61,61,83,25,25,25,25,25,25,25,25,0],"gold":51,"neow_bonus":"TWENTY_PERCENT_HP_BONUS","is_prod":false,"is_daily":false,"chose_seed":false,"campfire_upgraded":3,"win_rate":0,"timestamp":1560978191,"path_taken":["M","M","?","M","?","E","$","R","T","?","R","$","R","E"],"build_version":"2019-01-23","purchased_purges":1,"victory":false,"max_hp_per_floor":[89,89,89,89,89,89,89,89,89,89,89,89,89,89],"card_choices":[{"not_picked":["Body Slam","Reckless Charge"],"picked":"Shrug It Off","floor":1},{"not_picked":["Clash","Intimidate","Rage"],"picked":"SKIP","floor":2},{"not_picked":["Clash","Warcry"],"picked":"Twin Strike","floor":4},{"not_picked":["Rupture","Havoc"],"picked":"Rampage","floor":6}],"player_experience":1146512,"relics_obtained":[{"floor":6,"key":"Blood Vial"},{"floor":9,"key":"Bag of Preparation"}],"event_choices":[{"damage_healed":0,"gold_gain":75,"player_choice":"Gather Gold","damage_taken":11,"max_hp_gain":0,"max_hp_loss":0,"event_name":"World of Goop","floor":3,"gold_loss":0},{"damage_healed":22,"gold_gain":0,"player_choice":"Healed","damage_taken":0,"max_hp_gain":0,"max_hp_loss":0,"event_name":"The Cleric","floor":5,"gold_loss":35},{"damage_healed":0,"gold_gain":150,"player_choice":"AGREE","damage_taken":0,"max_hp_gain":0,"max_hp_loss":0,"event_name":"Liars Game","floor":10,"gold_loss":0,"cards_obtained":["Doubt"]}],"is_beta":false,"boss_relics":[],"items_purged_floors":[12],"is_endless":false,"potions_floor_spawned":[2,4,6],"killed_by":"Lagavulin","ascension_level":20}