{"gold_per_floor":[12,12,22,22,34,34,53,53,53,53,3,28,48,63,63,166,166,183,195,210,210,210,210,221,28,28,53,66,66,81,106,106,106],"floor_reached":33,"playtime":4796,"items_purged":["Strike_R"],"score":339,"play_id":"2ad465c4-546b-4a09-9dcd-a688696b8048","local_time":"20181127200546","is_ascension_mode":false,"campfire_choices":[{"data":"Rampage","floor":6.0,"key":"SMITH"},{"data":"True Grit","floor":8.0,"key":"SMITH"},{"data":"Clash","floor":15,"key":"SMITH"},{"data":"Fiend Fire","floor":23,"key":"SMITH"},{"floor":32,"key":"REST"}],"neow_cost":"NO_GOLD","seed_source_timestamp":0,"circlet_count":0,"master_deck":["Strike_R","Strike_R","Strike_R","Defend_R","Defend_R","Defend_R","Bash","Anger","Pommel Strike","Rampage+1","True Grit+1","Iron Wave","Clash","Clash+1","Feed","Clash","Iron Wave","Battle Trance","Shrug It Off","Fiend Fire+1","Armaments","Offering","Headbutt","Writhe","Pommel Strike+1","Finesse","Shrug It Off","Double Tap","Dual Wield","Clash","Heavy Blade"],"special_seed":0,"relics":["Burning Blood","Self Forming Clay","Letter Opener","Oddly Smooth Stone","Question Card","Orrery","PreservedInsect","Paper Frog","Torii","Vajra"],"potions_floor_usage":[14,24,24,28],"damage_taken":[{"damage":2.0,"enemies":"Small Slimes","floor":1.0,"turns":4.0},{"damage":6.0,"enemies":"2 Louse","floor":3.0,"turns":2.0},{"damage":0.0,"enemies":"Cultist","floor":5.0,"turns":2.0},{"damage":10.0,"enemies":"Looter","floor":7.0,"turns":3.0},{"damage":21.0,"enemies":"3 Sentries","floor":12.0,"turns":9.0},{"damage":0.0,"enemies":"2 Fungi Beasts","floor":13.0,"turns":2.0},{"damage":7,"enemies":"3 Louse","floor":14,"turns":2},{"damage":17,"enemies":"Slime Boss","floor":16,"turns":11},{"damage":8,"enemies":"2 Thieves","floor":18,"turns":4},{"damage":2,"enemies":"Shell Parasite","floor":19,"turns":6},{"damage":8,"enemies":"Snake Plant","floor":20,"turns":3},{"damage":8,"enemies":"3 Cultists","floor":24,"turns":5},{"damage":19,"enemies":"Slavers","floor":27,"turns":6},{"damage":0,"enemies":"Snecko","floor":28,"turns":4},{"damage":7,"enemies":"Snake Plant","floor":30,"turns":4},{"damage":18,"enemies":"Book of Stabbing","floor":31,"turns":5},{"damage":105,"enemies":"Automaton","floor":33,"turns":8}],"seed_played":"-8228924913329383677","potions_obtained":[{"floor":1.0,"key":"Explosive Potion"},{"floor":7.0,"key":"Ancient Potion"},{"floor":14,"key":"Fruit Juice"},{"floor":19,"key":"Explosive Potion"},{"floor":20,"key":"SkillPotion"},{"floor":27,"key":"SteroidPotion"},{"floor":30,"key":"Swift Potion"}],"is_trial":false,"path_per_floor":["M","?","M","?","M","R","M","R","T","?","?","E","M","M","R","B",null,"M","M","M","?","?","R","M","$","T","E","M","?","M","E","R","B"],"character_chosen":"IRONCLAD","items_purchased":["Finesse","Shrug It Off"],"campfire_rested":1,"item_purchase_floors":[25,25],"current_hp_per_floor":[80,80,80,85,85,85,81,81,81,69,69,54,60,64,64,53,90,88,93,91,91,91,91,92,92,92,82,88,88,87,75,99,0],"gold":106,"neow_bonus":"REMOVE_TWO","is_prod":false,"is_daily":false,"chose_seed":false,"campfire_upgraded":4,"win_rate":0.0,"timestamp":1543349146,"path_taken":["M","?","M","?","M","R","M","R","T","?","?","E","M","M","R","BOSS","M","M","?","?","?","R","M","$","T","E","M","?","M","E","R","BOSS"],"build_version":"2018-11-15","purchased_purges":1,"victory":false,"max_hp_per_floor":[80,80,80,85,85,85,85,85,85,85,85,85,85,90,90,90,90,90,93,93,93,93,93,96,96,96,99,99,99,99,99,99,99],"card_choices":[{"not_picked":["Combust","Perfected Strike"],"picked":"Anger","floor":1.0},{"not_picked":["Body Slam","Fire Breathing"],"picked":"Pommel Strike","floor":3.0},{"not_picked":["Metallicize","True Grit"],"picked":"Rampage","floor":5.0},{"not_picked":["Thunderclap","Body Slam"],"picked":"True Grit","floor":7.0},{"not_picked":["Barricade","Flex"],"picked":"Iron Wave","floor":12.0},{"not_picked":["Perfected Strike","Feel No Pain","Inflame"],"picked":"Clash","floor":13.0},{"not_picked":["Clothesline","Reckless Charge","Cleave"],"picked":"Clash","floor":14},{"not_picked":["Reaper","Demon Form","Offering"],"picked":"Feed","floor":16},{"not_picked":["Reckless Charge","Combust","Cleave"],"picked":"Clash","floor":17},{"not_picked":["Hemokinesis","Heavy Blade","Body Slam"],"picked":"Iron Wave","floor":17},{"not_picked":["Anger","Pommel Strike","Clothesline"],"picked":"Battle Trance","floor":17},{"not_picked":["Headbutt","Pommel Strike","Rupture"],"picked":"Shrug It Off","floor":17},{"not_picked":["Entrench","Infernal Blade","Feel No Pain"],"picked":"Fiend Fire","floor":17},{"not_picked":["Headbutt","Thunderclap","Sever Soul+1"],"picked":"Armaments","floor":18},{"not_picked":["Infernal Blade","Perfected Strike+1","Fire Breathing"],"picked":"Offering","floor":19},{"not_picked":["Thunderclap","Clothesline+1","Heavy Blade"],"picked":"Headbutt","floor":20},{"not_picked":["Bloodletting","Combust","Entrench+1"],"picked":"Pommel Strike+1","floor":24},{"not_picked":["Searing Blow","Hemokinesis+1","Entrench"],"picked":"Double Tap","floor":27},{"not_picked":["Anger","Sword Boomerang","True Grit+1"],"picked":"Dual Wield","floor":28},{"not_picked":["Perfected Strike","Blood for Blood","Barricade"],"picked":"Clash","floor":30},{"not_picked":["Clothesline","True Grit","Thunderclap"],"picked":"Heavy Blade","floor":31}],"player_experience":46816,"relics_obtained":[{"floor":9.0,"key":"Self Forming Clay"},{"floor":12.0,"key":"Question Card"},{"floor":26,"key":"Paper Frog"},{"floor":27,"key":"Torii"},{"floor":31,"key":"Vajra"}],"event_choices":[{"damage_healed":0.0,"max_hp_gain":0.0,"max_hp_loss":0.0,"gold_gain":0.0,"event_name":"Liars Game","player_choice":"Ignored","floor":2.0,"gold_loss":0.0,"damage_taken":0.0},{"damage_healed":0.0,"max_hp_gain":5.0,"max_hp_loss":0.0,"gold_gain":0.0,"event_name":"Big Fish","player_choice":"Donut","floor":4.0,"gold_loss":0.0,"damage_taken":0.0},{"damage_healed":0.0,"max_hp_gain":0.0,"max_hp_loss":0.0,"gold_gain":0.0,"event_name":"Scrap Ooze","player_choice":"Success","floor":10.0,"gold_loss":0.0,"damage_taken":12.0,"relics_obtained":["Letter Opener"]},{"damage_healed":0.0,"max_hp_gain":0.0,"max_hp_loss":0.0,"gold_gain":0.0,"event_name":"WeMeetAgain","player_choice":"Paid Gold","floor":11.0,"gold_loss":50.0,"damage_taken":0.0,"relics_obtained":["Oddly Smooth Stone"]},{"damage_healed":0,"gold_gain":0,"player_choice":"Opened","damage_taken":0,"relics_obtained":["PreservedInsect"],"max_hp_gain":0,"max_hp_loss":0,"event_name":"The Mausoleum","floor":21,"gold_loss":0,"cards_obtained":["Writhe"]},{"damage_healed":0,"gold_gain":0,"player_choice":"Ignored","damage_taken":0,"max_hp_gain":0,"max_hp_loss":0,"event_name":"Vampires","floor":22,"gold_loss":0},{"damage_healed":0,"gold_gain":0,"player_choice":"Ignored","damage_taken":0,"max_hp_gain":0,"max_hp_loss":0,"event_name":"Ghosts","floor":29,"gold_loss":0}],"is_beta":false,"boss_relics":[{"not_picked":["Snecko Eye","Black Star"],"picked":"Orrery"}],"items_purged_floors":[25],"is_endless":false,"potions_floor_spawned":[1,7,14,19,20,27,30],"killed_by":"Automaton","ascension_level":0}