{"gold_per_floor":[111,111,121,121,44,69,69,81,108,141,141,159,134,134,134,229,229,250,95,95,113,127,127,150,150,150,190,190,115,153,153,153,249,249,272,272,14,30,54,98,98,122,174,174,240,258,258,277,277,277],"floor_reached":51,"playtime":3408,"items_purged":["Strike_R"],"score":1434,"play_id":"e93205f2-bad0-4359-b916-8a1153689a2e","local_time":"20190112021338","is_ascension_mode":true,"campfire_choices":[{"data":"Carnage","floor":7,"key":"SMITH"},{"data":"Uppercut","floor":11,"key":"SMITH"},{"data":"Barricade","floor":15,"key":"SMITH"},{"data":"True Grit","floor":23,"key":"SMITH"},{"data":"Disarm","floor":25,"key":"SMITH"},{"data":"Sword Boomerang","floor":28,"key":"SMITH"},{"data":"Impervious","floor":32,"key":"SMITH"},{"data":"Impervious","floor":41,"key":"SMITH"},{"data":"Body Slam","floor":44,"key":"SMITH"},{"data":"Entrench","floor":47,"key":"SMITH"},{"data":"Demon Form","floor":49,"key":"SMITH"}],"neow_cost":"NONE","seed_source_timestamp":225438354283600,"circlet_count":0,"master_deck":["AscendersBane","Strike_R+1","Strike_R","Defend_R","Defend_R+1","Defend_R","Defend_R","Bash","Carnage+1","Thunderclap","Shrug It Off","True Grit+1","Spot Weakness","Impervious+1","Uppercut+1","Barricade+1","Armaments","Impervious+1","Intimidate","Ghostly Armor","Disarm+1","Shrug It Off","Sword Boomerang+1","Metallicize","Demon Form+1","Intimidate+1","Secret Weapon","Limit Break","Whirlwind","Flame Barrier+1","Body Slam+1","Heavy Blade","Armaments+1","Body Slam","Entrench+1","Iron Wave+1","Disarm"],"relics":["Burning Blood","Orichalcum","Art of War","Letter Opener","Golden Idol","Coffee Dripper","Meat on the Bone","Boot","Bottled Tornado","Runic Pyramid","Bag of Preparation","Centennial Puzzle","Prayer Wheel"],"potions_floor_usage":[27,50],"damage_taken":[{"damage":4,"enemies":"Small Slimes","floor":1,"turns":5},{"damage":4,"enemies":"Jaw Worm","floor":3,"turns":3},{"damage":34,"enemies":"Gremlin Nob","floor":6,"turns":5},{"damage":0,"enemies":"Cultist","floor":8,"turns":3},{"damage":19,"enemies":"Lagavulin","floor":10,"turns":7},{"damage":3,"enemies":"2 Fungi Beasts","floor":12,"turns":2},{"damage":10,"enemies":"Slime Boss","floor":16,"turns":22},{"damage":0,"enemies":"Spheric Guardian","floor":18,"turns":6},{"damage":19,"enemies":"Colosseum Slavers","floor":20,"turns":6},{"damage":4,"enemies":"Shell Parasite","floor":21,"turns":7},{"damage":35,"enemies":"Cultist and Chosen","floor":22,"turns":9},{"damage":12,"enemies":"Centurion and Healer","floor":24,"turns":7},{"damage":3,"enemies":"Book of Stabbing","floor":27,"turns":8},{"damage":16,"enemies":"Gremlin Leader","floor":30,"turns":10},{"damage":0,"enemies":"Champ","floor":33,"turns":14},{"damage":3,"enemies":"Orb Walker","floor":35,"turns":5},{"damage":6,"enemies":"3 Darklings","floor":38,"turns":6},{"damage":0,"enemies":"Sphere and 2 Shapes","floor":39,"turns":7},{"damage":1,"enemies":"Nemesis","floor":40,"turns":7},{"damage":0,"enemies":"4 Shapes","floor":42,"turns":3},{"damage":16,"enemies":"2 Orb Walkers","floor":45,"turns":4},{"damage":35,"enemies":"Jaw Worm Horde","floor":46,"turns":6},{"damage":0,"enemies":"Writhing Mass","floor":48,"turns":5},{"damage":31,"enemies":"Donu and Deca","floor":50,"turns":10}],"seed_played":"6720651543587661034","potions_obtained":[{"floor":8,"key":"Block Potion"},{"floor":12,"key":"EssenceOfSteel"},{"floor":27,"key":"Poison Potion"},{"floor":30,"key":"SteroidPotion"}],"is_trial":false,"path_per_floor":["M","?","M","?","$","E","R","M","T","E","R","M","$","?","R","B",null,"M","$","?","M","M","R","M","R","T","E","R","?","E","?","R","B",null,"M","?","$","M","M","E","R","M","T","R","?","M","R","M","R","B",null],"character_chosen":"IRONCLAD","items_purchased":["Shrug It Off","True Grit","Armaments","Ghostly Armor","Limit Break","Whirlwind"],"campfire_rested":0,"item_purchase_floors":[5,5,13,19,37,37],"current_hp_per_floor":[77,52,54,54,54,26,26,32,32,19,19,22,22,22,22,18,60,66,66,53,55,26,26,20,20,20,35,35,35,37,37,37,55,69,72,72,72,72,74,74,74,74,74,74,64,47,47,53,53,40],"gold":277,"neow_bonus":"TEN_PERCENT_HP_BONUS","is_prod":false,"is_daily":false,"chose_seed":false,"campfire_upgraded":11,"win_rate":0,"timestamp":1547252018,"path_taken":["M","?","M","?","?","E","R","M","T","E","R","?","$","?","R","BOSS","M","$","?","M","M","R","M","R","T","E","R","?","E","?","R","BOSS","M","?","$","M","M","E","R","M","T","R","?","M","R","M","R","BOSS"],"build_version":"2019-01-10","purchased_purges":1,"victory":true,"max_hp_per_floor":[82,82,82,82,82,82,82,82,82,82,82,82,82,74,74,74,74,74,74,74,74,74,74,74,74,74,74,74,74,74,74,74,74,74,74,74,74,74,74,74,74,74,74,74,74,74,74,74,74,74],"card_choices":[{"not_picked":["Warcry","Heavy Blade"],"picked":"Carnage","floor":1},{"not_picked":["Wild Strike","Carnage"],"picked":"Thunderclap","floor":3},{"not_picked":["Dropkick","Carnage"],"picked":"Spot Weakness","floor":6},{"not_picked":["Flex","Warcry"],"picked":"Impervious","floor":8},{"not_picked":["Combust","Flex"],"picked":"Uppercut","floor":10},{"not_picked":["Spot Weakness","Warcry"],"picked":"Barricade","floor":12},{"not_picked":["Brutality","Bludgeon"],"picked":"Impervious","floor":16},{"not_picked":["Havoc","Evolve"],"picked":"Intimidate","floor":18},{"not_picked":["Twin Strike+1","Shrug It Off"],"picked":"Disarm","floor":21},{"not_picked":["Dual Wield","Thunderclap","Perfected Strike"],"picked":"SKIP","floor":22},{"not_picked":["Warcry+1","Inflame+1"],"picked":"Shrug It Off","floor":24},{"not_picked":["Ghostly Armor","Rage"],"picked":"Sword Boomerang","floor":27},{"not_picked":["True Grit","Second Wind"],"picked":"Metallicize","floor":30},{"not_picked":["Dark Embrace","Double Tap"],"picked":"Demon Form","floor":33},{"not_picked":["Dropkick","Perfected Strike"],"picked":"Intimidate+1","floor":35},{"not_picked":["Flash of Steel","Chrysalis"],"picked":"Secret Weapon","floor":36},{"not_picked":["Pommel Strike","Warcry+1"],"picked":"Flame Barrier+1","floor":38},{"not_picked":["Inflame","Metallicize"],"picked":"Body Slam","floor":39},{"not_picked":["Infernal Blade","Havoc+1"],"picked":"Heavy Blade","floor":40},{"not_picked":["Perfected Strike","Warcry"],"picked":"Armaments+1","floor":42},{"not_picked":["Hemokinesis","Clothesline+1"],"picked":"Body Slam","floor":45},{"not_picked":["Body Slam+1","Immolate"],"picked":"Entrench","floor":46},{"not_picked":["Perfected Strike","Flex+1","Clothesline"],"picked":"SKIP","floor":46},{"not_picked":["Shockwave","Clothesline"],"picked":"Iron Wave+1","floor":48},{"not_picked":["Hemokinesis+1","Wild Strike"],"picked":"Disarm","floor":48}],"player_experience":813763,"relics_obtained":[{"floor":6,"key":"Orichalcum"},{"floor":9,"key":"Art of War"},{"floor":10,"key":"Letter Opener"},{"floor":26,"key":"Meat on the Bone"},{"floor":27,"key":"Boot"},{"floor":30,"key":"Bottled Tornado"},{"floor":40,"key":"Bag of Preparation"},{"floor":43,"key":"Centennial Puzzle"},{"floor":45,"key":"Prayer Wheel"}],"event_choices":[{"damage_healed":0,"gold_gain":0,"player_choice":"Entered Light","damage_taken":25,"max_hp_gain":0,"max_hp_loss":0,"event_name":"Shining Light","floor":2,"gold_loss":0,"cards_upgraded":["Strike_R","Defend_R"]},{"damage_healed":0,"gold_gain":0,"player_choice":"Ignored","damage_taken":0,"max_hp_gain":0,"max_hp_loss":0,"event_name":"Liars Game","floor":4,"gold_loss":0},{"damage_healed":0,"gold_gain":0,"player_choice":"Lose Max HP","damage_taken":0,"relics_obtained":["Golden Idol"],"max_hp_gain":0,"max_hp_loss":8,"event_name":"Golden Idol","floor":14,"gold_loss":0},{"damage_healed":0,"gold_gain":0,"player_choice":"Fight","damage_taken":0,"max_hp_gain":0,"max_hp_loss":0,"event_name":"Colosseum","floor":20,"gold_loss":0},{"damage_healed":0,"gold_gain":0,"player_choice":"Fled From Nobs","damage_taken":0,"max_hp_gain":0,"max_hp_loss":0,"event_name":"Colosseum","floor":20,"gold_loss":0},{"cards_removed":["Strike_R"],"damage_healed":0,"gold_gain":0,"player_choice":"Gave Gold","damage_taken":0,"max_hp_gain":0,"max_hp_loss":0,"event_name":"Beggar","floor":29,"gold_loss":75},{"cards_removed":["Strike_R"],"damage_healed":0,"gold_gain":0,"player_choice":"Offered Basic","damage_taken":0,"max_hp_gain":0,"max_hp_loss":0,"event_name":"Bonfire Elementals","floor":31,"gold_loss":0},{"damage_healed":0,"gold_gain":0,"player_choice":"Memory 1","damage_taken":0,"max_hp_gain":0,"max_hp_loss":0,"event_name":"SensoryStone","floor":36,"gold_loss":0},{"damage_healed":0,"gold_gain":0,"player_choice":"Fight","damage_taken":0,"max_hp_gain":0,"max_hp_loss":0,"event_name":"Mysterious Sphere","floor":45,"gold_loss":0}],"is_beta":false,"boss_relics":[{"not_picked":["Black Blood","Orrery"],"picked":"Coffee Dripper"},{"not_picked":["Tiny House","Astrolabe"],"picked":"Runic Pyramid"}],"items_purged_floors":[19],"is_endless":false,"potions_floor_spawned":[8,12,16,22,27,30,33,38,39,45,48],"ascension_level":17}