{"gold_per_floor":[112,126,126,143,68,68,18,18,18,18,43,62,12,23,23,23],"floor_reached":16,"playtime":613,"items_purged":["Defend_G"],"score":170,"play_id":"ab1d537b-977b-42f9-958b-9d62cb6de3f1","local_time":"20190612033758","is_ascension_mode":true,"campfire_choices":[{"data":"Leg Sweep","floor":6,"key":"SMITH"},{"data":"Neutralize","floor":8,"key":"SMITH"},{"data":"Storm of Steel","floor":15,"key":"SMITH"}],"neow_cost":"NONE","seed_source_timestamp":1025328132429537,"circlet_count":0,"master_deck":["AscendersBane","Defend_G","Defend_G","Defend_G","Defend_G","Strike_G","Strike_G","Strike_G","Survivor","Neutralize+1","Dagger Throw","Flying Knee","Acrobatics","Leg Sweep+1","Storm of Steel+1","Cloak And Dagger","Dagger Spray"],"relics":["Ring of the Snake","Gremlin Horn","Smiling Mask","Juzu Bracelet"],"potions_floor_usage":[16],"damage_taken":[{"damage":5,"enemies":"Small Slimes","floor":1,"turns":8},{"damage":1,"enemies":"2 Louse","floor":2,"turns":4},{"damage":1,"enemies":"Jaw Worm","floor":4,"turns":3},{"damage":37,"enemies":"Lagavulin","floor":11,"turns":15},{"damage":0,"enemies":"3 Louse","floor":12,"turns":5},{"damage":0,"enemies":"Blue Slaver","floor":14,"turns":5},{"damage":8,"enemies":"The Guardian","floor":16,"turns":5}],"seed_played":"-6636034801895590162","potions_obtained":[{"floor":2,"key":"EssenceOfSteel"},{"floor":11,"key":"Strength Potion"},{"floor":14,"key":"Energy Potion"}],"is_trial":false,"path_per_floor":["M","M","?","M","$","R","?","R","T","?","E","M","$","M","R","B"],"character_chosen":"THE_SILENT","items_purchased":["Leg Sweep"],"campfire_rested":0,"item_purchase_floors":[5],"current_hp_per_floor":[54,53,53,52,52,52,52,52,52,45,8,8,8,8,8,0],"gold":23,"neow_bonus":"REMOVE_CARD","is_prod":false,"is_daily":false,"chose_seed":false,"campfire_upgraded":3,"win_rate":0,"timestamp":1560278278,"path_taken":["M","M","?","M","$","R","?","R","T","?","E","M","?","M","R","BOSS"],"build_version":"2019-01-23","purchased_purges":1,"victory":false,"max_hp_per_floor":[66,66,66,66,66,66,66,66,66,66,66,66,66,66,66,66],"card_choices":[{"not_picked":["Slice","Prepared"],"picked":"Dagger Throw","floor":1},{"not_picked":["Sucker Punch","Backstab"],"picked":"Flying Knee","floor":2},{"not_picked":["Dagger Throw","Flying Knee"],"picked":"Acrobatics","floor":4},{"not_picked":["Predator","Catalyst"],"picked":"Storm of Steel","floor":11},{"not_picked":["Calculated Gamble","Setup"],"picked":"Cloak And Dagger","floor":12},{"not_picked":["PiercingWail","Flying Knee"],"picked":"Dagger Spray","floor":14}],"player_experience":1029518,"relics_obtained":[{"floor":9,"key":"Smiling Mask"},{"floor":11,"key":"Juzu Bracelet"}],"event_choices":[{"damage_healed":0,"gold_gain":0,"player_choice":"Box","damage_taken":0,"relics_obtained":["Gremlin Horn"],"max_hp_gain":0,"max_hp_loss":0,"event_name":"Big Fish","floor":3,"gold_loss":0,"cards_obtained":["Regret"]},{"cards_removed":["Regret"],"damage_healed":0,"gold_gain":0,"player_choice":"Card Removal","damage_taken":0,"max_hp_gain":0,"max_hp_loss":0,"event_name":"The Cleric","floor":7,"gold_loss":50},{"cards_removed":["Strike_G"],"damage_healed":0,"gold_gain":0,"player_choice":"Card Removal","damage_taken":7,"max_hp_gain":0,"max_hp_loss":0,"event_name":"Golden Wing","floor":10,"gold_loss":0}],"is_beta":false,"boss_relics":[],"items_purged_floors":[13],"is_endless":false,"potions_floor_spawned":[2,11,14],"killed_by":"The Guardian","ascension_level":14}