{"gold_per_floor":[214,225,225,237,237,237,270,280,280,280,337,46,46,58,58,58],"floor_reached":16,"playtime":456,"items_purged":["Strike_B"],"score":220,"play_id":"0f40ba2c-fc52-42ce-a6bd-f12aee919032","local_time":"20190618220830","is_ascension_mode":true,"campfire_choices":[{"data":"Defragment","floor":6,"key":"SMITH"},{"data":"Melter","floor":10,"key":"SMITH"},{"data":"Darkness","floor":15,"key":"SMITH"}],"neow_cost":"NONE","seed_source_timestamp":478763591223200,"circlet_count":0,"master_deck":["AscendersBane","Strike_B","Strike_B","Defend_B","Defend_B","Defend_B","Defend_B","Zap+1","Dualcast","Defragment+1","Undo","Sweeping Beam","Melter+1","Darkness","Hologram","Darkness+1"],"relics":["Cracked Core","Pear","Molten Egg 2","Tiny Chest","Bag of Preparation"],"potions_floor_usage":[7,11],"damage_taken":[{"damage":3,"enemies":"2 Louse","floor":1,"turns":3},{"damage":1,"enemies":"Cultist","floor":2,"turns":4},{"damage":0,"enemies":"Small Slimes","floor":4,"turns":4},{"damage":28,"enemies":"Gremlin Nob","floor":7,"turns":4},{"damage":0,"enemies":"2 Fungi Beasts","floor":8,"turns":3},{"damage":23,"enemies":"3 Sentries","floor":11,"turns":6},{"damage":16,"enemies":"Lots of Slimes","floor":14,"turns":4},{"damage":12,"enemies":"Slime Boss","floor":16,"turns":7}],"seed_played":"-4641448788961656154","potions_obtained":[{"floor":1,"key":"Fire Potion"},{"floor":4,"key":"Strength Potion"},{"floor":8,"key":"SkillPotion"}],"is_trial":false,"path_per_floor":["M","M","?","M","?","R","E","M","T","R","E","$","?","M","R","B"],"character_chosen":"DEFECT","items_purchased":["Bag of Preparation","Hologram"],"campfire_rested":0,"item_purchase_floors":[12,12],"current_hp_per_floor":[61,60,60,60,65,65,47,47,47,47,24,24,24,8,8,0],"gold":58,"neow_bonus":"HUNDRED_GOLD","is_prod":false,"is_daily":false,"chose_seed":false,"campfire_upgraded":3,"win_rate":0,"timestamp":1560884910,"path_taken":["M","M","?","?","?","R","E","M","T","R","E","$","?","?","R","BOSS"],"build_version":"2019-01-23","purchased_purges":1,"victory":false,"max_hp_per_floor":[71,71,71,71,76,76,86,86,86,86,86,86,86,86,86,86],"card_choices":[{"not_picked":["Go for the Eyes","Self Repair"],"picked":"Defragment","floor":1},{"not_picked":["Barrage","Conserve Battery"],"picked":"Undo","floor":2},{"not_picked":["Stack","Steam","Leap"],"picked":"SKIP","floor":4},{"not_picked":["Storm","Steam"],"picked":"Sweeping Beam","floor":7},{"not_picked":["FTL","Chill"],"picked":"Melter","floor":8},{"not_picked":["Undo","Tempest"],"picked":"Darkness","floor":11},{"not_picked":["Consume","Coolheaded"],"picked":"Darkness","floor":14}],"player_experience":1142088,"relics_obtained":[{"floor":7,"key":"Pear"},{"floor":9,"key":"Molten Egg 2"},{"floor":11,"key":"Tiny Chest"}],"event_choices":[{"cards_removed":["Strike_B"],"damage_healed":0,"gold_gain":0,"player_choice":"Offered Basic","damage_taken":0,"max_hp_gain":0,"max_hp_loss":0,"event_name":"Bonfire Elementals","floor":3,"gold_loss":0},{"damage_healed":0,"gold_gain":0,"player_choice":"Donut","damage_taken":0,"max_hp_gain":5,"max_hp_loss":0,"event_name":"Big Fish","floor":5,"gold_loss":0},{"damage_healed":0,"gold_gain":0,"player_choice":"Upgraded","damage_taken":0,"max_hp_gain":0,"max_hp_loss":0,"event_name":"Upgrade Shrine","floor":13,"gold_loss":0,"cards_upgraded":["Zap"]}],"is_beta":false,"boss_relics":[],"items_purged_floors":[12],"is_endless":false,"potions_floor_spawned":[1,4,8],"killed_by":"Slime Boss","ascension_level":20}