{"gold_per_floor":[118,135,151,171,171,171,230,230,230,245,245,279,279,299,299,299],"floor_reached":16,"playtime":472,"items_purged":[],"score":213,"play_id":"a09a7f47-75d8-493b-a3c9-5562c03e4610","local_time":"20190201195552","is_ascension_mode":true,"campfire_choices":[{"data":"Clothesline","floor":6,"key":"SMITH"},{"floor":8,"key":"REST"},{"data":"Corruption","floor":13,"key":"SMITH"},{"data":"Bash","floor":15,"key":"SMITH"}],"neow_cost":"NONE","seed_source_timestamp":991719281612200,"circlet_count":0,"master_deck":["AscendersBane","Strike_R","Strike_R","Strike_R","Strike_R","Strike_R","Defend_R","Defend_R","Defend_R","Defend_R+1","Bash+1","Carnage+1","Combust","Twin Strike","Clothesline+1","Power Through","Ghostly Armor","Corruption+1","Ghostly Armor"],"relics":["Burning Blood","Tiny Chest","Ornamental Fan"],"potions_floor_usage":[12],"damage_taken":[{"damage":19,"enemies":"Cultist","floor":1,"turns":6},{"damage":7,"enemies":"Jaw Worm","floor":2,"turns":3},{"damage":0,"enemies":"2 Louse","floor":3,"turns":2},{"damage":7,"enemies":"Looter","floor":4,"turns":4},{"damage":29,"enemies":"Lagavulin","floor":7,"turns":6},{"damage":23,"enemies":"Exordium Thugs","floor":10,"turns":5},{"damage":34,"enemies":"Gremlin Nob","floor":12,"turns":4},{"damage":5,"enemies":"Red Slaver","floor":14,"turns":3},{"damage":37,"enemies":"The Guardian","floor":16,"turns":5}],"seed_played":"-5461691419286470966","potions_obtained":[{"floor":1,"key":"BloodPotion"},{"floor":4,"key":"SpeedPotion"},{"floor":10,"key":"Dexterity Potion"},{"floor":12,"key":"SpeedPotion"}],"is_trial":false,"path_per_floor":["M","M","M","M","?","R","E","R","T","M","?","E","R","M","R","B"],"character_chosen":"IRONCLAD","items_purchased":[],"campfire_rested":1,"item_purchase_floors":[],"current_hp_per_floor":[62,61,67,66,41,41,18,42,42,25,52,32,32,33,33,0],"gold":299,"neow_bonus":"TEN_PERCENT_HP_BONUS","is_prod":false,"is_daily":false,"chose_seed":false,"campfire_upgraded":3,"win_rate":0,"timestamp":1549043752,"path_taken":["M","M","M","?","?","R","E","R","T","M","?","E","R","M","R","BOSS"],"build_version":"2019-01-23","purchased_purges":0,"victory":false,"max_hp_per_floor":[82,82,82,82,82,82,82,82,82,82,82,82,82,82,82,82],"card_choices":[{"not_picked":["Perfected Strike","Wild Strike"],"picked":"Carnage","floor":1},{"not_picked":["Clash","Blood for Blood"],"picked":"Combust","floor":2},{"not_picked":["Bloodletting","Body Slam"],"picked":"Twin Strike","floor":3},{"not_picked":["Pummel","Intimidate"],"picked":"Clothesline","floor":4},{"not_picked":["Barricade","Wild Strike"],"picked":"Power Through","floor":7},{"not_picked":["Hemokinesis","Combust"],"picked":"Ghostly Armor","floor":10},{"not_picked":["Clash","Searing Blow"],"picked":"Corruption","floor":12},{"not_picked":["True Grit","Headbutt"],"picked":"Ghostly Armor","floor":14}],"player_experience":861553,"relics_obtained":[{"floor":7,"key":"Tiny Chest"},{"floor":12,"key":"Ornamental Fan"}],"event_choices":[{"damage_healed":0,"gold_gain":0,"player_choice":"Entered Light","damage_taken":25,"max_hp_gain":0,"max_hp_loss":0,"event_name":"Shining Light","floor":5,"gold_loss":0,"cards_upgraded":["Carnage","Defend_R"]},{"damage_healed":27,"gold_gain":0,"player_choice":"Banana","damage_taken":0,"max_hp_gain":0,"max_hp_loss":0,"event_name":"Big Fish","floor":11,"gold_loss":0}],"is_beta":false,"boss_relics":[],"items_purged_floors":[],"is_endless":false,"potions_floor_spawned":[1,4,10,12,14],"killed_by":"The Guardian","ascension_level":18}