{"gold_per_floor":[114,114,128,128,25,25,59,59,85,95,95,112,37,69,69,145,145,161,161,180,23,51,79,79,79,79,79,105,115,115,135,135,135],"floor_reached":33,"playtime":1605,"items_purged":["Strike_G"],"score":632,"play_id":"ebe5b5d6-1497-45fe-854c-5567f96ec1b8","local_time":"20190607013452","is_ascension_mode":true,"campfire_choices":[{"data":"Poisoned Stab","floor":6.0,"key":"SMITH"},{"data":"Deadly Poison","floor":8.0,"key":"SMITH"},{"data":"Predator","floor":11.0,"key":"SMITH"},{"data":"Dash","floor":15.0,"key":"SMITH"},{"data":"Crippling Poison","floor":24.0,"key":"SMITH"},{"floor":27.0,"key":"REST"},{"floor":32,"key":"REST"}],"neow_cost":"NONE","seed_source_timestamp":106443924040600,"circlet_count":0,"master_deck":["AscendersBane","Defend_G","Defend_G+1","Defend_G","Defend_G","Defend_G","Strike_G","Strike_G","Strike_G","Survivor","Neutralize+1","Endless Agony+1","Poisoned Stab+1","Deadly Poison+1","PiercingWail","Predator+1","Dash+1","Die Die Die","Crippling Poison+1","Well Laid Plans","Quick Slash+1","PiercingWail"],"special_seed":0,"relics":["Ring of the Snake","NeowsBlessing","Question Card","Anchor","Centennial Puzzle","HoveringKite","Bronze Scales","Red Mask","Calipers","Whetstone","Mercury Hourglass","Bag of Marbles"],"potions_floor_usage":[],"damage_taken":[{"damage":0.0,"enemies":"Jaw Worm","floor":1.0,"turns":1.0},{"damage":0.0,"enemies":"2 Louse","floor":3.0,"turns":1.0},{"damage":0.0,"enemies":"Lagavulin","floor":7.0,"turns":1.0},{"damage":0.0,"enemies":"Small Slimes","floor":10.0,"turns":2.0},{"damage":0.0,"enemies":"Blue Slaver","floor":12.0,"turns":2.0},{"damage":3.0,"enemies":"Gremlin Nob","floor":14.0,"turns":3.0},{"damage":4.0,"enemies":"The Guardian","floor":16.0,"turns":12.0},{"damage":7.0,"enemies":"3 Byrds","floor":18.0,"turns":3.0},{"damage":8.0,"enemies":"Shell Parasite","floor":20.0,"turns":5.0},{"damage":17.0,"enemies":"Masked Bandits","floor":22.0,"turns":4.0},{"damage":2.0,"enemies":"Book of Stabbing","floor":23.0,"turns":5.0},{"damage":9.0,"enemies":"Slavers","floor":28.0,"turns":4.0},{"damage":0,"enemies":"Sentry and Sphere","floor":29,"turns":3},{"damage":4,"enemies":"Centurion and Healer","floor":31,"turns":5},{"damage":43,"enemies":"Automaton","floor":33,"turns":8}],"seed_played":"4347696416873865412","potions_obtained":[{"floor":10.0,"key":"Weak Potion"},{"floor":12.0,"key":"LiquidBronze"},{"floor":22.0,"key":"Strength Potion"},{"floor":23.0,"key":"EssenceOfSteel"},{"floor":29,"key":"LiquidBronze"}],"is_trial":false,"path_per_floor":["M","?","M","?","$","R","E","R","T","M","R","M","?","E","R","B",null,"M","?","M","$","?","E","R","T","T","R","E","M","?","M","R","B"],"character_chosen":"THE_SILENT","items_purchased":["Deadly Poison","Bronze Scales"],"campfire_rested":2,"item_purchase_floors":[5,21],"current_hp_per_floor":[59,64,64,43,43,43,43,43,43,43,43,43,43,40,40,36,62,55,55,47,47,30,28,28,28,28,49,40,40,20,16,38,0],"gold":135,"neow_bonus":"THREE_ENEMY_KILL","is_prod":false,"is_daily":false,"chose_seed":false,"campfire_upgraded":5,"win_rate":0,"timestamp":1559860492,"path_taken":["M","?","M","?","$","R","E","R","T","?","R","M","?","E","R","BOSS","M","?","M","$","?","E","R","?","T","R","E","M","?","M","R","BOSS"],"build_version":"2019-01-23","purchased_purges":1,"victory":false,"max_hp_per_floor":[66,71,71,71,71,71,71,71,71,71,71,71,71,71,71,71,71,71,71,71,71,71,71,71,71,71,71,71,71,76,76,76,76],"card_choices":[{"not_picked":["Bane","Underhanded Strike"],"picked":"Endless Agony","floor":1.0},{"not_picked":["Deflect","Catalyst"],"picked":"Poisoned Stab","floor":3.0},{"not_picked":["Deadly Poison","Deflect"],"picked":"PiercingWail","floor":7.0},{"not_picked":["Deadly Poison","Quick Slash","Finisher"],"picked":"Predator","floor":10.0},{"not_picked":["Flying Knee","Deflect","Deadly Poison"],"picked":"Dash","floor":12.0},{"not_picked":["Deadly Poison","Flying Knee","Blade Dance","Acrobatics"],"picked":"SKIP","floor":14.0},{"not_picked":["Envenom","Storm of Steel","Glass Knife"],"picked":"Die Die Die","floor":16.0},{"not_picked":["Masterful Stab","Flechettes","Underhanded Strike","Blade Dance"],"picked":"SKIP","floor":18.0},{"not_picked":["Escape Plan","Quick Slash","Sucker Punch"],"picked":"Crippling Poison","floor":20.0},{"not_picked":["Dagger Spray","Underhanded Strike","Riddle With Holes"],"picked":"Well Laid Plans","floor":22.0},{"not_picked":["Deflect","Glass Knife","Bane"],"picked":"Quick Slash","floor":23.0},{"not_picked":["Quick Slash","Deflect","Accuracy","Flying Knee"],"picked":"SKIP","floor":28.0},{"not_picked":["Outmaneuver","Bane+1","Slice","Dodge and Roll"],"picked":"SKIP","floor":29},{"not_picked":["Flying Knee","Skewer","Prepared"],"picked":"PiercingWail","floor":31}],"player_experience":1060153,"relics_obtained":[{"floor":7.0,"key":"Question Card"},{"floor":9.0,"key":"Anchor"},{"floor":14.0,"key":"Centennial Puzzle"},{"floor":22.0,"key":"Red Mask"},{"floor":23.0,"key":"Calipers"},{"floor":25.0,"key":"Whetstone"},{"floor":26.0,"key":"Mercury Hourglass"},{"floor":28.0,"key":"Bag of Marbles"}],"event_choices":[{"damage_healed":0.0,"max_hp_gain":5.0,"max_hp_loss":0.0,"gold_gain":0.0,"event_name":"Big Fish","player_choice":"Donut","floor":2.0,"gold_loss":0.0,"damage_taken":0.0},{"damage_healed":0.0,"max_hp_gain":0.0,"max_hp_loss":0.0,"gold_gain":0.0,"event_name":"Shining Light","player_choice":"Entered Light","floor":4.0,"gold_loss":0.0,"damage_taken":21.0,"cards_upgraded":["Defend_G","Neutralize"]},{"cards_removed":["Strike_G"],"damage_healed":0.0,"max_hp_gain":0.0,"max_hp_loss":0.0,"gold_gain":0.0,"event_name":"The Cleric","player_choice":"Card Removal","floor":13.0,"gold_loss":75.0,"damage_taken":0.0},{"damage_healed":0.0,"max_hp_gain":0.0,"max_hp_loss":0.0,"gold_gain":0.0,"event_name":"The Mausoleum","player_choice":"Ignored","floor":19.0,"gold_loss":0.0,"damage_taken":0.0},{"damage_healed":0.0,"max_hp_gain":0.0,"max_hp_loss":0.0,"gold_gain":0.0,"event_name":"Masked Bandits","player_choice":"Fought Bandits","floor":22.0,"gold_loss":0.0,"damage_taken":0.0},{"damage_healed":0,"gold_gain":0,"player_choice":"Shed Blood","damage_taken":25,"max_hp_gain":5,"max_hp_loss":0,"event_name":"Forgotten Altar","floor":30,"gold_loss":0}],"is_beta":false,"boss_relics":[{"not_picked":["Empty Cage","Lizard Tail"],"picked":"HoveringKite"}],"items_purged_floors":[5],"is_endless":false,"potions_floor_spawned":[10,12,16,22,23,29],"killed_by":"Automaton","ascension_level":20}