{"gold_per_floor":[117,136,136,148,223,223,65,65,65,96,112,92,102,102,102,173,173,185,185,201,201,201,233,233,246,246,246,266,280,280,297,297,297],"floor_reached":33,"playtime":1213,"items_purged":["Strike_G"],"score":519,"play_id":"3561ec9a-639c-4652-ac64-952ef0de4d1f","local_time":"20190121185915","is_ascension_mode":true,"campfire_choices":[{"data":"Bane","floor":6,"key":"SMITH"},{"data":"Noxious Fumes","floor":8,"key":"SMITH"},{"floor":15,"key":"REST"},{"floor":24,"key":"REST"},{"floor":27,"key":"REST"},{"floor":32,"key":"REST"}],"neow_cost":"NONE","seed_source_timestamp":37163719800000,"circlet_count":0,"master_deck":["AscendersBane","Defend_G","Defend_G","Defend_G","Defend_G","Defend_G","Survivor","Neutralize","All Out Attack","Deadly Poison","Bane+1","Noxious Fumes+1","Deadly Poison","PiercingWail","Bullet Time","Flechettes","Bite","Bite","Bite","Bite","Bite","Footwork","PiercingWail","Sucker Punch+1","Acrobatics"],"relics":["Ring of the Snake","Bag of Preparation","The Specimen","Sundial","Philosopher\u0027s Stone","CultistMask","Letter Opener","Pear"],"potions_floor_usage":[18,23,29,31,33],"damage_taken":[{"damage":0,"enemies":"2 Louse","floor":1,"turns":4},{"damage":1,"enemies":"Small Slimes","floor":2,"turns":3},{"damage":0,"enemies":"Cultist","floor":4,"turns":3},{"damage":24,"enemies":"Gremlin Nob","floor":10,"turns":4},{"damage":4,"enemies":"Looter","floor":11,"turns":3},{"damage":4,"enemies":"Blue Slaver","floor":13,"turns":4},{"damage":8,"enemies":"The Guardian","floor":16,"turns":8},{"damage":17,"enemies":"2 Thieves","floor":18,"turns":5},{"damage":2,"enemies":"Chosen","floor":20,"turns":5},{"damage":45,"enemies":"Gremlin Leader","floor":23,"turns":6},{"damage":23,"enemies":"3 Cultists","floor":25,"turns":4},{"damage":4,"enemies":"Snake Plant","floor":28,"turns":4},{"damage":9,"enemies":"Centurion and Healer","floor":29,"turns":6},{"damage":26,"enemies":"Snecko","floor":31,"turns":6},{"damage":34,"enemies":"Automaton","floor":33,"turns":6}],"seed_played":"6755433368562409781","potions_obtained":[{"floor":1,"key":"SteroidPotion"},{"floor":12,"key":"Weak Potion"},{"floor":16,"key":"Ancient Potion"},{"floor":18,"key":"EssenceOfSteel"},{"floor":25,"key":"LiquidBronze"},{"floor":28,"key":"GhostInAJar"},{"floor":29,"key":"PowerPotion"}],"is_trial":false,"path_per_floor":["M","M","?","M","?","R","$","R","T","E","M","?","M","?","R","B",null,"M","?","M","?","?","E","R","M","T","R","M","M","?","M","R","B"],"character_chosen":"THE_SILENT","items_purchased":["Noxious Fumes"],"campfire_rested":4,"item_purchase_floors":[7],"current_hp_per_floor":[59,58,51,51,40,40,40,40,40,16,12,12,8,8,27,19,54,37,50,48,46,46,5,18,3,13,29,33,36,30,10,26,0],"gold":297,"neow_bonus":"RANDOM_COMMON_RELIC","is_prod":false,"is_daily":false,"chose_seed":false,"campfire_upgraded":2,"win_rate":0,"timestamp":1548089955,"path_taken":["M","M","?","M","?","R","$","R","T","E","M","?","?","?","R","BOSS","M","?","M","?","?","E","R","?","T","R","M","M","?","M","R","BOSS"],"build_version":"2019-01-17v2","purchased_purges":1,"victory":false,"max_hp_per_floor":[66,66,66,66,66,66,66,66,66,66,66,66,66,66,66,66,66,66,66,66,46,46,46,46,46,56,56,56,56,56,56,56,56],"card_choices":[{"not_picked":["Endless Agony","Poisoned Stab"],"picked":"All Out Attack","floor":1},{"not_picked":["Dagger Spray","Blade Dance"],"picked":"Deadly Poison","floor":2},{"not_picked":["Dagger Spray","Backflip"],"picked":"Bane","floor":4},{"not_picked":["Prepared","Underhanded Strike"],"picked":"Deadly Poison","floor":10},{"not_picked":["Outmaneuver","Reflex"],"picked":"PiercingWail","floor":11},{"not_picked":["Slice","Distraction","Heel Hook"],"picked":"SKIP","floor":13},{"not_picked":["Venomology","Wraith Form v2"],"picked":"Bullet Time","floor":16},{"not_picked":["Underhanded Strike","Backstab","Cloak And Dagger"],"picked":"SKIP","floor":18},{"not_picked":["Infinite Blades","PiercingWail"],"picked":"Flechettes","floor":20},{"not_picked":["Quick Slash","Infinite Blades+1"],"picked":"Footwork","floor":23},{"not_picked":["Dagger Spray","Dodge and Roll"],"picked":"PiercingWail","floor":25},{"not_picked":["Bane+1","Flying Knee"],"picked":"Sucker Punch+1","floor":28},{"not_picked":["Underhanded Strike+1","Phantasmal Killer"],"picked":"Acrobatics","floor":29},{"not_picked":["Bane","Underhanded Strike+1","Poisoned Stab"],"picked":"SKIP","floor":31}],"player_experience":830209,"relics_obtained":[{"floor":9,"key":"The Specimen"},{"floor":10,"key":"Sundial"},{"floor":23,"key":"Letter Opener"},{"floor":26,"key":"Pear"}],"event_choices":[{"cards_removed":["Strike_G"],"damage_healed":0,"gold_gain":0,"player_choice":"Card Removal","damage_taken":7,"max_hp_gain":0,"max_hp_loss":0,"event_name":"Golden Wing","floor":3,"gold_loss":0},{"damage_healed":0,"gold_gain":75,"player_choice":"Gather Gold","damage_taken":11,"max_hp_gain":0,"max_hp_loss":0,"event_name":"World of Goop","floor":5,"gold_loss":0},{"damage_healed":0,"gold_gain":0,"player_choice":"Bought 1 Potion","damage_taken":0,"max_hp_gain":0,"max_hp_loss":0,"event_name":"The Woman in Blue","floor":12,"gold_loss":0},{"damage_healed":0,"gold_gain":0,"player_choice":"Ignored","damage_taken":0,"max_hp_gain":0,"max_hp_loss":0,"event_name":"Shining Light","floor":14,"gold_loss":0},{"damage_healed":13,"gold_gain":0,"player_choice":"Heal","damage_taken":0,"max_hp_gain":0,"max_hp_loss":0,"event_name":"The Library","floor":19,"gold_loss":0},{"damage_healed":0,"gold_gain":0,"player_choice":"Became a vampire","damage_taken":0,"max_hp_gain":0,"max_hp_loss":20,"event_name":"Vampires","floor":21,"gold_loss":0,"cards_obtained":["Bite","Bite","Bite","Bite","Bite"]},{"damage_healed":0,"gold_gain":0,"player_choice":"Trade","damage_taken":0,"relics_obtained":["CultistMask"],"max_hp_gain":0,"max_hp_loss":0,"event_name":"FaceTrader","floor":22,"gold_loss":0},{"damage_healed":0,"gold_gain":0,"player_choice":"","damage_taken":6,"max_hp_gain":0,"max_hp_loss":0,"event_name":"Knowing Skull","floor":30,"potions_obtained":[],"gold_loss":0,"cards_obtained":[]}],"is_beta":false,"boss_relics":[{"not_picked":["Eternal Feather","Lizard Tail"],"picked":"Philosopher\u0027s Stone"}],"items_purged_floors":[7],"is_endless":false,"potions_floor_spawned":[1,13,16,18,25,28,29],"killed_by":"Automaton","ascension_level":17}