{"gold_per_floor":[112,112,37,37,56,82,82,93,116,126,47,62,79,79,79,176,176,186,186,148,148,129,154,154,154,154,85,105,122,122,140,140,243,243,255,255,255,268,185,185,185],"floor_reached":41,"playtime":2050,"items_purged":["Regret"],"score":486,"play_id":"8e0025d7-87c1-4ee1-b363-d0658366eb7b","local_time":"20181015203736","is_ascension_mode":false,"campfire_choices":[{"data":"Neutralize","floor":7,"key":"SMITH"},{"floor":15,"key":"REST"},{"data":"Accuracy","floor":25,"key":"SMITH"},{"floor":30,"key":"REST"},{"data":"Accuracy","floor":32,"key":"SMITH"},{"data":"Crippling Poison","floor":40,"key":"SMITH"}],"neow_cost":"CURSE","seed_source_timestamp":420341229656995,"circlet_count":0,"master_deck":["Survivor","Neutralize+1","Crippling Poison+1","Infinite Blades","Noxious Fumes","Escape Plan+1","Noxious Fumes","Catalyst+1","Outmaneuver+1","Tools of the Trade","Well Laid Plans","Flying Knee","Bane","Outmaneuver+1","Poisoned Stab","Prepared+1","Flying Knee","Blade Dance+1","Dodge and Roll+1","Prepared+1","Cloak And Dagger+1","Accuracy+1","Ghostly+1","Ghostly+1","Ghostly+1","Ghostly+1","Ghostly+1","Deflect+1","Accuracy+1","Deflect+1","Caltrops","Poisoned Stab+1","Deadly Poison+1","Night Terror+1","Distraction+1","Madness+1","Madness+1","Cloak And Dagger+1"],"relics":["Ring of the Snake","Torii","PreservedInsect","Bag of Preparation","Toxic Egg 2","Dream Catcher","Boot","Pandora\u0027s Box","Snake Skull","Happy Flower","Regal Pillow","Sozu","GremlinMask","Gambling Chip"],"potions_floor_usage":[],"damage_taken":[{"damage":1,"enemies":"Jaw Worm","floor":1,"turns":4},{"damage":1,"enemies":"Small Slimes","floor":5,"turns":4},{"damage":20,"enemies":"Gremlin Nob","floor":6,"turns":5},{"damage":1,"enemies":"2 Louse","floor":8,"turns":4},{"damage":3,"enemies":"Large Slime","floor":10,"turns":8},{"damage":14,"enemies":"Gremlin Gang","floor":12,"turns":4},{"damage":2,"enemies":"Lots of Slimes","floor":13,"turns":3},{"damage":23,"enemies":"The Guardian","floor":16,"turns":10},{"damage":10,"enemies":"3 Byrds","floor":18,"turns":4},{"damage":3,"enemies":"2 Thieves","floor":22,"turns":4},{"damage":5,"enemies":"Book of Stabbing","floor":23,"turns":6},{"damage":12,"enemies":"Sentry and Sphere","floor":28,"turns":6},{"damage":9,"enemies":"3 Cultists","floor":29,"turns":6},{"damage":2,"enemies":"Cultist and Chosen","floor":31,"turns":5},{"damage":1,"enemies":"Champ","floor":33,"turns":7},{"damage":2,"enemies":"Orb Walker","floor":35,"turns":4},{"damage":2,"enemies":"3 Shapes","floor":38,"turns":5},{"damage":27,"enemies":"Giant Head","floor":41,"turns":5}],"seed_played":"5468031769701701784","potions_obtained":[{"floor":1,"key":"AttackPotion"},{"floor":5,"key":"Swift Potion"},{"floor":6,"key":"Weak Potion"},{"floor":13,"key":"Poison Potion"},{"floor":18,"key":"PowerPotion"}],"is_trial":false,"path_per_floor":["M","?","$","?","M","E","R","M","T","M","$","M","M","?","R","B",null,"M","?","$","?","M","E","?","R","T","$","M","M","R","M","R","B",null,"M","?","?","M","?","R"],"character_chosen":"THE_SILENT","items_purchased":["Noxious Fumes","Accuracy","Accuracy"],"campfire_rested":2,"item_purchase_floors":[11,20,27],"current_hp_per_floor":[69,69,69,51,50,30,30,29,29,26,26,12,10,10,31,8,70,60,60,60,35,32,27,27,27,27,27,15,6,31,29,29,28,35,33,33,29,27,27,27,0],"gold":185,"neow_bonus":"ONE_RARE_RELIC","is_prod":false,"is_daily":false,"chose_seed":false,"campfire_upgraded":4,"win_rate":0,"timestamp":1539603456,"path_taken":["M","?","$","?","M","E","R","M","T","?","?","M","?","?","R","BOSS","M","?","$","?","?","E","?","R","T","$","M","M","R","M","R","BOSS","M","?","?","?","?","R","E"],"build_version":"2018-10-11","purchased_purges":1,"victory":false,"max_hp_per_floor":[70,70,70,70,70,70,70,70,70,70,70,70,70,70,70,70,70,70,70,70,35,35,35,35,35,35,35,35,35,35,35,35,35,35,35,35,35,35,35,35,35],"card_choices":[{"not_picked":["Calculated Gamble","Riddle With Holes"],"picked":"Crippling Poison","floor":1},{"not_picked":["Reflex","Deadly Poison"],"picked":"Infinite Blades","floor":5},{"not_picked":["Wraith Form v2","Heel Hook"],"picked":"Noxious Fumes","floor":6},{"not_picked":["Underhanded Strike","Riddle With Holes","Finisher"],"picked":"SKIP","floor":8},{"not_picked":["Flying Knee","Underhanded Strike"],"picked":"Escape Plan+1","floor":10},{"not_picked":["Bouncing Flask+1","Deflect+1"],"picked":"Catalyst+1","floor":12},{"not_picked":["Flying Knee","Underhanded Strike"],"picked":"Outmaneuver+1","floor":13},{"not_picked":["Phantasmal Killer+1","Grand Finale"],"picked":"Tools of the Trade","floor":16},{"not_picked":["Underhanded Strike+1","Sucker Punch+1"],"picked":"Cloak And Dagger+1","floor":18},{"not_picked":["Acrobatics+1","Sucker Punch"],"picked":"Deflect+1","floor":22},{"not_picked":["Masterful Stab","Choke+1","Reflex+1"],"picked":"SKIP","floor":23},{"not_picked":["Slice+1","Poisoned Stab"],"picked":"Deflect+1","floor":28},{"not_picked":["Phantasmal Killer+1","Predator"],"picked":"Caltrops","floor":29},{"not_picked":["Outmaneuver+1","Quick Slash"],"picked":"Poisoned Stab+1","floor":30},{"not_picked":["Acrobatics+1","Backflip+1"],"picked":"Deadly Poison+1","floor":31},{"not_picked":["Die Die Die","Glass Knife"],"picked":"Night Terror+1","floor":33},{"not_picked":["Setup+1","Dagger Spray+1"],"picked":"Distraction+1","floor":35},{"not_picked":["Blade Dance+1","Riddle With Holes"],"picked":"Cloak And Dagger+1","floor":38}],"player_experience":509762,"relics_obtained":[{"floor":6,"key":"Toxic Egg 2"},{"floor":9,"key":"Dream Catcher"},{"floor":23,"key":"Snake Skull"},{"floor":26,"key":"Regal Pillow"}],"event_choices":[{"event_name":"Big Fish","player_choice":"Box","floor":2,"damage_taken":0},{"event_name":"Scrap Ooze","player_choice":"success","floor":4,"damage_taken":18},{"event_name":"Dead Adventurer","player_choice":"Searched \u00272\u0027 times","floor":14,"damage_taken":0},{"event_name":"Back to Basics","player_choice":"Elegance","floor":19,"damage_taken":0},{"event_name":"Ghosts","player_choice":"Became a Ghost","floor":21,"damage_taken":0},{"event_name":"The Mausoleum","player_choice":"Yes","floor":24,"damage_taken":0},{"event_name":"FaceTrader","player_choice":"Trade","floor":36,"damage_taken":0},{"event_name":"Winding Halls","player_choice":"Embrace Madness","floor":37,"damage_taken":0},{"event_name":"WeMeetAgain","player_choice":"Gold","floor":39,"damage_taken":0}],"is_beta":true,"boss_relics":[{"not_picked":["Eternal Feather","Tiny House"],"picked":"Pandora\u0027s Box"},{"not_picked":["White Beast Statue","Runic Pyramid"],"picked":"Sozu"}],"items_purged_floors":[3],"is_endless":false,"potions_floor_spawned":[1,5,6,13,18,28,31],"killed_by":"Giant Head","ascension_level":0}