{"gold_per_floor":[359,377,377,30,180,180,259,272,272,272,283,283,255,274,274,274],"floor_reached":16,"playtime":370,"items_purged":["Regret"],"score":184,"play_id":"bafe1d96-2eda-477c-815d-d9600994ee77","local_time":"20190215155344","is_ascension_mode":true,"campfire_choices":[{"data":"Zap","floor":6,"key":"SMITH"},{"data":"Loop","floor":12,"key":"SMITH"},{"floor":15,"key":"REST"}],"neow_cost":"TEN_PERCENT_HP_LOSS","seed_source_timestamp":174339656510188,"circlet_count":0,"master_deck":["AscendersBane","Strike_B","Strike_B","Strike_B","Strike_B","Defend_B","Defend_B","Defend_B","Defend_B","Zap+1","Dualcast","Loop+1","BootSequence","White Noise","Ball Lightning+1","Creative AI+1"],"relics":["Cracked Core","Frozen Egg 2","Molten Egg 2","Tiny Chest","Bronze Scales"],"potions_floor_usage":[16],"damage_taken":[{"damage":9,"enemies":"Jaw Worm","floor":1,"turns":4},{"damage":9,"enemies":"Small Slimes","floor":2,"turns":3},{"damage":12,"enemies":"Cultist","floor":8,"turns":4},{"damage":12,"enemies":"Large Slime","floor":11,"turns":6},{"damage":12,"enemies":"Exordium Thugs","floor":13,"turns":4},{"damage":0,"enemies":"Blue Slaver","floor":14,"turns":3},{"damage":33,"enemies":"Slime Boss","floor":16,"turns":3}],"seed_played":"3040707893267715643","potions_obtained":[{"floor":1,"key":"LiquidBronze"},{"floor":2,"key":"PowerPotion"}],"is_trial":false,"path_per_floor":["M","M","?","$","?","R","T","M","T","?","M","R","M","M","R","B"],"character_chosen":"DEFECT","items_purchased":["Molten Egg 2"],"campfire_rested":1,"item_purchase_floors":[4],"current_hp_per_floor":[55,46,46,46,46,46,46,34,34,27,15,15,3,3,22,0],"gold":274,"neow_bonus":"TWO_FIFTY_GOLD","is_prod":false,"is_daily":false,"chose_seed":false,"campfire_upgraded":2,"win_rate":0,"timestamp":1550213624,"path_taken":["M","M","?","$","?","R","?","M","T","?","M","R","M","M","R","BOSS"],"build_version":"2019-01-23","purchased_purges":1,"victory":false,"max_hp_per_floor":[64,64,64,64,64,64,64,64,64,64,64,64,64,64,64,64],"card_choices":[{"not_picked":["Turbo","Redo"],"picked":"Loop","floor":1},{"not_picked":["Streamline","Leap"],"picked":"BootSequence","floor":2},{"not_picked":["Redo","Stack","Gash+1"],"picked":"SKIP","floor":8},{"not_picked":["Hologram","Redo"],"picked":"White Noise","floor":11},{"not_picked":["Redo","Beam Cell+1"],"picked":"Ball Lightning+1","floor":13},{"not_picked":["Leap","Fusion"],"picked":"Creative AI+1","floor":14}],"player_experience":914997,"relics_obtained":[{"floor":7,"key":"Tiny Chest"},{"floor":9,"key":"Bronze Scales"}],"event_choices":[{"damage_healed":0,"gold_gain":0,"player_choice":"Box","damage_taken":0,"relics_obtained":["Frozen Egg 2"],"max_hp_gain":0,"max_hp_loss":0,"event_name":"Big Fish","floor":3,"gold_loss":0,"cards_obtained":["Regret"]},{"damage_healed":0,"gold_gain":150,"player_choice":"AGREE","damage_taken":0,"max_hp_gain":0,"max_hp_loss":0,"event_name":"Liars Game","floor":5,"gold_loss":0,"cards_obtained":["Doubt"]},{"cards_removed":["Doubt"],"damage_healed":0,"gold_gain":0,"player_choice":"Card Removal","damage_taken":7,"max_hp_gain":0,"max_hp_loss":0,"event_name":"Golden Wing","floor":10,"gold_loss":0}],"is_beta":false,"boss_relics":[],"items_purged_floors":[4],"is_endless":false,"potions_floor_spawned":[1,2],"killed_by":"Slime Boss","ascension_level":20}