{"gold_per_floor":[118,118,132,149,74,109,109,125,125,125,144,144,144,104,104,232,232,248,248,248,163,175,106,131,230,255,255,284,133,153,170,170,271,271,290,301,301,317,317,317,332,332,332,332,349,362,168,181,181,181],"floor_reached":51,"playtime":2360,"items_purged":["Clothesline"],"score":817,"play_id":"af2a671c-5598-4795-b909-b5c3240d9cab","local_time":"20181206235604","daily_mods":["SealedDeck","Heirloom"],"is_ascension_mode":false,"campfire_choices":[{"data":"Heavy Blade","floor":15,"key":"SMITH"},{"data":"Demon Form","floor":27,"key":"SMITH"},{"data":"Sword Boomerang","floor":32,"key":"SMITH"},{"data":"Armaments","floor":40,"key":"SMITH"},{"data":"Flex","floor":42,"key":"SMITH"},{"data":"Flex","floor":44,"key":"SMITH"},{"data":"Flex","floor":49,"key":"SMITH"}],"neow_cost":"","seed_source_timestamp":0,"circlet_count":0,"master_deck":["Rage","Clothesline","Sword Boomerang+1","Ghostly Armor","Warcry","Warcry","Flex+1","Flex+1","Flex+1","Infernal Blade","Metallicize","Battle Trance","Heavy Blade+1","Warcry","Metallicize","Double Tap","Ghostly","Ghostly","Ghostly","Ghostly","Ghostly","Armaments+1","Metallicize","Demon Form+1","Shrug It Off","Armaments+1","Ghostly Armor+1","Reaper","Warcry+1","Shockwave+1","Heavy Blade+1","Seeing Red+1","Heavy Blade+1"],"relics":["Burning Blood","Magic Flower","Ancient Tea Set","Matryoshka","Incense Burner","Bloody Idol","Philosopher\u0027s Stone","Letter Opener","Gremlin Horn","Frozen Egg 2","Happy Flower","Red Mask","Pen Nib","Sozu","NlothsMask","Toxic Egg 2","HandDrill"],"potions_floor_usage":[50,50,50],"damage_taken":[{"damage":0,"enemies":"2 Louse","floor":1,"turns":2},{"damage":0,"enemies":"Cultist","floor":3,"turns":3},{"damage":10,"enemies":"Small Slimes","floor":4,"turns":4},{"damage":36,"enemies":"3 Sentries","floor":6,"turns":10},{"damage":4,"enemies":"Looter","floor":8,"turns":3},{"damage":0,"enemies":"2 Fungi Beasts","floor":11,"turns":3},{"damage":29,"enemies":"Slime Boss","floor":16,"turns":9},{"damage":6,"enemies":"Chosen","floor":18,"turns":6},{"damage":0,"enemies":"Spheric Guardian","floor":22,"turns":5},{"damage":3,"enemies":"Slavers","floor":24,"turns":5},{"damage":0,"enemies":"Masked Bandits","floor":28,"turns":5},{"damage":0,"enemies":"Snake Plant","floor":30,"turns":6},{"damage":0,"enemies":"Cultist and Chosen","floor":31,"turns":7},{"damage":0,"enemies":"Automaton","floor":33,"turns":7},{"damage":0,"enemies":"3 Shapes","floor":35,"turns":5},{"damage":1,"enemies":"Orb Walker","floor":36,"turns":4},{"damage":0,"enemies":"Transient","floor":38,"turns":5},{"damage":0,"enemies":"Sphere and 2 Shapes","floor":41,"turns":3},{"damage":0,"enemies":"Maw","floor":45,"turns":8},{"damage":12,"enemies":"Jaw Worm Horde","floor":46,"turns":7},{"damage":0,"enemies":"Transient","floor":48,"turns":5},{"damage":18,"enemies":"Awakened One","floor":50,"turns":9}],"seed_played":"850590127077246481","potions_obtained":[{"floor":3,"key":"SkillPotion"},{"floor":8,"key":"AttackPotion"},{"floor":11,"key":"AttackPotion"},{"floor":33,"key":"Regen Potion"}],"is_trial":true,"path_per_floor":["M","?","M","M","$","E","?","M","T","?","M","?","?","$","R","B",null,"M","?","?","?","M","$","E","?","T","R","?","$","M","M","R","B",null,"M","M","?","M","?","R","M","R","T","R","M","M","$","M","R","B",null],"character_chosen":"IRONCLAD","items_purchased":["Metallicize","Metallicize","Pen Nib","HandDrill"],"campfire_rested":0,"item_purchase_floors":[14,23,29,47],"current_hp_per_floor":[80,80,80,79,79,52,78,80,80,73,80,60,60,60,60,40,80,80,80,40,40,40,40,40,40,40,40,40,40,40,40,40,40,40,40,40,40,40,40,40,40,40,40,40,40,40,40,40,40,31],"gold":181,"neow_bonus":"","is_prod":false,"is_daily":false,"chose_seed":false,"campfire_upgraded":7,"win_rate":0,"timestamp":1544108164,"path_taken":["M","?","?","M","?","E","?","M","T","?","M","?","?","$","R","BOSS","M","?","?","?","M","$","E","?","T","R","?","?","M","?","R","BOSS","M","M","?","?","?","R","M","R","T","R","?","M","?","M","R","BOSS"],"build_version":"2018-11-15","purchased_purges":1,"victory":true,"max_hp_per_floor":[80,80,80,80,80,80,80,80,80,80,80,80,80,80,80,80,80,80,80,40,40,40,40,40,40,40,40,40,40,40,40,40,40,40,40,40,40,40,40,40,40,40,40,40,40,40,40,40,40,40],"card_choices":[{"not_picked":["Hemokinesis","Power Through"],"picked":"Flex","floor":1},{"not_picked":["Fire Breathing","Clash"],"picked":"Infernal Blade","floor":3},{"not_picked":["Heavy Blade","Headbutt"],"picked":"Metallicize","floor":4},{"not_picked":["Anger","Sword Boomerang"],"picked":"Battle Trance","floor":6},{"not_picked":["Warcry","Ghostly Armor"],"picked":"Heavy Blade","floor":8},{"not_picked":["Pommel Strike","Sword Boomerang"],"picked":"Warcry","floor":11},{"not_picked":["Reaper","Brutality"],"picked":"Double Tap","floor":16},{"not_picked":["Thunderclap","Havoc","Warcry"],"picked":"SKIP","floor":18},{"not_picked":["Sword Boomerang+1","Ghostly Armor"],"picked":"Armaments","floor":22},{"not_picked":["Clothesline+1","Infernal Blade+1"],"picked":"Demon Form","floor":24},{"not_picked":["Clash+1","Searing Blow"],"picked":"Shrug It Off","floor":28},{"not_picked":["Cleave","Heavy Blade"],"picked":"Armaments+1","floor":30},{"not_picked":["Feel No Pain+1","Perfected Strike"],"picked":"Ghostly Armor+1","floor":31},{"not_picked":["Bludgeon","Immolate"],"picked":"Reaper","floor":33},{"not_picked":["Havoc","Flame Barrier"],"picked":"Warcry+1","floor":35},{"not_picked":["Reckless Charge+1","True Grit+1"],"picked":"Shockwave+1","floor":36},{"not_picked":["Clash","Cleave+1","Heavy Blade"],"picked":"SKIP","floor":38},{"not_picked":["Infernal Blade+1","Anger+1"],"picked":"Heavy Blade+1","floor":41},{"not_picked":["Wild Strike","Combust+1"],"picked":"Seeing Red+1","floor":45},{"not_picked":["Fire Breathing+1","Dual Wield+1"],"picked":"Heavy Blade+1","floor":46},{"not_picked":["Headbutt+1","Body Slam+1","Clothesline+1"],"picked":"SKIP","floor":48}],"player_experience":606506,"relics_obtained":[{"floor":6,"key":"Ancient Tea Set"},{"floor":9,"key":"Matryoshka"},{"floor":24,"key":"Gremlin Horn"},{"floor":26,"key":"Frozen Egg 2"},{"floor":26,"key":"Happy Flower"},{"floor":28,"key":"Red Mask"},{"floor":43,"key":"Toxic Egg 2"}],"event_choices":[{"damage_healed":0,"gold_gain":0,"player_choice":"Bought 0 Potions","damage_taken":0,"max_hp_gain":0,"max_hp_loss":0,"event_name":"The Woman in Blue","floor":2,"gold_loss":0},{"damage_healed":26,"gold_gain":0,"player_choice":"Banana","damage_taken":0,"max_hp_gain":0,"max_hp_loss":0,"event_name":"Big Fish","floor":7,"gold_loss":0},{"damage_healed":0,"gold_gain":0,"player_choice":"Success","damage_taken":7,"relics_obtained":["Incense Burner"],"max_hp_gain":0,"max_hp_loss":0,"event_name":"Scrap Ooze","floor":10,"gold_loss":0},{"damage_healed":0,"gold_gain":0,"player_choice":"Take Damage","damage_taken":20,"relics_obtained":["Golden Idol"],"max_hp_gain":0,"max_hp_loss":0,"event_name":"Golden Idol","floor":12,"gold_loss":0},{"damage_healed":0,"gold_gain":0,"player_choice":"Leave","damage_taken":0,"max_hp_gain":0,"max_hp_loss":0,"event_name":"The Cleric","floor":13,"gold_loss":0},{"damage_healed":0,"gold_gain":0,"player_choice":"Gave Idol","damage_taken":0,"relics_obtained":["Bloody Idol"],"max_hp_gain":0,"max_hp_loss":0,"event_name":"Forgotten Altar","floor":19,"relics_lost":["Golden Idol"],"gold_loss":0},{"damage_healed":0,"gold_gain":0,"player_choice":"Became a Ghost","damage_taken":0,"max_hp_gain":0,"max_hp_loss":40,"event_name":"Ghosts","floor":20,"gold_loss":0,"cards_obtained":["Ghostly","Ghostly","Ghostly","Ghostly","Ghostly"]},{"damage_healed":0,"gold_gain":0,"player_choice":"Obtained Relic","damage_taken":0,"relics_obtained":["Letter Opener"],"max_hp_gain":0,"max_hp_loss":0,"event_name":"Addict","floor":21,"gold_loss":85},{"damage_healed":0,"gold_gain":99,"player_choice":"Stole From Cult","damage_taken":0,"max_hp_gain":0,"max_hp_loss":0,"event_name":"Nest","floor":25,"gold_loss":0},{"damage_healed":0,"gold_gain":0,"player_choice":"Fought Bandits","damage_taken":0,"max_hp_gain":0,"max_hp_loss":0,"event_name":"Masked Bandits","floor":28,"gold_loss":0},{"cards_removed":["Flex"],"damage_healed":0,"gold_gain":0,"player_choice":"Purged","damage_taken":0,"max_hp_gain":0,"max_hp_loss":0,"event_name":"Purifier","floor":37,"gold_loss":0},{"damage_healed":0,"gold_gain":0,"player_choice":"Trade","damage_taken":0,"relics_obtained":["NlothsMask"],"max_hp_gain":0,"max_hp_loss":0,"event_name":"FaceTrader","floor":39,"gold_loss":0}],"is_beta":false,"boss_relics":[{"not_picked":["Calling Bell","Black Star"],"picked":"Philosopher\u0027s Stone"},{"not_picked":["Cursed Key","Runic Dome"],"picked":"Sozu"}],"items_purged_floors":[5],"is_endless":false,"potions_floor_spawned":[3,8,11,22,30,31,33,36,38,41],"ascension_level":0}