{"gold_per_floor":[116,291,241,126,136,170,170,182,254,16,16,33,33,43,43,43],"floor_reached":16,"playtime":1326,"items_purged":["Strike_G"],"score":150,"play_id":"187fd98c-474f-4693-a6fb-c57f2a5f4068","local_time":"20190212122001","is_ascension_mode":true,"campfire_choices":[{"data":"Footwork","floor":7,"key":"SMITH"},{"data":"Panacea","floor":11,"key":"SMITH"},{"data":"Neutralize","floor":15,"key":"SMITH"}],"neow_cost":"NONE","seed_source_timestamp":133507507076320,"circlet_count":0,"master_deck":["AscendersBane","Defend_G","Defend_G","Defend_G","Defend_G","Defend_G","Strike_G","Strike_G","Strike_G","Strike_G","Survivor","Neutralize+1","Cloak And Dagger","Footwork+1","Distraction","Adrenaline","PiercingWail","Parasite","Panacea+1","Escape Plan","Dash"],"relics":["Cursed Key","Regal Pillow","Meat on the Bone","Membership Card","Unceasing Top"],"potions_floor_usage":[6],"damage_taken":[{"damage":7,"enemies":"Small Slimes","floor":1,"turns":6},{"damage":0,"enemies":"Jaw Worm","floor":5,"turns":6},{"damage":12,"enemies":"Lagavulin","floor":6,"turns":14},{"damage":0,"enemies":"2 Louse","floor":8,"turns":2},{"damage":12,"enemies":"Gremlin Gang","floor":12,"turns":8},{"damage":1,"enemies":"2 Fungi Beasts","floor":14,"turns":5},{"damage":45,"enemies":"Hexaghost","floor":16,"turns":12}],"seed_played":"8804227378923849049","potions_obtained":[{"floor":5,"key":"Fire Potion"},{"floor":8,"key":"FairyPotion"},{"floor":12,"key":"SpeedPotion"}],"is_trial":false,"path_per_floor":["M","?","?","$","M","E","R","M","T","$","R","M","?","M","R","B"],"character_chosen":"THE_SILENT","items_purchased":["Footwork","Membership Card","Panacea"],"campfire_rested":0,"item_purchase_floors":[4,10,10],"current_hp_per_floor":[56,56,56,56,56,44,44,44,44,44,44,44,44,43,43,0],"gold":43,"neow_bonus":"BOSS_RELIC","is_prod":false,"is_daily":false,"chose_seed":false,"campfire_upgraded":3,"win_rate":0,"timestamp":1549941601,"path_taken":["M","?","?","$","M","E","R","M","T","$","R","M","?","?","R","BOSS"],"build_version":"2019-01-23","purchased_purges":1,"victory":false,"max_hp_per_floor":[70,70,70,70,70,70,70,70,70,70,70,70,70,70,70,70],"card_choices":[{"not_picked":["PiercingWail","Bouncing Flask"],"picked":"Cloak And Dagger","floor":1},{"not_picked":["Blade Dance","Poisoned Stab"],"picked":"Distraction","floor":5},{"not_picked":["Calculated Gamble","Quick Slash"],"picked":"Adrenaline","floor":6},{"not_picked":["Masterful Stab","Sucker Punch"],"picked":"PiercingWail","floor":8},{"not_picked":["Backstab","Flying Knee"],"picked":"Escape Plan","floor":12},{"not_picked":["Endless Agony","Flying Knee"],"picked":"Dash","floor":14}],"player_experience":907318,"relics_obtained":[{"floor":6,"key":"Regal Pillow"},{"floor":9,"key":"Meat on the Bone"}],"event_choices":[{"damage_healed":0,"gold_gain":175,"player_choice":"AGREE","damage_taken":0,"max_hp_gain":0,"max_hp_loss":0,"event_name":"Liars Game","floor":2,"gold_loss":0,"cards_obtained":["Doubt"]},{"cards_removed":["Doubt"],"damage_healed":0,"gold_gain":0,"player_choice":"Card Removal","damage_taken":0,"max_hp_gain":0,"max_hp_loss":0,"event_name":"The Cleric","floor":3,"gold_loss":50},{"damage_healed":0,"gold_gain":0,"player_choice":"Gave Potion","damage_taken":0,"relics_obtained":["Unceasing Top"],"max_hp_gain":0,"max_hp_loss":0,"event_name":"WeMeetAgain","floor":13,"gold_loss":0}],"is_beta":false,"boss_relics":[],"items_purged_floors":[4],"is_endless":false,"potions_floor_spawned":[5,8,12],"killed_by":"Hexaghost","ascension_level":10}