{"gold_per_floor":[116,116,135,310,322,322,348,348,402,402,416,98,123,151,151,248,248,267,277,277,287,287,287,313,345,345,362,362,381,394,208,208,208],"floor_reached":33,"playtime":2130,"items_purged":["Doubt","Writhe"],"score":303,"play_id":"cf7eb813-f037-4fef-b998-6e95a9cb04a0","local_time":"20190402212509","is_ascension_mode":true,"campfire_choices":[{"data":"Zap","floor":6,"key":"SMITH"},{"floor":8,"key":"REST"},{"data":"Dualcast","floor":10,"key":"SMITH"},{"floor":15,"key":"REST"},{"floor":23,"key":"REST"},{"floor":28,"key":"REST"},{"floor":32,"key":"REST"}],"neow_cost":"CURSE","seed_source_timestamp":249048582586499,"circlet_count":0,"master_deck":["Strike_B","Strike_B","Strike_B","Strike_B","Defend_B","Defend_B","Defend_B","Defend_B","Zap+1","Dualcast+1","Panache","Flash of Steel","Writhe","Hologram","Force Field","Sunder","Loop","Streamline","Steam+1","Machine Learning","Turbo+1","Reprogram+1","Flash of Steel","Hologram+1","Self Repair","Stack+1","Enlightenment+1"],"relics":["Cracked Core","Bag of Marbles","Shuriken","Potion Belt","Bottled Tornado","Bronze Scales","Toxic Egg 2","Philosopher\u0027s Stone","Pen Nib","PreservedInsect","Mango","Ornamental Fan"],"potions_floor_usage":[7,14,14,14,16,18,21,21,27,33],"damage_taken":[{"damage":0,"enemies":"Cultist","floor":1,"turns":3},{"damage":7,"enemies":"Jaw Worm","floor":3,"turns":2},{"damage":5,"enemies":"2 Louse","floor":5,"turns":3},{"damage":30,"enemies":"Gremlin Nob","floor":7,"turns":4},{"damage":18,"enemies":"Gremlin Gang","floor":11,"turns":3},{"damage":11,"enemies":"Lagavulin","floor":14,"turns":6},{"damage":19,"enemies":"Hexaghost","floor":16,"turns":9},{"damage":0,"enemies":"Spheric Guardian","floor":18,"turns":3},{"damage":6,"enemies":"Shell Parasite","floor":19,"turns":2},{"damage":29,"enemies":"Centurion and Healer","floor":21,"turns":3},{"damage":47,"enemies":"Gremlin Leader","floor":25,"turns":4},{"damage":11,"enemies":"3 Cultists","floor":27,"turns":4},{"damage":0,"enemies":"Snecko","floor":29,"turns":4},{"damage":27,"enemies":"Cultist and Chosen","floor":30,"turns":6},{"damage":65,"enemies":"Automaton","floor":33,"turns":6}],"seed_played":"4747221507157655459","potions_obtained":[{"floor":3,"key":"SteroidPotion"},{"floor":11,"key":"EntropicBrew"},{"floor":16,"key":"FearPotion"},{"floor":19,"key":"Energy Potion"},{"floor":25,"key":"LiquidBronze"}],"is_trial":false,"path_per_floor":["M","T","M","?","M","R","E","R","T","R","M","$","T","E","R","B",null,"M","M","?","M","?","R","T","E","T","M","R","M","M","$","R","B"],"character_chosen":"DEFECT","items_purchased":["Bottled Tornado","Enlightenment+1"],"campfire_rested":5,"item_purchase_floors":[12,31],"current_hp_per_floor":[75,75,68,68,63,63,33,55,55,55,37,37,37,26,48,29,75,75,69,55,26,26,48,48,15,15,11,37,37,17,17,43,0],"gold":208,"neow_bonus":"RANDOM_COLORLESS_2","is_prod":false,"is_daily":false,"chose_seed":false,"campfire_upgraded":2,"win_rate":0,"timestamp":1554236709,"path_taken":["M","?","M","?","M","R","E","R","T","R","M","$","?","E","R","BOSS","M","M","?","?","?","R","?","E","T","M","R","M","M","$","R","BOSS"],"build_version":"2019-01-23","purchased_purges":2,"victory":false,"max_hp_per_floor":[75,75,75,75,75,75,75,75,75,75,75,75,75,75,75,75,75,75,75,75,75,75,75,75,89,89,89,89,89,89,89,89,89],"card_choices":[{"not_picked":["Steam","Rip and Tear"],"picked":"Hologram","floor":1},{"not_picked":["Doom and Gloom","Chaos"],"picked":"Force Field","floor":3},{"not_picked":["Aggregate","Beam Cell"],"picked":"Sunder","floor":5},{"not_picked":["Cold Snap","Fission"],"picked":"Loop","floor":7},{"not_picked":["Hello World","Conserve Battery"],"picked":"Streamline","floor":11},{"not_picked":["Chaos","Stack"],"picked":"Steam","floor":14},{"not_picked":["Creative AI","Fission+1"],"picked":"Machine Learning","floor":16},{"not_picked":["Heatsinks","Steam Power+1"],"picked":"Turbo+1","floor":18},{"not_picked":["Chaos+1","Steam+1"],"picked":"Reprogram+1","floor":19},{"not_picked":["Recycle+1","Coolheaded+1"],"picked":"Hologram+1","floor":21},{"not_picked":["Redo+1","Beam Cell"],"picked":"Self Repair","floor":25},{"not_picked":["Fission+1","Gash+1"],"picked":"Stack+1","floor":27},{"not_picked":["Go for the Eyes","Turbo+1","Blizzard"],"picked":"SKIP","floor":29},{"not_picked":["Defragment","Aggregate+1","Streamline+1"],"picked":"SKIP","floor":30}],"player_experience":217703,"relics_obtained":[{"floor":2,"key":"Bag of Marbles"},{"floor":7,"key":"Shuriken"},{"floor":9,"key":"Potion Belt"},{"floor":13,"key":"Bronze Scales"},{"floor":14,"key":"Toxic Egg 2"},{"floor":24,"key":"PreservedInsect"},{"floor":25,"key":"Mango"},{"floor":26,"key":"Ornamental Fan"}],"event_choices":[{"damage_healed":0,"gold_gain":175,"player_choice":"AGREE","damage_taken":0,"max_hp_gain":0,"max_hp_loss":0,"event_name":"Liars Game","floor":4,"gold_loss":0,"cards_obtained":["Doubt"]},{"damage_healed":0,"gold_gain":0,"player_choice":"CARD ","damage_taken":14,"max_hp_gain":0,"max_hp_loss":0,"event_name":"Knowing Skull","floor":20,"potions_obtained":[],"gold_loss":0,"cards_obtained":["Flash of Steel"]},{"damage_healed":0,"gold_gain":0,"player_choice":"Opened","damage_taken":0,"relics_obtained":["Pen Nib"],"max_hp_gain":0,"max_hp_loss":0,"event_name":"The Mausoleum","floor":22,"gold_loss":0,"cards_obtained":["Writhe"]}],"is_beta":false,"boss_relics":[{"not_picked":["Eternal Feather","FrozenCore"],"picked":"Philosopher\u0027s Stone"}],"items_purged_floors":[12,31],"is_endless":false,"potions_floor_spawned":[3,11,16,19,25],"killed_by":"Automaton","ascension_level":2}