{"gold_per_floor":[109,109,126,51,69,69,69,69,69,69,69,88,101,119,119,119],"floor_reached":16,"playtime":394,"items_purged":[],"score":170,"play_id":"d27d15db-1267-4a03-ad81-9b3bc9a60655","local_time":"20190102214942","is_ascension_mode":true,"campfire_choices":[{"data":"Zap","floor":6,"key":"SMITH"},{"data":"Dualcast","floor":8,"key":"SMITH"},{"data":"Self Repair","floor":11,"key":"SMITH"},{"data":"Fission","floor":15,"key":"SMITH"}],"neow_cost":"NONE","seed_source_timestamp":1399820295710867,"circlet_count":0,"master_deck":["AscendersBane","Strike_B","Strike_B","Strike_B","Defend_B","Defend_B","Defend_B","Defend_B","Zap+1","Dualcast+1","Cold Snap","Self Repair+1","Fission+1"],"relics":["Cracked Core","NeowsBlessing","Unceasing Top"],"potions_floor_usage":[],"damage_taken":[{"damage":0,"enemies":"Jaw Worm","floor":1,"turns":1},{"damage":0,"enemies":"Cultist","floor":3,"turns":1},{"damage":0,"enemies":"Small Slimes","floor":5,"turns":1},{"damage":2,"enemies":"Exordium Wildlife","floor":12,"turns":4},{"damage":36,"enemies":"Gremlin Gang","floor":13,"turns":5},{"damage":12,"enemies":"Exordium Thugs","floor":14,"turns":4},{"damage":46,"enemies":"Hexaghost","floor":16,"turns":9}],"seed_played":"2967547191734245010","potions_obtained":[{"floor":5,"key":"Energy Potion"},{"floor":12,"key":"Energy Potion"}],"is_trial":false,"path_per_floor":["M","?","M","$","M","R","$","R","T","?","R","M","M","M","R","B"],"character_chosen":"DEFECT","items_purchased":["Self Repair"],"campfire_rested":0,"item_purchase_floors":[4],"current_hp_per_floor":[64,64,64,64,71,71,71,71,71,71,71,71,45,43,43,0],"gold":119,"neow_bonus":"THREE_ENEMY_KILL","is_prod":false,"is_daily":false,"chose_seed":false,"campfire_upgraded":4,"win_rate":0,"timestamp":1546433382,"path_taken":["M","?","M","?","M","R","$","R","T","?","R","M","M","?","R","BOSS"],"build_version":"2018-12-20","purchased_purges":0,"victory":false,"max_hp_per_floor":[71,71,71,71,71,71,71,71,71,71,71,71,71,71,71,71],"card_choices":[{"not_picked":["Redo","Recycle","Streamline"],"picked":"SKIP","floor":1},{"not_picked":["Sweeping Beam","Leap"],"picked":"Cold Snap","floor":3},{"not_picked":["Darkness","Go for the Eyes","Rebound"],"picked":"SKIP","floor":5},{"not_picked":["Sweeping Beam","Leap"],"picked":"Fission","floor":12},{"not_picked":["Skim","Compile Driver","Rebound"],"picked":"SKIP","floor":13},{"not_picked":["Redo","Gash","Doom and Gloom"],"picked":"SKIP","floor":14}],"player_experience":718016,"relics_obtained":[{"floor":9,"key":"Unceasing Top"}],"event_choices":[{"cards_removed":["Strike_B"],"damage_healed":0,"gold_gain":0,"player_choice":"Card Removal","damage_taken":0,"max_hp_gain":0,"max_hp_loss":0,"event_name":"Wheel of Change","floor":2,"gold_loss":0},{"damage_healed":0,"gold_gain":0,"player_choice":"Leave","damage_taken":0,"max_hp_gain":0,"max_hp_loss":0,"event_name":"The Cleric","floor":10,"gold_loss":0}],"is_beta":false,"boss_relics":[],"items_purged_floors":[],"is_endless":false,"potions_floor_spawned":[5,12],"killed_by":"Hexaghost","ascension_level":17}