{"gold_per_floor":[364,381,381,381,224,224,267,267,344,368,384,408,408,408,408,537,537,556,574,592,507,507,507,528,528,528,528,478,492,492,513,513,634,634,659,992,992,1011,393,393,424,424,424,424,1,1,25,43,43,43],"floor_reached":51,"playtime":1712,"items_purged":["Strike_B","Strike_B","Defend_B"],"score":723,"play_id":"e1514800-52e2-48ee-9cee-d284ae109004","local_time":"20190613025439","is_ascension_mode":false,"campfire_choices":[{"data":"Zap","floor":6,"key":"SMITH"},{"data":"Dualcast","floor":8,"key":"SMITH"},{"data":"Defragment","floor":13,"key":"SMITH"},{"data":"Scrape","floor":15,"key":"SMITH"},{"data":"Rainbow","floor":23,"key":"SMITH"},{"data":"Reinforced Body","floor":25,"key":"SMITH"},{"data":"Go for the Eyes","floor":27,"key":"SMITH"},{"data":"Capacitor","floor":30,"key":"SMITH"},{"data":"Electrodynamics","floor":32,"key":"SMITH"},{"data":"Defragment","floor":40,"key":"SMITH"},{"data":"Biased Cognition","floor":42,"key":"SMITH"},{"data":"Capacitor","floor":44,"key":"SMITH"},{"data":"Storm","floor":49,"key":"SMITH"}],"neow_cost":"PERCENT_DAMAGE","seed_source_timestamp":1107994981955668,"circlet_count":0,"master_deck":["Defend_B","Defend_B+1","Zap+1","Dualcast+1","Reinforced Body+1","Go for the Eyes+1","Leap","Capacitor+1","Scrape+1","Defragment+1","Beam Cell","Steam","Rainbow+1","Go for the Eyes","Storm+1","Gash","Electrodynamics+1","Gash+1","Seek+1","Conserve Battery+1","Biased Cognition+1","Defragment+1","All For One","Capacitor+1","Storm+1","Mayhem"],"relics":["FrozenCore","Blood Vial","Mercury Hourglass","Empty Cage","Potion Belt","Singing Bowl","Membership Card","War Paint","WingedGreaves","Shuriken","Symbiotic Virus","Chemical X","Turnip","Anchor","Regal Pillow"],"potions_floor_usage":[33,41,41,50],"damage_taken":[{"damage":0,"enemies":"2 Louse","floor":1,"turns":2},{"damage":1,"enemies":"Jaw Worm","floor":2,"turns":3},{"damage":17,"enemies":"3 Sentries","floor":7,"turns":10},{"damage":1,"enemies":"Cultist","floor":10,"turns":3},{"damage":0,"enemies":"2 Fungi Beasts","floor":11,"turns":3},{"damage":0,"enemies":"Large Slime","floor":12,"turns":3},{"damage":33,"enemies":"The Guardian","floor":16,"turns":12},{"damage":6,"enemies":"Shell Parasite","floor":18,"turns":4},{"damage":0,"enemies":"Spheric Guardian","floor":19,"turns":3},{"damage":2,"enemies":"Snake Plant","floor":20,"turns":5},{"damage":1,"enemies":"Cultist and Chosen","floor":24,"turns":5},{"damage":9,"enemies":"Sentry and Sphere","floor":29,"turns":4},{"damage":6,"enemies":"Snake Plant","floor":31,"turns":4},{"damage":51,"enemies":"Collector","floor":33,"turns":8},{"damage":0,"enemies":"3 Darklings","floor":35,"turns":4},{"damage":3,"enemies":"Orb Walker","floor":38,"turns":4},{"damage":0,"enemies":"Reptomancer","floor":41,"turns":3},{"damage":0,"enemies":"4 Shapes","floor":48,"turns":3},{"damage":54,"enemies":"Time Eater","floor":50,"turns":8}],"seed_played":"7632733300905362078","potions_obtained":[{"floor":2,"key":"Ancient Potion"},{"floor":10,"key":"PowerPotion"},{"floor":18,"key":"SmokeBomb"},{"floor":29,"key":"GamblersBrew"},{"floor":33,"key":"AttackPotion"},{"floor":38,"key":"Swift Potion"}],"is_trial":false,"path_per_floor":["M","M","?","?","$","R","E","R","T","M","M","M","R","?","R","B",null,"M","M","M","?","?","R","M","R","T","R","?","M","R","M","R","B",null,"M","?","?","M","$","R","E","R","T","R","$","?","T","M","R","B",null],"character_chosen":"DEFECT","items_purchased":["Capacitor","Defragment","All For One","Membership Card","War Paint","WingedGreaves","Chemical X","Turnip","Anchor","Storm"],"campfire_rested":0,"item_purchase_floors":[5,39,39,39,39,39,45,45,45,45],"current_hp_per_floor":[54,53,35,35,35,35,18,18,18,19,21,23,23,75,75,42,75,69,71,71,71,71,71,72,72,72,72,72,65,65,61,61,12,75,75,75,75,72,72,72,74,74,74,74,74,74,74,77,77,23],"gold":43,"neow_bonus":"TWO_FIFTY_GOLD","is_prod":false,"is_daily":false,"chose_seed":false,"campfire_upgraded":13,"win_rate":0,"timestamp":1560362079,"path_taken":["M","M","?","?","$","R","E","R","T","M","M","M","R","?","R","BOSS","M","M","?","?","?","R","M","R","T","R","?","M","R","M","R","BOSS","M","?","?","M","$","R","E","R","T","R","$","?","?","?","R","BOSS"],"build_version":"2019-01-23","purchased_purges":3,"victory":true,"max_hp_per_floor":[75,75,75,75,75,75,75,75,75,75,75,75,75,75,75,75,75,75,75,75,75,75,75,75,75,75,75,75,75,75,75,75,75,75,75,75,75,75,75,75,75,75,75,75,75,75,75,77,77,77],"card_choices":[{"not_picked":["Beam Cell","Sweeping Beam"],"picked":"Reinforced Body","floor":1},{"not_picked":["Barrage","Rebound"],"picked":"Go for the Eyes","floor":2},{"not_picked":["Stack","Turbo"],"picked":"Scrape","floor":7},{"not_picked":["Blizzard","Steam"],"picked":"Defragment","floor":10},{"not_picked":["Hologram","Fusion"],"picked":"Beam Cell","floor":11},{"not_picked":["Rebound","Hologram"],"picked":"Steam","floor":12},{"not_picked":["Hyperbeam","Amplify"],"picked":"Rainbow","floor":16},{"not_picked":["Barrage","Double Energy+1"],"picked":"Go for the Eyes","floor":18},{"not_picked":["Aggregate+1","Doom and Gloom"],"picked":"Storm+1","floor":19},{"not_picked":["Compile Driver","Sweeping Beam"],"picked":"Cold Snap+1","floor":20},{"not_picked":["Cold Snap","Hologram"],"picked":"Gash","floor":24},{"not_picked":["Doom and Gloom","Double Energy+1"],"picked":"Electrodynamics","floor":29},{"not_picked":["Steam Power","Sweeping Beam+1"],"picked":"Gash+1","floor":31},{"not_picked":["Rainbow","Hyperbeam"],"picked":"Seek","floor":33},{"not_picked":["Compile Driver","Stack+1"],"picked":"Conserve Battery+1","floor":35},{"not_picked":["Chaos","Steam+1"],"picked":"Biased Cognition","floor":38},{"not_picked":["Sweeping Beam","Hologram"],"picked":"Capacitor","floor":41},{"not_picked":["Sadistic Nature","PanicButton"],"picked":"Mayhem","floor":46},{"not_picked":["Streamline+1","Coolheaded","Conserve Battery+1"],"picked":"Singing Bowl","floor":48}],"player_experience":1047899,"relics_obtained":[{"floor":7,"key":"Blood Vial"},{"floor":9,"key":"Mercury Hourglass"},{"floor":26,"key":"Singing Bowl"},{"floor":41,"key":"Shuriken"},{"floor":43,"key":"Symbiotic Virus"},{"floor":47,"key":"Regal Pillow"}],"event_choices":[{"damage_healed":0,"gold_gain":0,"player_choice":"Take Damage","damage_taken":18,"relics_obtained":["Golden Idol"],"max_hp_gain":0,"max_hp_loss":0,"event_name":"Golden Idol","floor":3,"gold_loss":0},{"damage_healed":0,"gold_gain":0,"cards_transformed":["Strike_B"],"player_choice":"Change","damage_taken":0,"max_hp_gain":0,"max_hp_loss":0,"event_name":"Living Wall","floor":4,"gold_loss":0,"cards_obtained":["Leap"]},{"damage_healed":52,"gold_gain":0,"player_choice":"Full Heal","damage_taken":0,"max_hp_gain":0,"max_hp_loss":0,"event_name":"Wheel of Change","floor":14,"gold_loss":0},{"damage_healed":0,"gold_gain":0,"player_choice":"Obtained Relic","damage_taken":0,"relics_obtained":["Potion Belt"],"max_hp_gain":0,"max_hp_loss":0,"event_name":"Addict","floor":21,"gold_loss":85},{"damage_healed":0,"gold_gain":0,"player_choice":"Ignored","damage_taken":0,"max_hp_gain":0,"max_hp_loss":0,"event_name":"Vampires","floor":22,"gold_loss":0},{"damage_healed":0,"gold_gain":0,"player_choice":"Bet on Murderer","damage_taken":0,"max_hp_gain":0,"max_hp_loss":0,"event_name":"The Joust","floor":28,"gold_loss":50},{"damage_healed":0,"gold_gain":333,"player_choice":"Gave Idol","damage_taken":0,"max_hp_gain":0,"max_hp_loss":0,"event_name":"The Moai Head","floor":36,"relics_lost":["Golden Idol"],"gold_loss":0},{"cards_removed":["Cold Snap"],"damage_healed":0,"gold_gain":0,"player_choice":"Removed Attack","damage_taken":0,"max_hp_gain":0,"max_hp_loss":0,"event_name":"Falling","floor":37,"gold_loss":0},{"damage_healed":0,"gold_gain":0,"player_choice":"Memory 1","damage_taken":0,"max_hp_gain":0,"max_hp_loss":0,"event_name":"SensoryStone","floor":46,"gold_loss":0}],"is_beta":false,"boss_relics":[{"not_picked":["Eternal Feather","Snecko Eye"],"picked":"Empty Cage"},{"not_picked":["Cursed Key","Philosopher\u0027s Stone"],"picked":"FrozenCore"}],"items_purged_floors":[5,39,45],"is_endless":false,"potions_floor_spawned":[2,10,18,20,29,33,38],"ascension_level":0}