{"gold_per_floor":[365,365,158,308,322,333,333,347,347,365,365,323,323],"floor_reached":13,"playtime":438,"items_purged":["Decay"],"score":139,"play_id":"3cd7d3e1-ff1c-4afb-a5ca-bcfb795c76b3","local_time":"20190109182643","is_ascension_mode":true,"campfire_choices":[{"data":"Zap","floor":7,"key":"SMITH"},{"data":"Loop","floor":11,"key":"SMITH"}],"neow_cost":"CURSE","seed_source_timestamp":1992395150884386,"circlet_count":0,"master_deck":["AscendersBane","Strike_B","Strike_B","Strike_B+1","Strike_B+1","Defend_B","Defend_B","Defend_B","Defend_B","Zap+1","Dualcast","Auto Shields","Loop+1","Coolheaded","Doubt","Melter","Conserve Battery","Cold Snap"],"relics":["Cracked Core","PreservedInsect"],"potions_floor_usage":[10,13],"damage_taken":[{"damage":3,"enemies":"2 Louse","floor":1,"turns":3},{"damage":11,"enemies":"Jaw Worm","floor":5,"turns":4},{"damage":3,"enemies":"Small Slimes","floor":6,"turns":4},{"damage":1,"enemies":"3 Louse","floor":8,"turns":4},{"damage":15,"enemies":"Gremlin Gang","floor":10,"turns":4},{"damage":18,"enemies":"Exordium Thugs","floor":13,"turns":4}],"seed_played":"-4780047941985857539","potions_obtained":[{"floor":1,"key":"AttackPotion"},{"floor":5,"key":"Fire Potion"},{"floor":10,"key":"SteroidPotion"}],"is_trial":false,"path_per_floor":["M","?","$","?","M","M","R","M","T","M","R","?","M"],"character_chosen":"DEFECT","items_purchased":["Loop","Coolheaded"],"campfire_rested":0,"item_purchase_floors":[3,3],"current_hp_per_floor":[61,40,40,40,29,26,26,25,25,10,10,10,0],"gold":323,"neow_bonus":"TWO_FIFTY_GOLD","is_prod":false,"is_daily":false,"chose_seed":false,"campfire_upgraded":2,"win_rate":0,"timestamp":1547026003,"path_taken":["M","?","$","?","M","M","R","M","T","M","R","?","M"],"build_version":"2019-01-03v4","purchased_purges":1,"victory":false,"max_hp_per_floor":[71,71,71,71,71,71,71,71,71,71,71,71,71],"card_choices":[{"not_picked":["Barrage","Redo"],"picked":"Auto Shields","floor":1},{"not_picked":["Steam Power","Chill"],"picked":"Melter","floor":5},{"not_picked":["Redo","Compile Driver"],"picked":"Conserve Battery","floor":6},{"not_picked":["Undo","Conserve Battery"],"picked":"Cold Snap","floor":8},{"not_picked":["Streamline","Beam Cell","Genetic Algorithm"],"picked":"SKIP","floor":10}],"player_experience":793746,"relics_obtained":[{"floor":9,"key":"PreservedInsect"}],"event_choices":[{"damage_healed":0,"gold_gain":0,"player_choice":"Entered Light","damage_taken":21,"max_hp_gain":0,"max_hp_loss":0,"event_name":"Shining Light","floor":2,"gold_loss":0,"cards_upgraded":["Strike_B","Strike_B"]},{"damage_healed":0,"gold_gain":150,"player_choice":"AGREE","damage_taken":0,"max_hp_gain":0,"max_hp_loss":0,"event_name":"Liars Game","floor":4,"gold_loss":0,"cards_obtained":["Doubt"]},{"damage_healed":0,"gold_gain":0,"player_choice":"Left Gold","damage_taken":0,"max_hp_gain":0,"max_hp_loss":0,"event_name":"World of Goop","floor":12,"gold_loss":42}],"is_beta":false,"boss_relics":[],"items_purged_floors":[3],"is_endless":false,"potions_floor_spawned":[1,5,10],"killed_by":"Exordium Thugs","ascension_level":17}