{"gold_per_floor":[112,262,27,27,42,69,69,94,166,176,126,126,45,59,59,133,133,148,43,43],"floor_reached":20,"playtime":886,"items_purged":["Doubt","Strike_G","Strike_G"],"score":410,"play_id":"cc5f923c-87d2-4cb2-bde2-6c9a7ec81208","local_time":"20190608104114","is_ascension_mode":true,"campfire_choices":[{"data":"Noxious Fumes","floor":7,"key":"SMITH"},{"floor":12,"key":"REST"},{"floor":15,"key":"REST"}],"neow_cost":"NONE","seed_source_timestamp":74615067556800,"circlet_count":0,"master_deck":["AscendersBane","Defend_G","Defend_G","Defend_G","Defend_G","Defend_G","Strike_G","Strike_G","Strike_G","Survivor","Neutralize","Poisoned Stab","Tools of the Trade","Noxious Fumes+1","Underhanded Strike","Underhanded Strike","Calculated Gamble","Bouncing Flask","Die Die Die","Acrobatics","Underhanded Strike"],"relics":["Ring of the Snake","NeowsBlessing","Bronze Scales","Art of War","Smiling Mask","Darkstone Periapt","Runic Pyramid"],"potions_floor_usage":[16,16],"damage_taken":[{"damage":0,"enemies":"Small Slimes","floor":1,"turns":1},{"damage":0,"enemies":"2 Louse","floor":5,"turns":1},{"damage":0,"enemies":"Lagavulin","floor":6,"turns":1},{"damage":44,"enemies":"3 Sentries","floor":8,"turns":7},{"damage":4,"enemies":"Cultist","floor":10,"turns":4},{"damage":13,"enemies":"Exordium Thugs","floor":14,"turns":4},{"damage":29,"enemies":"The Guardian","floor":16,"turns":8},{"damage":21,"enemies":"2 Thieves","floor":18,"turns":4},{"damage":20,"enemies":"Colosseum Slavers","floor":20,"turns":4},{"damage":10,"enemies":"Colosseum Nobs","floor":20,"turns":2}],"seed_played":"-2086393364251327465","potions_obtained":[{"floor":8,"key":"SteroidPotion"},{"floor":10,"key":"Poison Potion"}],"is_trial":false,"path_per_floor":["M","?","$","?","M","E","R","E","T","M","$","R","$","M","R","B",null,"M","$","?"],"character_chosen":"THE_SILENT","items_purchased":["Bronze Scales","Calculated Gamble","Underhanded Strike"],"campfire_rested":2,"item_purchase_floors":[3,13,19],"current_hp_per_floor":[59,59,59,59,59,59,59,15,15,11,11,30,30,17,36,7,51,30,30,0],"gold":43,"neow_bonus":"THREE_ENEMY_KILL","is_prod":false,"is_daily":false,"chose_seed":false,"campfire_upgraded":1,"win_rate":0,"timestamp":1559979674,"path_taken":["M","?","$","?","M","E","R","E","T","?","$","R","?","M","R","BOSS","M","$","?"],"build_version":"2019-01-23","purchased_purges":3,"victory":false,"max_hp_per_floor":[66,66,66,66,66,66,66,66,66,66,66,66,66,66,66,66,66,66,66,66],"card_choices":[{"not_picked":["Deflect","PiercingWail"],"picked":"Poisoned Stab","floor":1},{"not_picked":["Masterful Stab","Flechettes"],"picked":"Noxious Fumes","floor":5},{"not_picked":["Dodge and Roll","Endless Agony"],"picked":"Underhanded Strike","floor":6},{"not_picked":["Eviscerate","Dagger Spray","Dodge and Roll"],"picked":"SKIP","floor":8},{"not_picked":["Bane","Deflect"],"picked":"Underhanded Strike","floor":10},{"not_picked":["Infinite Blades","Masterful Stab"],"picked":"Bouncing Flask","floor":14},{"not_picked":["Unload","Glass Knife"],"picked":"Die Die Die","floor":16},{"not_picked":["Blade Dance+1","Dagger Throw"],"picked":"Acrobatics","floor":18}],"player_experience":1067802,"relics_obtained":[{"floor":6,"key":"Art of War"},{"floor":8,"key":"Smiling Mask"},{"floor":9,"key":"Darkstone Periapt"}],"event_choices":[{"damage_healed":0,"gold_gain":150,"player_choice":"AGREE","damage_taken":0,"max_hp_gain":0,"max_hp_loss":0,"event_name":"Liars Game","floor":2,"gold_loss":0,"cards_obtained":["Doubt"]},{"damage_healed":0,"gold_gain":0,"player_choice":"1 cards matched","damage_taken":0,"max_hp_gain":0,"max_hp_loss":0,"event_name":"Match and Keep!","floor":4,"gold_loss":0,"cards_obtained":["Tools of the Trade"]},{"damage_healed":0,"gold_gain":0,"player_choice":"Fight","damage_taken":0,"max_hp_gain":0,"max_hp_loss":0,"event_name":"Colosseum","floor":20,"gold_loss":0},{"damage_healed":0,"gold_gain":0,"player_choice":"Fought Nobs","damage_taken":0,"max_hp_gain":0,"max_hp_loss":0,"event_name":"Colosseum","floor":20,"gold_loss":0}],"is_beta":false,"boss_relics":[{"not_picked":["Ring of the Serpent","Coffee Dripper"],"picked":"Runic Pyramid"}],"items_purged_floors":[3,11,19],"is_endless":false,"potions_floor_spawned":[8,10,14,20],"killed_by":"Colosseum Nobs","ascension_level":20}