{"gold_per_floor":[114,125,125,135,135,168,168,200,200,13,27,47,63,93,93,169,169,181,191,491,18,18,18,18],"floor_reached":24,"playtime":1546,"items_purged":["Writhe"],"score":410,"play_id":"97fd2826-f3a0-4f01-9905-4fd3c52398a6","local_time":"20190307172923","is_ascension_mode":true,"campfire_choices":[{"floor":7.0,"key":"REST"},{"floor":15.0,"key":"REST"},{"data":"Sunder","floor":23,"key":"SMITH"}],"neow_cost":"PERCENT_DAMAGE","seed_source_timestamp":0,"circlet_count":0,"master_deck":["AscendersBane","Strike_B","Strike_B","Strike_B","Defend_B","Defend_B","Defend_B","Defend_B","Zap","Dualcast","Go for the Eyes","Cold Snap","Sweeping Beam","Capacitor","Static Discharge","Loop","Ball Lightning","Loop","Cold Snap","Amplify","Loop","Thunder Strike","Streamline","Sunder+1","Undo","Creative AI"],"special_seed":0,"relics":["Cracked Core","CultistMask","Vajra","Sundial","Meat on the Bone","Bag of Preparation","Snecko Eye","Old Coin","Gremlin Horn"],"potions_floor_usage":[24],"damage_taken":[{"damage":4.0,"enemies":"2 Louse","floor":1.0,"turns":2.0},{"damage":0.0,"enemies":"Cultist","floor":2.0,"turns":3.0},{"damage":12.0,"enemies":"Jaw Worm","floor":4.0,"turns":3.0},{"damage":24.0,"enemies":"3 Sentries","floor":6.0,"turns":10.0},{"damage":4.0,"enemies":"Gremlin Nob","floor":8.0,"turns":3.0},{"damage":34.0,"enemies":"Gremlin Gang","floor":11.0,"turns":4.0},{"damage":4.0,"enemies":"Blue Slaver","floor":12.0,"turns":2.0},{"damage":9.0,"enemies":"Looter","floor":13.0,"turns":3.0},{"damage":23.0,"enemies":"Lagavulin","floor":14.0,"turns":6.0},{"damage":13.0,"enemies":"The Guardian","floor":16.0,"turns":10.0},{"damage":12,"enemies":"2 Thieves","floor":18,"turns":2},{"damage":28,"enemies":"Shell Parasite","floor":19,"turns":4},{"damage":50,"enemies":"Slavers","floor":24,"turns":3}],"seed_played":"2830010778112767343","potions_obtained":[{"floor":2.0,"key":"FocusPotion"},{"floor":4.0,"key":"SkillPotion"},{"floor":11.0,"key":"Poison Potion"},{"floor":16.0,"key":"Strength Potion"}],"is_trial":false,"path_per_floor":["M","M","?","M","?","E","R","E","T","$","M","M","M","E","R","B",null,"M","M","?","$","?","R","E"],"character_chosen":"DEFECT","items_purchased":["Loop","Ball Lightning","Strength Potion","Sunder","Gremlin Horn","Undo"],"campfire_rested":2,"item_purchase_floors":[10,10,10,21,21,21],"current_hp_per_floor":[56,56,56,44,44,20,45,41,41,41,19,27,30,19,44,43,75,63,47,47,47,47,47,0],"gold":18,"neow_bonus":"TWENTY_PERCENT_HP_BONUS","is_prod":false,"is_daily":false,"chose_seed":false,"campfire_upgraded":1,"win_rate":0,"timestamp":1551972563,"path_taken":["M","M","?","?","?","E","R","E","T","$","M","?","M","E","R","BOSS","M","M","?","$","?","R","E"],"build_version":"2019-01-23","purchased_purges":1,"victory":false,"max_hp_per_floor":[85,85,85,85,85,85,85,85,85,85,85,85,85,85,85,85,85,85,85,85,85,85,85,85],"card_choices":[{"not_picked":["Hologram","BootSequence"],"picked":"Go for the Eyes","floor":1.0},{"not_picked":["Go for the Eyes","Stack"],"picked":"Cold Snap","floor":2.0},{"not_picked":["Double Energy","Skim"],"picked":"Sweeping Beam","floor":4.0},{"not_picked":["Amplify","Double Energy"],"picked":"Capacitor","floor":6.0},{"not_picked":["Force Field","Gash"],"picked":"Static Discharge","floor":8.0},{"not_picked":["Beam Cell","Hologram"],"picked":"Loop","floor":11.0},{"not_picked":["Barrage","Steam Power"],"picked":"Cold Snap","floor":12.0},{"not_picked":["Sweeping Beam","Blizzard"],"picked":"Amplify","floor":13.0},{"not_picked":["Turbo","Steam"],"picked":"Loop","floor":14.0},{"not_picked":["Rainbow","Fission"],"picked":"Thunder Strike","floor":16.0},{"not_picked":["Barrage","Chaos","Turbo+1"],"picked":"SKIP","floor":18},{"not_picked":["Steam+1","Conserve Battery"],"picked":"Streamline","floor":19}],"player_experience":906330,"relics_obtained":[{"floor":6.0,"key":"Vajra"},{"floor":8.0,"key":"Sundial"},{"floor":9.0,"key":"Meat on the Bone"},{"floor":14.0,"key":"Bag of Preparation"}],"event_choices":[{"cards_removed":["Strike_B"],"damage_healed":0.0,"max_hp_gain":0.0,"max_hp_loss":0.0,"gold_gain":0.0,"event_name":"Purifier","player_choice":"Purged","floor":3.0,"gold_loss":0.0,"damage_taken":0.0},{"damage_healed":0.0,"max_hp_gain":0.0,"max_hp_loss":0.0,"gold_gain":0.0,"event_name":"FaceTrader","player_choice":"Trade","floor":5.0,"gold_loss":0.0,"damage_taken":0.0,"relics_obtained":["CultistMask"]},{"damage_healed":0,"gold_gain":0,"player_choice":"Opened","damage_taken":0,"relics_obtained":["Old Coin"],"max_hp_gain":0,"max_hp_loss":0,"event_name":"The Mausoleum","floor":20,"gold_loss":0,"cards_obtained":["Writhe"]},{"damage_healed":0,"gold_gain":0,"player_choice":"1 cards matched","damage_taken":0,"max_hp_gain":0,"max_hp_loss":0,"event_name":"Match and Keep!","floor":22,"gold_loss":0,"cards_obtained":["Creative AI"]}],"is_beta":false,"boss_relics":[{"not_picked":["Velvet Choker","Philosopher\u0027s Stone"],"picked":"Snecko Eye"}],"items_purged_floors":[21],"is_endless":false,"potions_floor_spawned":[2,4,11,13,16,18],"killed_by":"Slavers","ascension_level":18}