{"gold_per_floor":[114,173,183,183,183,183,204,223,246,260,293,293,312,356,368,511,523,558,605,640,652,664,676,708,720,759,771,804,816,828,840,852,993,1005,1030,692,692,708,708,708,727,727,778,1111,1111,1129,1129,1140,1140,1140],"floor_reached":51,"playtime":3419,"items_purged":["Twin Strike"],"score":745,"play_id":"8ec24cb0-e955-467e-b0e9-a1ed275a70b0","local_time":"20180820182525","daily_mods":["Draft","Heirloom"],"is_ascension_mode":false,"campfire_choices":[{"data":"Entrench","floor":6,"key":"SMITH"},{"data":"Entrench","floor":12,"key":"SMITH"},{"data":"Body Slam","floor":15,"key":"SMITH"},{"floor":23,"key":"REST"},{"floor":25,"key":"REST"},{"data":"Double Tap","floor":27,"key":"SMITH"},{"floor":30,"key":"REST"},{"data":"Body Slam","floor":32,"key":"SMITH"},{"floor":40,"key":"REST"},{"floor":45,"key":"REST"},{"floor":49,"key":"REST"}],"neow_cost":"","seed_source_timestamp":0,"circlet_count":0,"master_deck":["Entrench+1","Warcry","Shrug It Off","Iron Wave","Headbutt","Cleave","Clash","Iron Wave","Body Slam+1","Armaments","Ghostly Armor+1","Ghostly Armor","Battle Trance","Flex","Entrench+1","Disarm+1","Disarm","Bloodletting","Berserk","Barricade","Double Tap+1","Body Slam+1","Seeing Red","Shrug It Off+1","Clash","Intimidate","Bite","Bite","Bite","Bite","Bite","Offering","Iron Wave+1","Double Tap","Body Slam","Dual Wield","Battle Trance","Spot Weakness+1","Metamorphosis","Flex+1","Spot Weakness+1"],"relics":["Burning Blood","Ice Cream","War Paint","Odd Mushroom","MawBank","Philosopher\u0027s Stone","Red Mask","Pen Nib","Fusion Hammer","Bag of Preparation","Calipers","Oddly Smooth Stone","Pantograph"],"potions_floor_usage":[19,33,50,50,50,50,50,50],"damage_taken":[{"damage":0,"enemies":"2 Louse","floor":1,"turns":3},{"damage":0,"enemies":"Jaw Worm","floor":3,"turns":2},{"damage":0,"enemies":"Small Slimes","floor":7,"turns":2},{"damage":0,"enemies":"2 Fungi Beasts","floor":8,"turns":3},{"damage":0,"enemies":"Gremlin Gang","floor":10,"turns":4},{"damage":2,"floor":11,"turns":4},{"damage":0,"enemies":"Looter","floor":13,"turns":3},{"damage":9,"enemies":"3 Sentries","floor":14,"turns":6},{"damage":26,"enemies":"Hexaghost","floor":16,"turns":8},{"damage":0,"enemies":"Chosen","floor":18,"turns":6},{"damage":53,"floor":19,"turns":4},{"damage":24,"enemies":"Shell Parasite","floor":20,"turns":5},{"damage":26,"enemies":"3 Cultists","floor":24,"turns":4},{"damage":24,"enemies":"Sentry and Sphere","floor":28,"turns":5},{"damage":28,"enemies":"Champ","floor":33,"turns":9},{"damage":20,"enemies":"3 Shapes","floor":35,"turns":8},{"damage":9,"floor":37,"turns":5},{"damage":6,"enemies":"Flame Bruiser 1 Orb","floor":38,"turns":4},{"damage":39,"enemies":"Sphere and 2 Shapes","floor":41,"turns":6},{"damage":20,"enemies":"Jaw Worm Horde","floor":46,"turns":5},{"damage":21,"enemies":"3 Darklings","floor":48,"turns":5},{"damage":49,"enemies":"Awakened One","floor":50,"turns":9}],"seed_played":"1022297756483131930","potions_obtained":[{"floor":1,"key":"Explosive Potion"},{"floor":7,"key":"SteroidPotion"},{"floor":11,"key":"LiquidBronze"},{"floor":14,"key":"EntropicBrew"},{"floor":24,"key":"Weak Potion"},{"floor":33,"key":"Weak Potion"},{"floor":37,"key":"SpeedPotion"}],"is_trial":true,"path_per_floor":["M","?","M","?","?","R","M","M","T","M","?","R","M","E","R","B",null,"M","?","M","?","?","R","M","R","T","R","M","?","R","?","R","B",null,"M","$","?","M","?","R","M","?","T","?","R","M","T","M","R","B"],"character_chosen":"IRONCLAD","items_purchased":["Bag of Preparation","Double Tap","Body Slam"],"campfire_rested":6,"item_purchase_floors":[36,36,36],"current_hp_per_floor":[80,80,80,80,60,60,66,72,72,78,80,80,80,77,77,57,80,80,33,15,6,6,30,10,34,34,34,16,16,32,32,32,26,56,55,55,56,56,56,56,34,34,34,34,50,48,48,41,56,25],"gold":1140,"neow_bonus":"","is_prod":false,"is_daily":false,"chose_seed":false,"campfire_upgraded":5,"win_rate":0,"timestamp":1534757125,"path_taken":["M","?","M","?","?","R","M","M","T","?","?","R","M","E","R","BOSS","M","?","M","?","?","R","M","R","T","R","?","?","R","?","R","BOSS","M","$","?","M","?","R","M","?","T","?","R","M","?","M","R","BOSS"],"build_version":"2018-08-16","purchased_purges":1,"victory":true,"max_hp_per_floor":[80,80,80,80,80,80,80,80,80,80,80,80,80,80,80,80,80,80,80,80,80,80,80,80,80,80,80,80,56,56,56,56,56,56,56,56,56,56,56,56,56,56,56,56,56,56,56,56,56,56],"card_choices":[{"not_picked":["Reckless Charge","Havoc"],"picked":"Entrench","floor":0},{"not_picked":["Havoc","Rage"],"picked":"Warcry","floor":0},{"not_picked":["Pommel Strike","Wild Strike"],"picked":"Shrug It Off","floor":0},{"not_picked":["True Grit","Flex"],"picked":"Iron Wave","floor":0},{"not_picked":["Perfected Strike","Thunderclap"],"picked":"Headbutt","floor":0},{"not_picked":["Dropkick","Iron Wave"],"picked":"Cleave","floor":0},{"not_picked":["Dual Wield","Twin Strike"],"picked":"Clash","floor":0},{"not_picked":["Shrug It Off","True Grit"],"picked":"Iron Wave","floor":0},{"not_picked":["Disarm","Seeing Red"],"picked":"Body Slam","floor":0},{"not_picked":["Pommel Strike","Anger"],"picked":"Twin Strike","floor":0},{"not_picked":["Sword Boomerang","Uppercut"],"picked":"Whirlwind","floor":0},{"not_picked":["True Grit","Evolve"],"picked":"Armaments","floor":0},{"not_picked":["Combust","Rage"],"picked":"Ghostly Armor","floor":0},{"not_picked":["Armaments","Warcry"],"picked":"Ghostly Armor","floor":0},{"not_picked":["Evolve","Flame Barrier"],"picked":"Twin Strike","floor":0},{"not_picked":["Hemokinesis","Sword Boomerang"],"picked":"Battle Trance","floor":1},{"not_picked":["Whirlwind","Seeing Red"],"picked":"Flex","floor":3},{"not_picked":["Bloodletting","Metallicize"],"picked":"Entrench","floor":7},{"not_picked":["Anger","Armaments"],"picked":"Disarm","floor":8},{"not_picked":["Rupture","Cleave"],"picked":"Disarm","floor":10},{"not_picked":["Cleave","Flex"],"picked":"Bloodletting","floor":11},{"not_picked":["Havoc","Fire Breathing"],"picked":"Berserk","floor":13},{"not_picked":["Carnage","Pummel"],"picked":"Barricade","floor":14},{"not_picked":["Immolate","Offering"],"picked":"Double Tap","floor":16},{"not_picked":["Shrug It Off","Sentinel+1"],"picked":"Body Slam","floor":18},{"not_picked":["Thunderclap+1","Flame Barrier"],"picked":"Seeing Red","floor":19},{"not_picked":["Clothesline+1","Sentinel"],"picked":"Shrug It Off+1","floor":20},{"not_picked":["Anger","Perfected Strike+1"],"picked":"Clash","floor":24},{"not_picked":["Shockwave","True Grit"],"picked":"Intimidate","floor":28},{"not_picked":["Double Tap","Dark Embrace"],"picked":"Offering","floor":33},{"not_picked":["Twin Strike+1","Shrug It Off"],"picked":"Iron Wave+1","floor":35},{"not_picked":["Perfected Strike","Clothesline+1"],"picked":"Dual Wield","floor":37},{"not_picked":["Iron Wave+1","Bludgeon"],"picked":"Battle Trance","floor":38},{"not_picked":["Feel No Pain","Heavy Blade+1"],"picked":"Spot Weakness+1","floor":41},{"not_picked":["Transmutation","Purity"],"picked":"Metamorphosis","floor":42},{"not_picked":["Anger","Wild Strike"],"picked":"Flex+1","floor":46},{"not_picked":["Bloodletting","Armaments+1"],"picked":"Spot Weakness+1","floor":48}],"player_experience":352316,"relics_obtained":[{"floor":9,"key":"War Paint"},{"floor":11,"key":"Odd Mushroom"},{"floor":14,"key":"MawBank"},{"floor":19,"key":"Red Mask"},{"floor":26,"key":"Pen Nib"},{"floor":37,"key":"Calipers"},{"floor":43,"key":"Oddly Smooth Stone"},{"floor":47,"key":"Pantograph"}],"event_choices":[{"event_name":"Golden Wing","player_choice":"Gained Gold","floor":2,"damage_taken":0},{"event_name":"The Cleric","player_choice":"Leave","floor":4,"damage_taken":0},{"event_name":"Golden Idol","player_choice":"Take Damage","floor":5,"damage_taken":0},{"event_name":"Mushrooms","player_choice":"Fought Mushrooms","floor":11,"damage_taken":0},{"event_name":"Masked Bandits","player_choice":"Fought Bandits","floor":19,"damage_taken":0},{"event_name":"Cursed Tome","player_choice":"Stopped","floor":21,"damage_taken":0},{"event_name":"Beggar","player_choice":"Ignored","floor":22,"damage_taken":0},{"event_name":"Vampires","player_choice":"Became a vampire","floor":29,"damage_taken":0},{"event_name":"Purifier","player_choice":"One Purge","floor":31,"damage_taken":0},{"event_name":"MindBloom","player_choice":"Fight","floor":37,"damage_taken":0},{"event_name":"Falling","player_choice":"Removed Attack","floor":39,"damage_taken":0},{"event_name":"SensoryStone","player_choice":"Memory 1","floor":42,"damage_taken":0},{"event_name":"The Moai Head","player_choice":"Gave Idol","floor":44,"damage_taken":0}],"is_beta":true,"boss_relics":[{"not_picked":["Runic Dome","Runic Pyramid"],"picked":"Philosopher\u0027s Stone"},{"not_picked":["Eternal Feather","Coffee Dripper"],"picked":"Fusion Hammer"}],"items_purged_floors":[36],"is_endless":false,"potions_floor_spawned":[1,7,11,14,24,28,33,37,41,48],"ascension_level":0}