{"gold_per_floor":[119,135,47,47,65,65,100,117,117,117,149,149,149,149,149,243,243,258,282,332,332,165,208,208,246,246,94,114,128,128,146,146,239,239,253,278,297,318,443,443,458,458,485,485,499,832,857,872,872,872,872],"floor_reached":51,"playtime":5119,"items_purged":["Strike_G","Strike_G"],"score":1504,"play_id":"565a3cc7-dbf3-4981-9508-90741ab96efa","local_time":"20190611021531","is_ascension_mode":true,"campfire_choices":[{"data":"Skewer","floor":6.0,"key":"SMITH"},{"data":"Infinite Blades","floor":10.0,"key":"SMITH"},{"data":"Noxious Fumes","floor":15.0,"key":"SMITH"},{"floor":24.0,"key":"REST"},{"data":"Malaise","floor":30.0,"key":"SMITH"},{"floor":32.0,"key":"REST"},{"data":"Night Terror","floor":40.0,"key":"SMITH"},{"floor":42,"key":"RECALL"},{"data":"Well Laid Plans","floor":44,"key":"SMITH"},{"data":"Storm of Steel","floor":49,"key":"SMITH"}],"neow_cost":"TEN_PERCENT_HP_LOSS","seed_source_timestamp":0,"circlet_count":0,"master_deck":["AscendersBane","Defend_G","Defend_G","Defend_G","Defend_G","Defend_G+1","Strike_G","Strike_G","Strike_G","Survivor","Neutralize","Die Die Die","Predator+1","Noxious Fumes+1","Skewer+1","Infinite Blades+1","Deflect","Dodge and Roll","Adrenaline","Well Laid Plans+1","Terror+1","Footwork","PiercingWail","Storm of Steel+1","PiercingWail","Acrobatics","Malaise+1","Cloak And Dagger","Night Terror+1","Deflect+1","Backflip+1","Concentrate","Escape Plan","Shame","Noxious Fumes","Acrobatics","Backstab"],"special_seed":0,"relics":["Ring of the Snake","Dead Branch","Mango","Bottled Flame","Cursed Key","Regal Pillow","Happy Flower","Eternal Feather","Incense Burner","Bag of Preparation"],"potions_floor_usage":[],"damage_taken":[{"damage":0.0,"enemies":"2 Louse","floor":1.0,"turns":1.0},{"damage":2.0,"enemies":"Jaw Worm","floor":2.0,"turns":3.0},{"damage":4.0,"enemies":"Small Slimes","floor":5.0,"turns":4.0},{"damage":4.0,"enemies":"3 Sentries","floor":7.0,"turns":5.0},{"damage":6.0,"enemies":"2 Fungi Beasts","floor":8.0,"turns":2.0},{"damage":13.0,"enemies":"Lagavulin","floor":11.0,"turns":6.0},{"damage":8.0,"enemies":"Hexaghost","floor":16.0,"turns":11.0},{"damage":0.0,"enemies":"Chosen","floor":18.0,"turns":4.0},{"damage":0.0,"enemies":"2 Thieves","floor":19.0,"turns":3.0},{"damage":30.0,"enemies":"Book of Stabbing","floor":23.0,"turns":6.0},{"damage":35.0,"enemies":"Slavers","floor":25.0,"turns":5.0},{"damage":2.0,"enemies":"Sentry and Sphere","floor":28.0,"turns":6.0},{"damage":0.0,"enemies":"Cultist and Chosen","floor":29.0,"turns":4.0},{"damage":13.0,"enemies":"Centurion and Healer","floor":31.0,"turns":5.0},{"damage":32.0,"enemies":"Automaton","floor":33.0,"turns":10.0},{"damage":30.0,"enemies":"3 Darklings","floor":35.0,"turns":5.0},{"damage":9.0,"enemies":"3 Shapes","floor":36.0,"turns":7.0},{"damage":1.0,"enemies":"Jaw Worm Horde","floor":37.0,"turns":3.0},{"damage":1.0,"enemies":"3 Darklings","floor":38.0,"turns":5.0},{"damage":0.0,"enemies":"Mind Bloom Boss Battle","floor":39.0,"turns":5.0},{"damage":12,"enemies":"Writhing Mass","floor":41,"turns":13},{"damage":6,"enemies":"Sphere and 2 Shapes","floor":45,"turns":7},{"damage":22,"enemies":"Nemesis","floor":47,"turns":7},{"damage":0,"enemies":"4 Shapes","floor":48,"turns":6},{"damage":24,"enemies":"Donu and Deca","floor":50,"turns":8},{"damage":41,"enemies":"Awakened One","floor":51,"turns":4}],"seed_played":"-5990625070332685999","potions_obtained":[{"floor":2.0,"key":"FearPotion"},{"floor":8.0,"key":"Weak Potion"},{"floor":11.0,"key":"Block Potion"},{"floor":23.0,"key":"LiquidBronze"},{"floor":31.0,"key":"Fire Potion"},{"floor":48,"key":"LiquidBronze"}],"is_trial":false,"path_per_floor":["M","M","$","?","M","R","E","M","T","R","E","?","?","?","R","B",null,"M","M","?","?","$","E","R","E","T","$","M","M","R","M","R","B",null,"M","M","M","M","?","R","M","R","T","R","M","?","E","M","R","B","B"],"character_chosen":"THE_SILENT","items_purchased":["Noxious Fumes","Footwork","PiercingWail","PiercingWail"],"campfire_rested":2,"item_purchase_floors":[3,22,22,27],"current_hp_per_floor":[59,57,57,39,35,35,31,25,39,39,26,26,1,25,25,17,60,60,60,60,53,53,23,60,25,25,25,23,23,23,10,47,15,59,29,20,19,18,18,36,24,42,42,60,54,54,32,32,53,29,0],"gold":872,"neow_bonus":"THREE_RARE_CARDS","is_prod":false,"is_daily":false,"chose_seed":false,"campfire_upgraded":7,"win_rate":0,"timestamp":1560208531,"path_taken":["M","M","$","?","M","R","E","M","T","R","E","?","?","?","R","BOSS","M","M","?","?","$","E","R","E","T","$","?","M","R","M","R","BOSS","M","M","?","M","?","R","M","R","T","R","M","?","E","M","R","BOSS","BOSS"],"build_version":"2019-01-23","purchased_purges":2,"victory":false,"max_hp_per_floor":[60,60,60,60,60,60,60,60,74,74,74,74,74,74,74,74,74,74,74,74,74,74,74,74,74,74,74,74,74,74,74,74,74,74,74,74,74,74,74,74,74,74,74,74,74,74,74,74,74,74,74],"card_choices":[{"not_picked":["Bullet Time","Grand Finale"],"picked":"Die Die Die","floor":0.0},{"not_picked":["PiercingWail","Dodge and Roll"],"picked":"Predator","floor":1.0},{"not_picked":["Reflex","Dagger Throw","Dagger Spray"],"picked":"SKIP","floor":2.0},{"not_picked":["Noxious Fumes","Bane"],"picked":"Skewer","floor":5.0},{"not_picked":["Prepared","Sucker Punch"],"picked":"Infinite Blades","floor":7.0},{"not_picked":["Skewer","Acrobatics"],"picked":"Deflect","floor":8.0},{"not_picked":["Terror","Die Die Die"],"picked":"Dodge and Roll","floor":11.0},{"not_picked":["Die Die Die","Phantasmal Killer"],"picked":"Adrenaline","floor":16.0},{"not_picked":["Deadly Poison+1","Underhanded Strike"],"picked":"Well Laid Plans","floor":18.0},{"not_picked":["Dodge and Roll","Sucker Punch"],"picked":"Terror+1","floor":19.0},{"not_picked":["Tools of the Trade","Deadly Poison","Deflect"],"picked":"SKIP","floor":23.0},{"not_picked":["Cloak And Dagger","Slice"],"picked":"Storm of Steel","floor":25.0},{"not_picked":["Terror","Dagger Spray"],"picked":"Acrobatics","floor":28.0},{"not_picked":["Flechettes","Dodge and Roll"],"picked":"Malaise","floor":29.0},{"not_picked":["Acrobatics","Sucker Punch"],"picked":"Cloak And Dagger","floor":31.0},{"not_picked":["Malaise","Wraith Form v2"],"picked":"Night Terror","floor":33.0},{"not_picked":["Calculated Gamble","Blade Dance"],"picked":"Deflect+1","floor":35.0},{"not_picked":["Acrobatics+1","Quick Slash","Poisoned Stab"],"picked":"SKIP","floor":36.0},{"not_picked":["Quick Slash","Deadly Poison","Slice+1"],"picked":"SKIP","floor":37.0},{"not_picked":["Tools of the Trade","Bane"],"picked":"Backflip+1","floor":38.0},{"not_picked":["Deadly Poison+1","Heel Hook+1"],"picked":"Concentrate","floor":39.0},{"not_picked":["Prepared","Predator"],"picked":"Escape Plan","floor":41},{"not_picked":["Dagger Throw","Prepared+1"],"picked":"Noxious Fumes","floor":45},{"not_picked":["Unload","Bane"],"picked":"Acrobatics","floor":47},{"not_picked":["Dagger Throw","Quick Slash"],"picked":"Backstab","floor":48}],"player_experience":1075428,"relics_obtained":[{"floor":7.0,"key":"Dead Branch"},{"floor":9.0,"key":"Mango"},{"floor":11.0,"key":"Bottled Flame"},{"floor":23.0,"key":"Regal Pillow"},{"floor":25.0,"key":"Happy Flower"},{"floor":39.0,"key":"Incense Burner"},{"floor":47,"key":"Bag of Preparation"}],"event_choices":[{"damage_healed":0.0,"max_hp_gain":0.0,"max_hp_loss":0.0,"gold_gain":0.0,"event_name":"Shining Light","player_choice":"Entered Light","floor":4.0,"gold_loss":0.0,"damage_taken":18.0,"cards_upgraded":["Predator","Defend_G"]},{"damage_healed":0.0,"max_hp_gain":0.0,"max_hp_loss":0.0,"gold_gain":0.0,"event_name":"Liars Game","player_choice":"Ignored","floor":12.0,"gold_loss":0.0,"damage_taken":0.0},{"damage_healed":0.0,"max_hp_gain":0.0,"max_hp_loss":0.0,"gold_gain":0.0,"event_name":"Golden Idol","player_choice":"Take Damage","floor":13.0,"gold_loss":0.0,"damage_taken":25.0,"relics_obtained":["Golden Idol"]},{"damage_healed":24.0,"max_hp_gain":0.0,"max_hp_loss":0.0,"gold_gain":0.0,"event_name":"Big Fish","player_choice":"Banana","floor":14.0,"gold_loss":0.0,"damage_taken":0.0},{"damage_healed":0.0,"max_hp_gain":0.0,"max_hp_loss":0.0,"gold_gain":50.0,"event_name":"Nest","player_choice":"Stole From Cult","floor":20.0,"gold_loss":0.0,"damage_taken":0.0},{"damage_healed":0.0,"max_hp_gain":0.0,"max_hp_loss":0.0,"gold_gain":0.0,"event_name":"Knowing Skull","player_choice":"","floor":21.0,"potions_obtained":[],"gold_loss":0.0,"damage_taken":7.0,"cards_obtained":[]},{"damage_healed":0.0,"max_hp_gain":0.0,"max_hp_loss":0.0,"gold_gain":0.0,"event_name":"MindBloom","player_choice":"Fight","floor":39.0,"gold_loss":0.0,"damage_taken":0.0},{"damage_healed":0,"gold_gain":333,"player_choice":"Gave Idol","damage_taken":0,"max_hp_gain":0,"max_hp_loss":0,"event_name":"The Moai Head","floor":46,"relics_lost":["Golden Idol"],"gold_loss":0}],"is_beta":false,"boss_relics":[{"not_picked":["Ring of the Serpent","WristBlade"],"picked":"Cursed Key"},{"not_picked":["Velvet Choker","Tiny House"],"picked":"Eternal Feather"}],"items_purged_floors":[22,27],"is_endless":false,"potions_floor_spawned":[2,8,11,23,31,36,45,47,48],"killed_by":"Awakened One","ascension_level":20}