{"gold_per_floor":[17,32,32,32,50,50,0,0,0,32,32],"floor_reached":11,"playtime":460,"items_purged":[],"score":135,"play_id":"9e2f3bcc-2150-4c40-a067-904aa1183646","local_time":"20190207103708","is_ascension_mode":true,"campfire_choices":[{"data":"Deadly Poison","floor":6.0,"key":"SMITH"},{"data":"Neutralize","floor":8.0,"key":"SMITH"}],"neow_cost":"NO_GOLD","seed_source_timestamp":5536189276100,"circlet_count":0,"master_deck":["AscendersBane","Defend_G","Defend_G","Defend_G","Defend_G","Defend_G","Strike_G","Strike_G","Strike_G+1","Strike_G","Strike_G","Survivor+1","Neutralize+1","Deadly Poison+1","Quick Slash","Deflect","Deflect"],"special_seed":0,"relics":["Ring of the Snake","Bird Faced Urn","Paper Crane","Calipers"],"potions_floor_usage":[],"damage_taken":[{"damage":1.0,"enemies":"Cultist","floor":1.0,"turns":4.0},{"damage":0.0,"enemies":"Jaw Worm","floor":2.0,"turns":4.0},{"damage":0.0,"enemies":"2 Louse","floor":5.0,"turns":2.0},{"damage":30.0,"enemies":"Lagavulin","floor":10.0,"turns":8.0},{"damage":10,"enemies":"Lots of Slimes","floor":11,"turns":2}],"seed_played":"-378217399740888557","potions_obtained":[{"floor":1.0,"key":"Ancient Potion"}],"is_trial":false,"path_per_floor":["M","M","$","?","M","R","$","R","T","E","M"],"character_chosen":"THE_SILENT","items_purchased":["Deflect"],"campfire_rested":0,"item_purchase_floors":[7],"current_hp_per_floor":[58,58,58,38,38,38,38,38,38,8,0],"gold":32,"neow_bonus":"ONE_RARE_RELIC","is_prod":false,"is_daily":false,"chose_seed":false,"campfire_upgraded":2,"win_rate":0,"timestamp":1549528628,"path_taken":["M","M","$","?","M","R","?","R","T","E","M"],"build_version":"2019-01-23","purchased_purges":0,"victory":false,"max_hp_per_floor":[66,66,66,66,66,66,66,66,66,66,66],"card_choices":[{"not_picked":["Choke","PiercingWail"],"picked":"Deadly Poison","floor":1.0},{"not_picked":["Accuracy","Prepared"],"picked":"Quick Slash","floor":2.0},{"not_picked":["Tactician","Bane","Distraction"],"picked":"SKIP","floor":5.0},{"not_picked":["Sucker Punch","Distraction"],"picked":"Deflect","floor":10.0}],"player_experience":874560,"relics_obtained":[{"floor":9.0,"key":"Paper Crane"},{"floor":10.0,"key":"Calipers"}],"event_choices":[{"damage_healed":0.0,"max_hp_gain":0.0,"max_hp_loss":0.0,"gold_gain":0.0,"event_name":"Shining Light","player_choice":"Entered Light","floor":4.0,"gold_loss":0.0,"damage_taken":20.0,"cards_upgraded":["Strike_G","Survivor"]}],"is_beta":false,"boss_relics":[],"items_purged_floors":[],"is_endless":false,"potions_floor_spawned":[1],"killed_by":"Lots of Slimes","ascension_level":18}