{"gold_per_floor":[111,111,132,148,168,168,202,202,280,247,247,247,266,216,216,336,336,355,355,48,71,90,90,90,90,90,90,90,90,123,146,146,276,276,301,316,441,455,478,478,478,478,505,505,505,330,344,10,10,10],"floor_reached":51,"playtime":1309,"items_purged":["Strike_B","Defend_B"],"score":763,"play_id":"02b5be8c-9cbf-4007-b844-64d4a025d421","local_time":"20190611033620","is_ascension_mode":false,"campfire_choices":[{"data":"Zap","floor":6,"key":"SMITH"},{"data":"Static Discharge","floor":8,"key":"SMITH"},{"data":"Barrage","floor":12,"key":"SMITH"},{"data":"Tempest","floor":15,"key":"SMITH"},{"data":"Defragment","floor":23,"key":"SMITH"},{"data":"Thunder Strike","floor":25,"key":"SMITH"},{"data":"Storm","floor":27,"key":"SMITH"},{"data":"Buffer","floor":29,"key":"SMITH"},{"data":"Biased Cognition","floor":32,"key":"SMITH"},{"data":"Seek","floor":40,"key":"SMITH"},{"data":"Thunder Strike","floor":42,"key":"SMITH"},{"data":"Madness","floor":45,"key":"SMITH"},{"data":"Storm","floor":49,"key":"SMITH"}],"neow_cost":"PERCENT_DAMAGE","seed_source_timestamp":938125607613525,"circlet_count":0,"master_deck":["Defend_B","Defend_B","Defend_B","Zap+1","Dualcast","Barrage+1","Static Discharge+1","FTL","Cold Snap","Tempest+1","Cold Snap","Electrodynamics","Cold Snap","Buffer+1","Conserve Battery","Conserve Battery","Self Repair","Self Repair","Thunder Strike+1","Defragment+1","Storm+1","Biased Cognition+1","White Noise","Thunder Strike+1","Cold Snap+1","Defragment+1","Static Discharge+1","Self Repair","Seek+1","Madness","Madness","Madness+1","Storm+1","Loop"],"relics":["Cracked Core","Golden Idol","Ginger","Cables","Orrery","Enchiridion","Dodecahedron","Art of War","Nuclear Battery","Girya","Strawberry","Bottled Tornado"],"potions_floor_usage":[37,50,50],"damage_taken":[{"damage":0,"enemies":"2 Louse","floor":1,"turns":3},{"damage":4,"enemies":"Small Slimes","floor":3,"turns":3},{"damage":3,"enemies":"Jaw Worm","floor":4,"turns":4},{"damage":14,"enemies":"2 Fungi Beasts","floor":5,"turns":3},{"damage":7,"enemies":"Lagavulin","floor":7,"turns":6},{"damage":4,"enemies":"Lots of Slimes","floor":13,"turns":3},{"damage":10,"enemies":"The Guardian","floor":16,"turns":8},{"damage":3,"enemies":"Shell Parasite","floor":18,"turns":3},{"damage":0,"enemies":"Chosen","floor":21,"turns":4},{"damage":15,"enemies":"Snecko","floor":22,"turns":3},{"damage":0,"enemies":"Book of Stabbing","floor":30,"turns":3},{"damage":9,"enemies":"Snake Plant","floor":31,"turns":2},{"damage":0,"enemies":"Champ","floor":33,"turns":6},{"damage":3,"enemies":"Orb Walker","floor":35,"turns":3},{"damage":0,"enemies":"3 Shapes","floor":36,"turns":3},{"damage":0,"enemies":"Mind Bloom Boss Battle","floor":37,"turns":4},{"damage":0,"enemies":"Transient","floor":38,"turns":5},{"damage":1,"enemies":"Jaw Worm Horde","floor":39,"turns":4},{"damage":2,"enemies":"Sphere and 2 Shapes","floor":47,"turns":3},{"damage":31,"enemies":"Time Eater","floor":50,"turns":4}],"seed_played":"871098003707519883","potions_obtained":[{"floor":3,"key":"SteroidPotion"},{"floor":7,"key":"Regen Potion"},{"floor":13,"key":"AttackPotion"},{"floor":35,"key":"Block Potion"}],"is_trial":false,"path_per_floor":["M","?","M","M","M","R","E","R","T","?","?","R","M","?","R","B",null,"M","?","$","M","M","R","?","R","T","R","$","R","E","M","R","B",null,"M","M","?","M","M","R","?","R","T","?","R","$","M","$","R","B",null],"character_chosen":"DEFECT","items_purchased":["Self Repair","Thunder Strike","Storm","Bottled Tornado","Loop"],"campfire_rested":0,"item_purchase_floors":[20,20,46,48,48],"current_hp_per_floor":[54,36,32,29,15,15,8,8,8,8,33,33,29,29,29,19,75,72,56,56,70,55,55,75,75,75,75,75,75,75,73,73,75,75,72,75,75,75,75,75,66,66,73,73,73,73,71,71,71,68],"gold":10,"neow_bonus":"TRANSFORM_TWO_CARDS","is_prod":false,"is_daily":false,"chose_seed":false,"campfire_upgraded":13,"win_rate":0,"timestamp":1560191780,"path_taken":["M","?","M","M","M","R","E","R","T","?","?","R","M","?","R","BOSS","M","?","$","M","M","R","?","R","T","R","$","R","E","M","R","BOSS","M","?","?","M","M","R","?","R","T","?","R","$","M","$","R","BOSS"],"build_version":"2019-01-23","purchased_purges":2,"victory":true,"max_hp_per_floor":[75,75,75,75,75,75,75,75,75,75,75,75,75,75,75,75,75,75,75,75,75,75,75,75,75,75,75,75,75,75,75,75,75,75,75,75,75,75,75,75,75,75,82,82,82,82,82,82,82,82],"card_choices":[{"not_picked":["Conserve Battery","Turbo"],"picked":"Static Discharge","floor":1},{"not_picked":["Doom and Gloom","Streamline","Turbo"],"picked":"SKIP","floor":3},{"not_picked":["Aggregate","Go for the Eyes"],"picked":"FTL","floor":4},{"not_picked":["Hologram","Loop"],"picked":"Cold Snap","floor":5},{"not_picked":["Streamline","Compile Driver"],"picked":"Tempest","floor":7},{"not_picked":["Redo","Static Discharge"],"picked":"Cold Snap","floor":13},{"not_picked":["Multi-Cast","Fission"],"picked":"Electrodynamics","floor":16},{"not_picked":["Aggregate","Sweeping Beam"],"picked":"Cold Snap","floor":17},{"not_picked":["Undo","Sunder"],"picked":"Buffer","floor":17},{"not_picked":["Sunder","Hello World"],"picked":"Conserve Battery","floor":17},{"not_picked":["Doom and Gloom","Gash"],"picked":"Conserve Battery","floor":17},{"not_picked":["Leap","Hologram"],"picked":"Self Repair","floor":18},{"not_picked":["Compile Driver+1","Hologram"],"picked":"Defragment","floor":21},{"not_picked":["Streamline","Gash"],"picked":"Storm","floor":22},{"not_picked":["Coolheaded+1","Aggregate"],"picked":"Biased Cognition","floor":30},{"not_picked":["Auto Shields","Melter+1"],"picked":"White Noise","floor":31},{"not_picked":["Rainbow","Reboot"],"picked":"Thunder Strike","floor":33},{"not_picked":["Stack","Leap+1"],"picked":"Cold Snap+1","floor":35},{"not_picked":["White Noise+1","Sweeping Beam"],"picked":"Defragment+1","floor":36},{"not_picked":["Gash","Cold Snap+1"],"picked":"Static Discharge+1","floor":37},{"not_picked":["Leap+1","Go for the Eyes"],"picked":"Self Repair","floor":38},{"not_picked":["Beam Cell","Darkness"],"picked":"Seek","floor":39},{"not_picked":["Mind Blast","Blind"],"picked":"Madness","floor":44},{"not_picked":["Stack","Compile Driver+1","Sweeping Beam+1"],"picked":"SKIP","floor":47}],"player_experience":1020777,"relics_obtained":[{"floor":7,"key":"Ginger"},{"floor":9,"key":"Cables"},{"floor":19,"key":"Enchiridion"},{"floor":26,"key":"Dodecahedron"},{"floor":30,"key":"Art of War"},{"floor":37,"key":"Girya"},{"floor":43,"key":"Strawberry"}],"event_choices":[{"damage_healed":0,"gold_gain":0,"player_choice":"Take Damage","damage_taken":18,"relics_obtained":["Golden Idol"],"max_hp_gain":0,"max_hp_loss":0,"event_name":"Golden Idol","floor":2,"gold_loss":0},{"damage_healed":0,"gold_gain":0,"player_choice":"Left Gold","damage_taken":0,"max_hp_gain":0,"max_hp_loss":0,"event_name":"World of Goop","floor":10,"gold_loss":33},{"damage_healed":25,"gold_gain":0,"player_choice":"Banana","damage_taken":0,"max_hp_gain":0,"max_hp_loss":0,"event_name":"Big Fish","floor":11,"gold_loss":0},{"cards_removed":["Strike_B"],"damage_healed":0,"gold_gain":0,"player_choice":"Card Removal","damage_taken":0,"max_hp_gain":0,"max_hp_loss":0,"event_name":"The Cleric","floor":14,"gold_loss":50},{"damage_healed":0,"gold_gain":0,"player_choice":"Obtained Book","damage_taken":16,"max_hp_gain":0,"max_hp_loss":0,"event_name":"Cursed Tome","floor":19,"gold_loss":0},{"cards_removed":["Reprogram"],"damage_healed":20,"gold_gain":0,"player_choice":"Offered Uncommon","damage_taken":0,"max_hp_gain":0,"max_hp_loss":0,"event_name":"Bonfire Elementals","floor":24,"gold_loss":0},{"damage_healed":0,"gold_gain":0,"player_choice":"Fight","damage_taken":0,"max_hp_gain":0,"max_hp_loss":0,"event_name":"MindBloom","floor":37,"gold_loss":0},{"damage_healed":0,"gold_gain":0,"player_choice":"Embrace Madness","damage_taken":9,"max_hp_gain":0,"max_hp_loss":0,"event_name":"Winding Halls","floor":41,"gold_loss":0,"cards_obtained":["Madness","Madness"]},{"damage_healed":0,"gold_gain":0,"player_choice":"Memory 1","damage_taken":0,"max_hp_gain":0,"max_hp_loss":0,"event_name":"SensoryStone","floor":44,"gold_loss":0}],"is_beta":false,"boss_relics":[{"not_picked":["Velvet Choker","Cursed Key"],"picked":"Orrery"},{"not_picked":["Runic Dome","FrozenCore"],"picked":"Nuclear Battery"}],"items_purged_floors":[20,46],"is_endless":false,"potions_floor_spawned":[3,7,13,18,22,30,35],"ascension_level":0}