{"gold_per_floor":[11,23,23,35,35,35,67,67,67,83,83,96,129,149,149,149],"floor_reached":16,"playtime":526,"items_purged":[],"score":224,"play_id":"d00f8b56-0b52-4b01-8df6-d06036509061","local_time":"20190328182809","is_ascension_mode":true,"campfire_choices":[{"data":"Bash","floor":6.0,"key":"SMITH"},{"data":"Fiend Fire","floor":8.0,"key":"SMITH"},{"floor":11.0,"key":"REST"},{"floor":15,"key":"REST"}],"neow_cost":"NO_GOLD","seed_source_timestamp":169844848523200,"circlet_count":0,"master_deck":["AscendersBane","Strike_R","Strike_R","Strike_R","Strike_R","Defend_R","Defend_R","Defend_R","Defend_R","Bash+1","Forethought","Trip","Hemokinesis","Clothesline","Hemokinesis","Armaments","Fiend Fire+1","Anger","Offering","Whirlwind","Inflame"],"special_seed":0,"relics":["Burning Blood","Bird Faced Urn","Kunai","Oddly Smooth Stone"],"potions_floor_usage":[16],"damage_taken":[{"damage":10.0,"enemies":"Small Slimes","floor":1.0,"turns":4.0},{"damage":3.0,"enemies":"Cultist","floor":2.0,"turns":2.0},{"damage":7.0,"enemies":"Jaw Worm","floor":4.0,"turns":2.0},{"damage":51.0,"enemies":"3 Sentries","floor":7.0,"turns":10.0},{"damage":3.0,"enemies":"2 Fungi Beasts","floor":10.0,"turns":2.0},{"damage":14,"enemies":"Large Slime","floor":12,"turns":5},{"damage":29,"enemies":"Lagavulin","floor":13,"turns":3},{"damage":17,"enemies":"Gremlin Gang","floor":14,"turns":4},{"damage":58,"enemies":"The Guardian","floor":16,"turns":4}],"seed_played":"1345484950039226725","potions_obtained":[{"floor":4.0,"key":"Dexterity Potion"},{"floor":7.0,"key":"Regen Potion"},{"floor":12,"key":"PowerPotion"}],"is_trial":false,"path_per_floor":["M","M","?","M","?","R","E","R","T","M","R","M","E","M","R","B"],"character_chosen":"IRONCLAD","items_purchased":[],"campfire_rested":2,"item_purchase_floors":[],"current_hp_per_floor":[64,67,67,66,71,71,26,26,26,29,53,45,22,11,35,0],"gold":149,"neow_bonus":"RANDOM_COLORLESS_2","is_prod":false,"is_daily":false,"chose_seed":false,"campfire_upgraded":2,"win_rate":0,"timestamp":1553790489,"path_taken":["M","M","?","?","?","R","E","R","T","M","R","M","E","M","R","BOSS"],"build_version":"2019-01-23","purchased_purges":0,"victory":false,"max_hp_per_floor":[75,75,75,75,80,80,80,80,80,80,80,80,80,80,80,80],"card_choices":[{"not_picked":["Evolve","Flex"],"picked":"Hemokinesis","floor":1.0},{"not_picked":["Thunderclap","Hemokinesis"],"picked":"Clothesline","floor":2.0},{"not_picked":["Flex","Rampage"],"picked":"Armaments","floor":4.0},{"not_picked":["Intimidate","Warcry"],"picked":"Fiend Fire","floor":7.0},{"not_picked":["Headbutt","Twin Strike"],"picked":"Anger","floor":10.0},{"not_picked":["Sword Boomerang","True Grit"],"picked":"Offering","floor":12},{"not_picked":["Clash","Cleave"],"picked":"Whirlwind","floor":13},{"not_picked":["Twin Strike","Pommel Strike"],"picked":"Inflame","floor":14}],"player_experience":949651,"relics_obtained":[{"floor":7.0,"key":"Bird Faced Urn"},{"floor":9.0,"key":"Kunai"},{"floor":13,"key":"Oddly Smooth Stone"}],"event_choices":[{"damage_healed":0.0,"max_hp_gain":0.0,"max_hp_loss":0.0,"gold_gain":0.0,"cards_transformed":["Strike_R"],"event_name":"Transmorgrifier","player_choice":"Transformed","floor":3.0,"gold_loss":0.0,"damage_taken":0.0,"cards_obtained":["Hemokinesis"]},{"damage_healed":0.0,"max_hp_gain":5.0,"max_hp_loss":0.0,"gold_gain":0.0,"event_name":"Big Fish","player_choice":"Donut","floor":5.0,"gold_loss":0.0,"damage_taken":0.0}],"is_beta":false,"boss_relics":[],"items_purged_floors":[],"is_endless":false,"potions_floor_spawned":[4,7,12],"killed_by":"The Guardian","ascension_level":20}