{"gold_per_floor":[115,131,56,56,56,73,108,108,132,142,42,42,217,233,233,335,335,353,370,167,167,185,185,204,204,204,304,78,78,111,124,124,227,227,246,260,275,288,303,332,332,332,358,358,358,358,419,437,437,437],"floor_reached":51,"playtime":1117,"items_purged":["Strike_R","Defend_R","Doubt","Strike_R"],"score":799,"play_id":"dff0c8c9-029b-4f27-a20a-6c2f104703d4","local_time":"20190628044955","is_ascension_mode":false,"campfire_choices":[{"data":"Flex","floor":8.0,"key":"SMITH"},{"data":"Heavy Blade","floor":12.0,"key":"SMITH"},{"data":"Flex","floor":15.0,"key":"SMITH"},{"data":"Limit Break","floor":23.0,"key":"SMITH"},{"data":"Heavy Blade","floor":25.0,"key":"SMITH"},{"data":"Uppercut","floor":32,"key":"SMITH"},{"data":"Flex","floor":41,"key":"SMITH"},{"data":"Whirlwind","floor":44,"key":"SMITH"},{"data":"Inflame","floor":49,"key":"SMITH"}],"neow_cost":"NONE","seed_source_timestamp":12693373223326,"circlet_count":0,"master_deck":["Strike_R","Strike_R","Defend_R","Defend_R","Defend_R","Bash","Heavy Blade+1","Flex+1","Flex+1","Flex+1","Limit Break+1","Heavy Blade+1","Inflame+1","Uppercut+1","Flex+1","Whirlwind+1","Flex","Headbutt+1","Heavy Blade+1"],"special_seed":0,"relics":["Burning Blood","NeowsBlessing","Blood Vial","Bag of Preparation","Coffee Dripper","MutagenicStrength","Mercury Hourglass","Ice Cream","Ornamental Fan","Vajra","Sozu","Red Skull","Centennial Puzzle","SsserpentHead"],"potions_floor_usage":[33,50,50],"damage_taken":[{"damage":0.0,"enemies":"Cultist","floor":1.0,"turns":1.0},{"damage":0.0,"enemies":"Small Slimes","floor":2.0,"turns":1.0},{"damage":0.0,"enemies":"Jaw Worm","floor":6.0,"turns":1.0},{"damage":12.0,"enemies":"3 Sentries","floor":7.0,"turns":10.0},{"damage":5.0,"enemies":"Looter","floor":10.0,"turns":2.0},{"damage":3.0,"enemies":"Exordium Wildlife","floor":14.0,"turns":3.0},{"damage":0.0,"enemies":"Slime Boss","floor":16.0,"turns":3.0},{"damage":24.0,"enemies":"3 Byrds","floor":18.0,"turns":5.0},{"damage":10.0,"enemies":"Shell Parasite","floor":19.0,"turns":3.0},{"damage":0.0,"enemies":"Cultist and Chosen","floor":22.0,"turns":3.0},{"damage":15.0,"enemies":"Snecko","floor":24.0,"turns":4.0},{"damage":7.0,"enemies":"Colosseum Slavers","floor":27.0,"turns":2.0},{"damage":7.0,"enemies":"Colosseum Nobs","floor":27.0,"turns":2.0},{"damage":18.0,"enemies":"Gremlin Leader","floor":30.0,"turns":3.0},{"damage":5,"enemies":"Chosen and Byrds","floor":31,"turns":3},{"damage":33,"enemies":"Champ","floor":33,"turns":5},{"damage":2,"enemies":"Orb Walker","floor":35,"turns":2},{"damage":14,"enemies":"3 Darklings","floor":36,"turns":3},{"damage":0,"enemies":"Spire Growth","floor":37,"turns":1},{"damage":19,"enemies":"Writhing Mass","floor":38,"turns":2},{"damage":17,"enemies":"4 Shapes","floor":39,"turns":2},{"damage":13,"enemies":"Giant Head","floor":40,"turns":4},{"damage":0,"enemies":"3 Darklings","floor":47,"turns":1},{"damage":0,"enemies":"Spire Growth","floor":48,"turns":1},{"damage":35,"enemies":"Time Eater","floor":50,"turns":3}],"seed_played":"-4587500840683292911","potions_obtained":[{"floor":6.0,"key":"EssenceOfSteel"},{"floor":7.0,"key":"SteroidPotion"},{"floor":10.0,"key":"SteroidPotion"},{"floor":14.0,"key":"GamblersBrew"},{"floor":16.0,"key":"SpeedPotion"},{"floor":22.0,"key":"LiquidBronze"},{"floor":24.0,"key":"EssenceOfSteel"},{"floor":30.0,"key":"LiquidBronze"}],"is_trial":false,"path_per_floor":["M","M","$","?","?","M","E","R","T","M","$","R","?","M","R","B",null,"M","M","$","?","M","R","M","R","T","?","$","$","E","M","R","B",null,"M","M","M","M","M","E","R","?","T","R","?","?","M","M","R","B",null],"character_chosen":"IRONCLAD","items_purchased":["Uppercut","Whirlwind"],"campfire_rested":0,"item_purchase_floors":[20,28],"current_hp_per_floor":[80,80,80,80,73,79,73,73,73,76,76,76,76,80,80,80,80,62,60,60,60,68,68,61,61,61,63,63,63,53,56,56,31,80,80,72,80,67,58,53,53,53,53,53,53,53,61,69,69,42],"gold":437,"neow_bonus":"THREE_ENEMY_KILL","is_prod":false,"is_daily":false,"chose_seed":false,"campfire_upgraded":9,"win_rate":0,"timestamp":1561718995,"path_taken":["M","?","$","?","?","M","E","R","T","M","$","R","?","M","R","BOSS","M","M","$","?","M","R","M","R","T","?","?","$","E","M","R","BOSS","M","M","?","M","M","E","R","?","T","R","?","?","?","M","R","BOSS"],"build_version":"2019-01-23","purchased_purges":4,"victory":true,"max_hp_per_floor":[80,80,80,80,80,80,80,80,80,80,80,80,80,80,80,80,80,80,80,80,80,80,80,80,80,80,80,80,80,80,80,80,80,80,80,80,80,80,80,80,80,76,76,76,76,76,76,76,76,76],"card_choices":[{"not_picked":["Clash","Sever Soul"],"picked":"Heavy Blade","floor":1.0},{"not_picked":["True Grit","Headbutt"],"picked":"Flex","floor":2.0},{"not_picked":["Rage","Headbutt"],"picked":"Flex","floor":6.0},{"not_picked":["Battle Trance","Intimidate"],"picked":"Flex","floor":7.0},{"not_picked":["Iron Wave","True Grit","Shockwave"],"picked":"SKIP","floor":10.0},{"not_picked":["Havoc","Intimidate","Impervious"],"picked":"SKIP","floor":14.0},{"not_picked":["Impervious","Feed"],"picked":"Limit Break","floor":16.0},{"not_picked":["True Grit","Headbutt+1"],"picked":"Heavy Blade","floor":18.0},{"not_picked":["Bloodletting+1","Headbutt"],"picked":"Inflame","floor":19.0},{"not_picked":["Uppercut","Combust+1","Armaments"],"picked":"SKIP","floor":22.0},{"not_picked":["Warcry+1","Spot Weakness","Fire Breathing"],"picked":"SKIP","floor":24.0},{"not_picked":["Headbutt+1","Cleave"],"picked":"Flex","floor":27.0},{"not_picked":["Sever Soul","Offering"],"picked":"Flex","floor":30.0},{"not_picked":["Shockwave+1","Twin Strike"],"picked":"Headbutt+1","floor":31},{"not_picked":["Clothesline","Cleave+1"],"picked":"Heavy Blade+1","floor":35},{"not_picked":["Spot Weakness+1","Shrug It Off","Flame Barrier"],"picked":"SKIP","floor":36},{"not_picked":["True Grit","Havoc","Barricade"],"picked":"SKIP","floor":37},{"not_picked":["Power Through+1","Seeing Red+1","Twin Strike+1"],"picked":"SKIP","floor":38},{"not_picked":["Wild Strike+1","Burning Pact+1","Spot Weakness+1"],"picked":"SKIP","floor":39},{"not_picked":["Twin Strike+1","Power Through+1","Infernal Blade+1"],"picked":"SKIP","floor":40},{"not_picked":["Pummel+1","Cleave+1","Blood for Blood"],"picked":"SKIP","floor":47},{"not_picked":["True Grit","Twin Strike","Iron Wave"],"picked":"SKIP","floor":48}],"player_experience":1518700,"relics_obtained":[{"floor":7.0,"key":"Blood Vial"},{"floor":9.0,"key":"Bag of Preparation"},{"floor":26.0,"key":"Mercury Hourglass"},{"floor":27.0,"key":"Ice Cream"},{"floor":27.0,"key":"Ornamental Fan"},{"floor":30.0,"key":"Vajra"},{"floor":40,"key":"Red Skull"},{"floor":43,"key":"Centennial Puzzle"}],"event_choices":[{"damage_healed":0.0,"max_hp_gain":0.0,"max_hp_loss":0.0,"gold_gain":0.0,"event_name":"Living Wall","player_choice":"Grow","floor":4.0,"gold_loss":0.0,"damage_taken":0.0,"cards_upgraded":["Flex"]},{"cards_removed":["Strike_R"],"damage_healed":0.0,"max_hp_gain":0.0,"max_hp_loss":0.0,"gold_gain":0.0,"event_name":"Golden Wing","player_choice":"Card Removal","floor":5.0,"gold_loss":0.0,"damage_taken":7.0},{"damage_healed":0.0,"max_hp_gain":0.0,"max_hp_loss":0.0,"gold_gain":175.0,"event_name":"Liars Game","player_choice":"AGREE","floor":13.0,"gold_loss":0.0,"damage_taken":0.0,"cards_obtained":["Doubt"]},{"damage_healed":0.0,"max_hp_gain":0.0,"max_hp_loss":0.0,"gold_gain":0.0,"event_name":"Drug Dealer","player_choice":"Inject Mutagens","floor":21.0,"gold_loss":0.0,"damage_taken":0.0,"relics_obtained":["MutagenicStrength"]},{"damage_healed":0.0,"max_hp_gain":0.0,"max_hp_loss":0.0,"gold_gain":0.0,"event_name":"Colosseum","player_choice":"Fight","floor":27.0,"gold_loss":0.0,"damage_taken":0.0},{"damage_healed":0.0,"max_hp_gain":0.0,"max_hp_loss":0.0,"gold_gain":0.0,"event_name":"Colosseum","player_choice":"Fought Nobs","floor":27.0,"gold_loss":0.0,"damage_taken":0.0},{"damage_healed":0,"gold_gain":0,"player_choice":"Max HP","damage_taken":0,"max_hp_gain":0,"max_hp_loss":4,"event_name":"Winding Halls","floor":42,"gold_loss":0},{"damage_healed":0,"gold_gain":0,"player_choice":"Memory 1","damage_taken":0,"max_hp_gain":0,"max_hp_loss":0,"event_name":"SensoryStone","floor":45,"gold_loss":0},{"damage_healed":0,"gold_gain":0,"player_choice":"Trade","damage_taken":0,"relics_obtained":["SsserpentHead"],"max_hp_gain":0,"max_hp_loss":0,"event_name":"FaceTrader","floor":46,"gold_loss":0}],"is_beta":false,"boss_relics":[{"not_picked":["Calling Bell","Black Star"],"picked":"Coffee Dripper"},{"not_picked":["Runic Cube","Black Blood"],"picked":"Sozu"}],"items_purged_floors":[3,11,20,28],"is_endless":false,"potions_floor_spawned":[6,7,10,14,16,22,24,27,30,31,37,40,47,48],"ascension_level":0}