{"gold_per_floor":[116,116,130,143,68,68,88,102,177,177,212,231,243,258,258,360,360,378,204,204,215,140,140,150,150,150,65,65,65,77,96,96,200,200,217,217,227,237,147,147,162,180,235,248,248,268,268,279,279,279],"floor_reached":51,"playtime":7249,"items_purged":["Strike_R","Strike_R"],"score":707,"play_id":"c97d8c9f-971c-4ae7-8a65-375b6445be28","local_time":"20181116213910","is_ascension_mode":false,"campfire_choices":[{"data":"Barricade","floor":6,"key":"SMITH"},{"data":"Bash","floor":10,"key":"SMITH"},{"data":"Offering","floor":15,"key":"SMITH"},{"data":"Entrench","floor":23,"key":"SMITH"},{"data":"Juggernaut","floor":25,"key":"SMITH"},{"data":"Armaments","floor":32,"key":"SMITH"},{"data":"Impervious","floor":40,"key":"SMITH"},{"data":"Flame Barrier","floor":45,"key":"SMITH"},{"data":"Iron Wave","floor":47,"key":"SMITH"},{"data":"Metallicize","floor":49,"key":"SMITH"}],"neow_cost":"NONE","seed_source_timestamp":83107591210463,"circlet_count":0,"master_deck":["Defend_R","Defend_R","Bash+1","Iron Wave+1","Spot Weakness","Barricade+1","Offering+1","Flame Barrier+1","Whirlwind+1","Iron Wave+1","Juggernaut+1","Ghostly Armor","Battle Trance","Flex+1","Iron Wave+1","Warcry","Body Slam+1","Entrench+1","Twin Strike+1","Iron Wave+1","Ghostly Armor","Metallicize+1","Armaments+1","Impervious+1","Shrug It Off+1","Metallicize","Body Slam+1","Parasite","Iron Wave+1","Body Slam+1"],"relics":["Burning Blood","CultistMask","Molten Egg 2","FossilizedHelix","Orrery","The Courier","Smiling Mask","Enchiridion","Coffee Dripper","Regal Pillow","Ancient Tea Set"],"potions_floor_usage":[50,50],"damage_taken":[{"damage":5,"enemies":"Jaw Worm","floor":1,"turns":5},{"damage":1,"enemies":"Cultist","floor":3,"turns":4},{"damage":1,"enemies":"2 Louse","floor":4,"turns":3},{"damage":10,"enemies":"Looter","floor":7,"turns":3},{"damage":3,"enemies":"2 Fungi Beasts","floor":8,"turns":4},{"damage":24,"enemies":"Gremlin Nob","floor":11,"turns":5},{"damage":10,"enemies":"3 Louse","floor":12,"turns":5},{"damage":0,"enemies":"Blue Slaver","floor":13,"turns":6},{"damage":16,"enemies":"Exordium Thugs","floor":14,"turns":5},{"damage":18,"enemies":"The Guardian","floor":16,"turns":13},{"damage":7,"enemies":"Shell Parasite","floor":18,"turns":6},{"damage":0,"enemies":"Chosen","floor":21,"turns":4},{"damage":8,"enemies":"Shelled Parasite and Fungi","floor":24,"turns":5},{"damage":10,"enemies":"Sentry and Sphere","floor":30,"turns":4},{"damage":0,"enemies":"Snecko","floor":31,"turns":4},{"damage":0,"enemies":"Champ","floor":33,"turns":10},{"damage":0,"enemies":"3 Darklings","floor":35,"turns":7},{"damage":6,"enemies":"Orb Walker","floor":37,"turns":3},{"damage":2,"enemies":"Sphere and 2 Shapes","floor":38,"turns":9},{"damage":0,"enemies":"Writhing Mass","floor":41,"turns":5},{"damage":25,"enemies":"Transient","floor":42,"turns":5},{"damage":6,"enemies":"Maw","floor":44,"turns":8},{"damage":0,"enemies":"4 Shapes","floor":46,"turns":4},{"damage":0,"enemies":"Transient","floor":48,"turns":5},{"damage":43,"enemies":"Time Eater","floor":50,"turns":8}],"seed_played":"-5538021948086291662","potions_obtained":[{"floor":1,"key":"Strength Potion"},{"floor":7,"key":"SteroidPotion"},{"floor":8,"key":"BloodPotion"},{"floor":33,"key":"PowerPotion"},{"floor":46,"key":"Ancient Potion"}],"is_trial":false,"path_per_floor":["M","?","M","M","$","R","M","M","T","R","E","M","M","M","R","B",null,"M","$","?","M","?","R","M","R","T","?","?","?","M","M","R","B",null,"M","?","M","M","?","R","M","M","T","M","R","M","R","M","R","B",null],"character_chosen":"IRONCLAD","items_purchased":["Entrench"],"campfire_rested":0,"item_purchase_floors":[19],"current_hp_per_floor":[80,80,80,80,80,80,76,79,79,79,61,57,63,53,53,41,80,79,79,79,80,80,80,78,78,78,78,62,62,58,64,64,70,80,80,80,80,80,80,80,80,61,61,61,61,67,67,73,73,36],"gold":279,"neow_bonus":"REMOVE_CARD","is_prod":false,"is_daily":false,"chose_seed":false,"campfire_upgraded":10,"win_rate":0,"timestamp":1542371950,"path_taken":["M","?","M","M","$","R","M","?","T","R","E","M","M","M","R","BOSS","M","$","?","M","?","R","M","R","T","?","?","?","M","?","R","BOSS","M","?","?","?","?","R","?","M","T","M","R","?","R","M","R","BOSS"],"build_version":"2018-11-15","purchased_purges":2,"victory":true,"max_hp_per_floor":[80,80,80,80,80,80,80,80,80,80,80,80,80,80,80,80,80,80,80,80,80,80,80,80,80,80,80,80,80,80,80,80,80,80,80,80,80,80,80,80,80,80,80,80,80,80,80,80,80,80],"card_choices":[{"not_picked":["Clothesline","Pommel Strike"],"picked":"Iron Wave","floor":1},{"not_picked":["Headbutt","Battle Trance"],"picked":"Spot Weakness","floor":3},{"not_picked":["Heavy Blade","Sword Boomerang"],"picked":"Barricade","floor":4},{"not_picked":["Shockwave","Rampage","Havoc"],"picked":"SKIP","floor":7},{"not_picked":["Wild Strike","Twin Strike","Havoc"],"picked":"SKIP","floor":8},{"not_picked":["Flex","Sword Boomerang+1"],"picked":"Offering","floor":11},{"not_picked":["Warcry","Uppercut+1"],"picked":"Flame Barrier","floor":12},{"not_picked":["Heavy Blade+1","Headbutt+1"],"picked":"Whirlwind+1","floor":13},{"not_picked":["Wild Strike+1","Headbutt+1"],"picked":"Iron Wave+1","floor":14},{"not_picked":["Reaper+1","Barricade"],"picked":"Juggernaut","floor":16},{"not_picked":["Sword Boomerang+1","Warcry"],"picked":"Ghostly Armor","floor":17},{"not_picked":["Warcry","Clothesline+1"],"picked":"Battle Trance","floor":17},{"not_picked":["Dual Wield","Havoc"],"picked":"Flex","floor":17},{"not_picked":["Rupture","Uppercut+1"],"picked":"Iron Wave+1","floor":17},{"not_picked":["Fiend Fire+1","Searing Blow+1"],"picked":"Warcry","floor":17},{"not_picked":["Warcry","Flex+1"],"picked":"Body Slam+1","floor":18},{"not_picked":["Heavy Blade+1","Clothesline+1","Searing Blow+1"],"picked":"SKIP","floor":21},{"not_picked":["Twin Strike+1","Power Through"],"picked":"Ghostly Armor","floor":24},{"not_picked":["Cleave+1","Shockwave"],"picked":"Metallicize","floor":30},{"not_picked":["Whirlwind+1","Bludgeon+1"],"picked":"Armaments","floor":31},{"not_picked":["Juggernaut","Double Tap"],"picked":"Impervious","floor":33},{"not_picked":["Intimidate","Reckless Charge+1"],"picked":"Shrug It Off+1","floor":35},{"not_picked":["Pommel Strike+1","Combust+1"],"picked":"Metallicize","floor":37},{"not_picked":["Combust+1","Corruption+1"],"picked":"Body Slam+1","floor":38},{"not_picked":["Anger+1","Flex+1","Fire Breathing"],"picked":"SKIP","floor":41},{"not_picked":["Power Through","Battle Trance"],"picked":"Iron Wave+1","floor":42},{"not_picked":["Perfected Strike+1","Anger+1","Warcry"],"picked":"SKIP","floor":44},{"not_picked":["Shockwave+1","Feed+1"],"picked":"Body Slam+1","floor":46},{"not_picked":["True Grit+1","Sword Boomerang+1","Shrug It Off"],"picked":"SKIP","floor":48}],"player_experience":573977,"relics_obtained":[{"floor":9,"key":"Molten Egg 2"},{"floor":11,"key":"FossilizedHelix"},{"floor":26,"key":"The Courier"},{"floor":28,"key":"Enchiridion"},{"floor":43,"key":"Ancient Tea Set"}],"event_choices":[{"damage_healed":0,"gold_gain":0,"player_choice":"Trade","damage_taken":0,"relics_obtained":["CultistMask"],"max_hp_gain":0,"max_hp_loss":0,"event_name":"FaceTrader","floor":2,"gold_loss":0},{"damage_healed":0,"gold_gain":0,"cards_transformed":["Strike_R","Strike_R"],"player_choice":"Became Test Subject","damage_taken":0,"max_hp_gain":0,"max_hp_loss":0,"event_name":"Drug Dealer","floor":20,"gold_loss":0,"cards_obtained":["Twin Strike","Iron Wave"]},{"cards_removed":["Defend_R"],"damage_healed":0,"gold_gain":0,"player_choice":"Gave Gold","damage_taken":0,"max_hp_gain":0,"max_hp_loss":0,"event_name":"Beggar","floor":22,"gold_loss":75},{"damage_healed":0,"gold_gain":0,"player_choice":"Obtained Relic","damage_taken":0,"relics_obtained":["Smiling Mask"],"max_hp_gain":0,"max_hp_loss":0,"event_name":"Addict","floor":27,"gold_loss":85},{"damage_healed":0,"gold_gain":0,"player_choice":"Obtained Book","damage_taken":16,"max_hp_gain":0,"max_hp_loss":0,"event_name":"Cursed Tome","floor":28,"gold_loss":0},{"damage_healed":0,"gold_gain":0,"player_choice":"Ignored","damage_taken":0,"max_hp_gain":0,"max_hp_loss":0,"event_name":"Ghosts","floor":29,"gold_loss":0},{"damage_healed":0,"gold_gain":0,"player_choice":"Gave Potion","damage_taken":0,"relics_obtained":["Regal Pillow"],"max_hp_gain":0,"max_hp_loss":0,"event_name":"WeMeetAgain","floor":36,"gold_loss":0},{"cards_removed":["Defend_R"],"damage_healed":0,"gold_gain":0,"player_choice":"Upgrade and Remove","damage_taken":0,"max_hp_gain":0,"max_hp_loss":0,"event_name":"Designer","floor":39,"gold_loss":90,"cards_upgraded":["Flex"]}],"is_beta":false,"boss_relics":[{"not_picked":["Runic Pyramid","Eternal Feather"],"picked":"Orrery"},{"not_picked":["Runic Dome","Astrolabe"],"picked":"Coffee Dripper"}],"items_purged_floors":[5,19],"is_endless":false,"potions_floor_spawned":[1,7,8,13,16,18,24,31,33,35,46,48],"ascension_level":0}