{"gold_per_floor":[113,113,113,113,42,67,67,82,82,257,34,109,124,139,139,236,236,256,256,256,268,268,282,337,354,354,354,379,379,95,106,106,202,202,219,219,171,186,209,209,229,240,240,18,18,52,52,52,52,52,52,52,4,31,31],"floor_reached":55,"playtime":3497,"items_purged":["Defend_R+1"],"score":756,"play_id":"5100f6ee-658f-4a2b-9d23-69506cc12069","local_time":"20190322223411","is_ascension_mode":false,"campfire_choices":[{"data":"Flame Barrier","floor":7.0,"key":"SMITH"},{"data":"Armaments","floor":15,"key":"SMITH"},{"floor":27,"key":"REST"},{"floor":32,"key":"REST"},{"floor":40,"key":"RECALL"},{"data":"Limit Break","floor":45,"key":"SMITH"},{"data":"Double Tap","floor":47,"key":"SMITH"},{"floor":49,"key":"REST"},{"data":"Heavy Blade","floor":52,"key":"SMITH"}],"neow_cost":"NONE","seed_source_timestamp":2988626183021768,"circlet_count":0,"master_deck":["Strike_R+1","Strike_R+1","Strike_R+1","Strike_R+1","Defend_R+1","Bash","Shockwave","Flame Barrier+1","Warcry","Shrug It Off","Metallicize","Perfected Strike","Armaments+1","Barricade","Searing Blow+1","Entrench","Heavy Blade+1","Double Tap+1","Flame Barrier","Rage+1","Limit Break+1","Flex","Heavy Blade+1","Cleave","Dropkick+1","Clothesline+1","Spot Weakness+1","Limit Break+1"],"special_seed":0,"relics":["Burning Blood","NeowsBlessing","Gremlin Horn","Omamori","Anchor","Velvet Choker","Dodecahedron","MutagenicStrength","Tiny Chest","Shuriken","Mummified Hand","Brimstone","Empty Cage","Vajra","Ancient Tea Set","Lantern","Pear","Red Skull"],"potions_floor_usage":[16,21,24,24,28,33,42,42,46,54,55],"damage_taken":[{"damage":0.0,"enemies":"2 Louse","floor":1.0,"turns":1.0},{"damage":0.0,"enemies":"3 Sentries","floor":6.0,"turns":1.0},{"damage":0.0,"enemies":"Jaw Worm","floor":8.0,"turns":1.0},{"damage":4,"enemies":"Cultist","floor":13,"turns":7},{"damage":0,"enemies":"2 Fungi Beasts","floor":14,"turns":3},{"damage":17,"enemies":"The Guardian","floor":16,"turns":13},{"damage":21,"enemies":"Spheric Guardian","floor":18,"turns":8},{"damage":10,"enemies":"3 Byrds","floor":21,"turns":3},{"damage":3,"enemies":"Shelled Parasite and Fungi","floor":23,"turns":6},{"damage":41,"enemies":"Slavers","floor":24,"turns":9},{"damage":12,"enemies":"Snake Plant","floor":25,"turns":4},{"damage":16,"enemies":"Book of Stabbing","floor":28,"turns":9},{"damage":14,"enemies":"Cultist and Chosen","floor":31,"turns":6},{"damage":41,"enemies":"Collector","floor":33,"turns":10},{"damage":0,"enemies":"3 Shapes","floor":35,"turns":3},{"damage":0,"enemies":"Orb Walker","floor":38,"turns":2},{"damage":11,"enemies":"4 Shapes","floor":41,"turns":3},{"damage":13,"enemies":"Transient","floor":42,"turns":5},{"damage":9,"enemies":"Giant Head","floor":46,"turns":5},{"damage":27,"enemies":"Time Eater","floor":50,"turns":4},{"damage":36,"enemies":"Shield and Spear","floor":54,"turns":3},{"damage":102,"enemies":"The Heart","floor":55,"turns":3}],"seed_played":"7679550474622005410","potions_obtained":[{"floor":1.0,"key":"Regen Potion"},{"floor":6.0,"key":"AttackPotion"},{"floor":8.0,"key":"BloodPotion"},{"floor":16,"key":"Explosive Potion"},{"floor":24,"key":"EssenceOfSteel"},{"floor":28,"key":"LiquidBronze"},{"floor":33,"key":"Fire Potion"},{"floor":36,"key":"Regen Potion"},{"floor":36,"key":"LiquidBronze"},{"floor":42,"key":"Block Potion"},{"floor":54,"key":"Regen Potion"}],"is_trial":false,"path_per_floor":["M","$","?","T","$","E","R","M","T","?","$","?","M","M","R","B",null,"M","?","?","M","?","M","E","M","T","R","E","?","$","M","R","B",null,"M","?","$","M","T","R","M","M","T","$","R","E","R","?","R","B",null,"R","$","E","B"],"character_chosen":"IRONCLAD","items_purchased":["Flame Barrier","Anchor","Metallicize","Brimstone","Flame Barrier","Heavy Blade","Lantern","FearPotion"],"campfire_rested":3,"item_purchase_floors":[5,11,11,30,30,37,44,53],"current_hp_per_floor":[80,80,73,73,73,79,79,80,80,80,80,69,71,77,77,66,80,65,65,65,66,66,69,42,36,36,60,50,50,50,42,66,31,80,80,80,80,80,80,80,75,73,73,73,73,80,80,80,90,69,90,90,90,60,0],"gold":31,"neow_bonus":"THREE_ENEMY_KILL","is_prod":false,"is_daily":false,"chose_seed":false,"campfire_upgraded":5,"win_rate":0,"timestamp":1553294051,"path_taken":["M","$","?","?","?","E","R","?","T","?","?","?","M","M","R","BOSS","M","?","?","M","?","M","E","M","T","R","E","?","$","M","R","BOSS","M","?","?","M","?","R","?","M","T","$","R","E","R","?","R","BOSS","R","$","E","BOSS"],"build_version":"2019-01-23","purchased_purges":1,"victory":false,"max_hp_per_floor":[80,80,80,80,80,80,80,80,80,80,80,80,80,80,80,80,80,80,80,80,80,80,80,80,80,80,80,80,80,80,80,80,80,80,80,80,80,80,80,80,80,80,80,80,80,90,90,90,90,90,90,90,90,90,90],"card_choices":[{"not_picked":["Shrug It Off","Intimidate"],"picked":"Shockwave","floor":1.0},{"not_picked":["Hemokinesis","Heavy Blade"],"picked":"Warcry","floor":6.0},{"not_picked":["Headbutt","Corruption"],"picked":"Shrug It Off","floor":8.0},{"not_picked":["Ghostly Armor","Iron Wave"],"picked":"Perfected Strike","floor":13},{"not_picked":["True Grit","Havoc"],"picked":"Armaments","floor":14},{"not_picked":["Demon Form","Exhume"],"picked":"Barricade","floor":16},{"not_picked":["Pummel","Inflame"],"picked":"Searing Blow+1","floor":18},{"not_picked":["Clothesline","Wild Strike","Disarm"],"picked":"SKIP","floor":21},{"not_picked":["Burning Pact","Armaments","Iron Wave"],"picked":"SKIP","floor":23},{"not_picked":["Rage","Anger"],"picked":"Entrench","floor":24},{"not_picked":["Uppercut","Inflame"],"picked":"Heavy Blade+1","floor":25},{"not_picked":["Dual Wield","Headbutt+1"],"picked":"Double Tap","floor":28},{"not_picked":["Iron Wave","Flame Barrier"],"picked":"Rage+1","floor":31},{"not_picked":["Demon Form","Offering"],"picked":"Limit Break","floor":33},{"not_picked":["Flame Barrier","Pommel Strike"],"picked":"Flex","floor":35},{"not_picked":["Wild Strike+1","Warcry+1"],"picked":"Cleave","floor":38},{"not_picked":["Searing Blow+1","Warcry"],"picked":"Dropkick+1","floor":41},{"not_picked":["Wild Strike+1","Warcry"],"picked":"Clothesline+1","floor":42},{"not_picked":["Thunderclap","Perfected Strike+1"],"picked":"Spot Weakness+1","floor":46},{"not_picked":["Havoc+1","Juggernaut","Anger+1"],"picked":"SKIP","floor":54}],"player_experience":205863,"relics_obtained":[{"floor":4.0,"key":"Gremlin Horn"},{"floor":6.0,"key":"Omamori"},{"floor":24,"key":"Tiny Chest"},{"floor":26,"key":"Shuriken"},{"floor":28,"key":"Mummified Hand"},{"floor":39,"key":"Vajra"},{"floor":43,"key":"Ancient Tea Set"},{"floor":46,"key":"Pear"},{"floor":54,"key":"Red Skull"}],"event_choices":[{"cards_removed":["Strike_R"],"damage_healed":0.0,"max_hp_gain":0.0,"max_hp_loss":0.0,"gold_gain":0.0,"event_name":"Golden Wing","player_choice":"Card Removal","floor":3.0,"gold_loss":0.0,"damage_taken":7.0},{"damage_healed":0,"gold_gain":175,"player_choice":"AGREE","damage_taken":0,"max_hp_gain":0,"max_hp_loss":0,"event_name":"Liars Game","floor":10,"gold_loss":0,"cards_obtained":["Doubt"]},{"damage_healed":0,"gold_gain":75,"player_choice":"Gather Gold","damage_taken":11,"max_hp_gain":0,"max_hp_loss":0,"event_name":"World of Goop","floor":12,"gold_loss":0},{"damage_healed":0,"gold_gain":0,"player_choice":"Simplicity","damage_taken":0,"max_hp_gain":0,"max_hp_loss":0,"event_name":"Back to Basics","floor":19,"gold_loss":0,"cards_upgraded":["Strike_R","Strike_R","Strike_R","Strike_R","Defend_R","Defend_R","Defend_R","Defend_R"]},{"damage_healed":0,"gold_gain":0,"player_choice":"Opened","damage_taken":0,"relics_obtained":["Dodecahedron"],"max_hp_gain":0,"max_hp_loss":0,"event_name":"The Mausoleum","floor":20,"gold_loss":0,"cards_obtained":["Writhe"]},{"damage_healed":0,"gold_gain":0,"player_choice":"Inject Mutagens","damage_taken":0,"relics_obtained":["MutagenicStrength"],"max_hp_gain":0,"max_hp_loss":0,"event_name":"Drug Dealer","floor":22,"gold_loss":0},{"damage_healed":0,"gold_gain":0,"player_choice":"Ignored","damage_taken":0,"max_hp_gain":0,"max_hp_loss":0,"event_name":"Vampires","floor":29,"gold_loss":0},{"damage_healed":0,"gold_gain":0,"player_choice":"Got Potions","damage_taken":0,"max_hp_gain":0,"max_hp_loss":0,"event_name":"Lab","floor":36,"gold_loss":0},{"damage_healed":0,"gold_gain":0,"player_choice":"Copied","damage_taken":0,"max_hp_gain":0,"max_hp_loss":0,"event_name":"Duplicator","floor":48,"gold_loss":0,"cards_obtained":["Limit Break"]}],"is_beta":false,"boss_relics":[{"not_picked":["Astrolabe","Runic Cube"],"picked":"Velvet Choker"},{"not_picked":["Runic Pyramid","Snecko Eye"],"picked":"Empty Cage"}],"items_purged_floors":[44],"is_endless":false,"potions_floor_spawned":[1,6,8,16,24,28,33,38,41,42,54],"killed_by":"The Heart","ascension_level":0}