{"gold_per_floor":[119,136,149,99,99,99,131,131,155,17,17,17,46,58,58,162,162,173,190,202,215,64,98,98,197,197,230,36,47,47,62,62,167,167,187,1,1,1,20,55,33,33,58,75,75,93,112,112,112,112],"floor_reached":51,"playtime":2975,"items_purged":["Strike_R","Juggernaut"],"score":775,"play_id":"f6739983-f820-4074-b373-29033cf790ca","local_time":"20190701173745","is_ascension_mode":false,"campfire_choices":[{"data":"Infernal Blade","floor":6,"key":"SMITH"},{"data":"Rampage","floor":8,"key":"SMITH"},{"data":"Iron Wave","floor":12,"key":"SMITH"},{"data":"Infernal Blade","floor":15,"key":"SMITH"},{"floor":24,"key":"REST"},{"data":"Iron Wave","floor":32,"key":"SMITH"},{"floor":42,"key":"REST"},{"floor":45,"key":"REST"},{"floor":49,"key":"REST"}],"neow_cost":"TEN_PERCENT_HP_LOSS","seed_source_timestamp":42164840687113,"circlet_count":0,"master_deck":["Strike_R","Strike_R","Strike_R+1","Strike_R","Bash","Iron Wave+1","Shrug It Off+1","Infernal Blade+1","Rampage+1","Infernal Blade+1","Clash","Clash","Pommel Strike+1","Clash+1","Whirlwind+1","Clash","Pummel","True Grit+1","Iron Wave+1","Immolate","Whirlwind","Panache","Clash+1","Infernal Blade","Headbutt","Parasite","Iron Wave+1","Clash+1","Shrug It Off","Purity"],"relics":["Burning Blood","Potion Belt","MawBank","Oddly Smooth Stone","Velvet Choker","Thread and Needle","Gremlin Horn","Gambling Chip","Chemical X","Bag of Preparation","Black Star","Incense Burner","Ginger","Red Skull"],"potions_floor_usage":[16,23,23,23,23,27,33,40,50,50],"damage_taken":[{"damage":0,"enemies":"Small Slimes","floor":1,"turns":3},{"damage":7,"enemies":"2 Louse","floor":2,"turns":2},{"damage":2,"enemies":"Jaw Worm","floor":3,"turns":4},{"damage":3,"enemies":"Gremlin Nob","floor":7,"turns":3},{"damage":9,"enemies":"3 Sentries","floor":13,"turns":4},{"damage":0,"enemies":"Looter","floor":14,"turns":2},{"damage":0,"enemies":"Slime Boss","floor":16,"turns":6},{"damage":10,"enemies":"Chosen","floor":18,"turns":4},{"damage":18,"enemies":"2 Thieves","floor":19,"turns":3},{"damage":14,"enemies":"Shelled Parasite and Fungi","floor":20,"turns":3},{"damage":12,"enemies":"Snake Plant","floor":21,"turns":3},{"damage":13,"enemies":"Book of Stabbing","floor":23,"turns":3},{"damage":4,"enemies":"Slavers","floor":27,"turns":3},{"damage":0,"enemies":"3 Cultists","floor":29,"turns":3},{"damage":0,"enemies":"Centurion and Healer","floor":31,"turns":3},{"damage":8,"enemies":"Collector","floor":33,"turns":5},{"damage":0,"enemies":"Orb Walker","floor":35,"turns":2},{"damage":0,"enemies":"3 Darklings","floor":39,"turns":2},{"damage":47,"enemies":"Giant Head","floor":40,"turns":7},{"damage":26,"enemies":"Writhing Mass","floor":44,"turns":5},{"damage":0,"enemies":"Spire Growth","floor":46,"turns":3},{"damage":13,"enemies":"3 Darklings","floor":47,"turns":2},{"damage":64,"enemies":"Donu and Deca","floor":50,"turns":8}],"seed_played":"1480771974905229807","potions_obtained":[{"floor":2,"key":"Poison Potion"},{"floor":13,"key":"Dexterity Potion"},{"floor":14,"key":"Explosive Potion"},{"floor":18,"key":"EssenceOfSteel"},{"floor":20,"key":"EssenceOfSteel"},{"floor":21,"key":"Swift Potion"},{"floor":31,"key":"LiquidBronze"},{"floor":33,"key":"FearPotion"},{"floor":39,"key":"SkillPotion"},{"floor":40,"key":"SmokeBomb"},{"floor":47,"key":"LiquidBronze"}],"is_trial":false,"path_per_floor":["M","M","M","?","?","R","E","R","T","$","?","R","E","M","R","B",null,"M","M","M","M","$","E","R","?","T","E","$","M","T","M","R","B",null,"M","$","?","$","M","E","$","R","T","M","R","M","M","?","R","B",null],"character_chosen":"IRONCLAD","items_purchased":["Infernal Blade","Fire Potion","Chemical X","Panache","Headbutt"],"campfire_rested":4,"item_purchase_floors":[10,22,28,36,41],"current_hp_per_floor":[72,71,72,72,65,65,68,68,68,68,54,54,51,57,57,63,72,68,56,48,42,42,35,56,56,56,58,58,64,64,70,70,68,72,72,72,72,72,72,31,31,52,52,32,53,59,52,52,72,14],"gold":112,"neow_bonus":"REMOVE_TWO","is_prod":false,"is_daily":false,"chose_seed":false,"campfire_upgraded":5,"win_rate":0.0,"timestamp":1562017065,"path_taken":["M","M","M","?","?","R","E","R","T","$","?","R","E","M","R","BOSS","M","M","M","M","$","E","R","?","T","E","$","M","?","M","R","BOSS","M","$","?","$","M","E","?","R","T","M","R","M","?","?","R","BOSS"],"build_version":"2019-07-01","purchased_purges":2,"victory":true,"max_hp_per_floor":[72,72,72,72,72,72,72,72,72,72,72,72,72,72,72,72,72,72,72,72,72,72,72,72,72,72,72,72,72,72,72,72,72,72,72,72,72,72,72,72,72,72,72,72,72,72,72,72,72,72],"card_choices":[{"not_picked":["Warcry","Blood for Blood"],"picked":"Iron Wave","floor":1},{"not_picked":["Anger","Sever Soul"],"picked":"Shrug It Off","floor":2},{"not_picked":["Body Slam","Feel No Pain"],"picked":"Infernal Blade","floor":3},{"not_picked":["Sever Soul","Corruption"],"picked":"Rampage","floor":7},{"not_picked":["Carnage","Second Wind"],"picked":"Clash","floor":13},{"not_picked":["Twin Strike","Warcry"],"picked":"Clash","floor":14},{"not_picked":["Brutality","Dark Embrace"],"picked":"Juggernaut","floor":16},{"not_picked":["Cleave","Reckless Charge+1"],"picked":"Pommel Strike+1","floor":18},{"not_picked":["Thunderclap+1","Armaments"],"picked":"Clash+1","floor":19},{"not_picked":["Blood for Blood+1","Body Slam"],"picked":"Whirlwind+1","floor":20},{"not_picked":["Twin Strike","Headbutt+1"],"picked":"Clash","floor":21},{"not_picked":["Barricade","Juggernaut","Pommel Strike"],"picked":"SKIP","floor":23},{"not_picked":["Thunderclap","Demon Form"],"picked":"Pummel","floor":27},{"not_picked":["Sever Soul","Body Slam"],"picked":"True Grit+1","floor":29},{"not_picked":["Disarm","Thunderclap"],"picked":"Iron Wave","floor":31},{"not_picked":["Demon Form","Brutality"],"picked":"Immolate","floor":33},{"not_picked":["Warcry+1","Infernal Blade+1"],"picked":"Whirlwind","floor":35},{"not_picked":["Warcry+1","Body Slam"],"picked":"Clash+1","floor":39},{"not_picked":["Perfected Strike","Bludgeon"],"picked":"Infernal Blade","floor":40},{"not_picked":["Sentinel+1","Power Through"],"picked":"Iron Wave+1","floor":44},{"not_picked":["Headbutt","Disarm+1"],"picked":"Clash+1","floor":46},{"not_picked":["Clothesline","Body Slam"],"picked":"Shrug It Off","floor":47},{"not_picked":["Impatience","Enlightenment"],"picked":"Purity","floor":48}],"player_experience":71722,"relics_obtained":[{"floor":7,"key":"Potion Belt"},{"floor":9,"key":"MawBank"},{"floor":13,"key":"Oddly Smooth Stone"},{"floor":23,"key":"Thread and Needle"},{"floor":26,"key":"Gremlin Horn"},{"floor":27,"key":"Gambling Chip"},{"floor":30,"key":"Bag of Preparation"},{"floor":40,"key":"Incense Burner"},{"floor":40,"key":"Ginger"},{"floor":43,"key":"Red Skull"}],"event_choices":[{"cards_removed":["Defend_R"],"damage_healed":0,"gold_gain":0,"player_choice":"Card Removal","damage_taken":0,"max_hp_gain":0,"max_hp_loss":0,"event_name":"The Cleric","floor":4,"gold_loss":50},{"cards_removed":["Defend_R"],"damage_healed":0,"gold_gain":0,"player_choice":"Card Removal","damage_taken":7,"max_hp_gain":0,"max_hp_loss":0,"event_name":"Golden Wing","floor":5,"gold_loss":0},{"damage_healed":0,"gold_gain":0,"player_choice":"Entered Light","damage_taken":14,"max_hp_gain":0,"max_hp_loss":0,"event_name":"Shining Light","floor":11,"gold_loss":0,"cards_upgraded":["Strike_R","Shrug It Off"]},{"damage_healed":0,"gold_gain":99,"player_choice":"Stole From Cult","damage_taken":0,"max_hp_gain":0,"max_hp_loss":0,"event_name":"Nest","floor":25,"gold_loss":0},{"damage_healed":0,"gold_gain":0,"player_choice":"Ignored","damage_taken":0,"max_hp_gain":0,"max_hp_loss":0,"event_name":"NoteForYourself","floor":37,"gold_loss":0},{"damage_healed":0,"gold_gain":0,"player_choice":"Memory 1","damage_taken":0,"max_hp_gain":0,"max_hp_loss":0,"event_name":"SensoryStone","floor":48,"gold_loss":0}],"is_beta":false,"boss_relics":[{"not_picked":["Calling Bell","Mark of Pain"],"picked":"Velvet Choker"},{"not_picked":["Eternal Feather","Lizard Tail"],"picked":"Black Star"}],"items_purged_floors":[10,22],"is_endless":false,"potions_floor_spawned":[2,13,14,18,20,21,31,33,39,40,47],"ascension_level":0}