{"gold_per_floor":[116,116,17,29,43,43,75,75,99,130,130,80,80,94,94,165,165,182,20,36,36,36,71,32,32,89,114,140,151,151,17,17,17],"floor_reached":33,"playtime":1543,"items_purged":["Strike_B","Strike_B","Strike_B+1"],"score":578,"play_id":"2b3f52e1-c4e2-47f4-9c55-96db1ea1cde3","local_time":"20190612221140","is_ascension_mode":true,"campfire_choices":[{"data":"Sweeping Beam","floor":6.0,"key":"SMITH"},{"data":"Barrage","floor":8.0,"key":"SMITH"},{"data":"Coolheaded","floor":13.0,"key":"SMITH"},{"data":"Static Discharge","floor":15.0,"key":"SMITH"},{"data":"Loop","floor":25.0,"key":"SMITH"},{"floor":30.0,"key":"REST"},{"floor":32,"key":"REST"}],"neow_cost":"NONE","seed_source_timestamp":0,"circlet_count":0,"master_deck":["AscendersBane","Strike_B+1","Defend_B+1","Defend_B","Defend_B","Defend_B","Zap+1","Dualcast","Cold Snap","Darkness+1","Sweeping Beam+1","Glacier","Barrage+1","Coolheaded+1","Static Discharge+1","Amplify","Coolheaded","Compile Driver","Leap","Conserve Battery","Loop+1","Creative AI","Doom and Gloom","Capacitor"],"special_seed":0,"relics":["Cracked Core","Ancient Tea Set","War Paint","Smiling Mask","Nunchaku","Whetstone","Velvet Choker","FossilizedHelix","Tiny Chest","Centennial Puzzle","Art of War"],"potions_floor_usage":[],"damage_taken":[{"damage":0.0,"enemies":"2 Louse","floor":1.0,"turns":2.0},{"damage":0.0,"enemies":"Jaw Worm","floor":4.0,"turns":3.0},{"damage":3.0,"enemies":"Small Slimes","floor":5.0,"turns":3.0},{"damage":23.0,"enemies":"Lagavulin","floor":7.0,"turns":9.0},{"damage":4.0,"enemies":"3 Sentries","floor":10.0,"turns":5.0},{"damage":0.0,"enemies":"Blue Slaver","floor":14.0,"turns":2.0},{"damage":22.0,"enemies":"Slime Boss","floor":16.0,"turns":7.0},{"damage":13.0,"enemies":"2 Thieves","floor":18.0,"turns":3.0},{"damage":6.0,"enemies":"3 Byrds","floor":20.0,"turns":1.0},{"damage":9.0,"enemies":"Gremlin Leader","floor":23.0,"turns":6.0},{"damage":40.0,"enemies":"Slavers","floor":27.0,"turns":4.0},{"damage":0.0,"enemies":"Centurion and Healer","floor":29.0,"turns":11.0},{"damage":52,"enemies":"Automaton","floor":33,"turns":6}],"seed_played":"-1467191923855665799","potions_obtained":[{"floor":4.0,"key":"AttackPotion"},{"floor":16.0,"key":"Block Potion"},{"floor":29.0,"key":"PowerPotion"}],"is_trial":false,"path_per_floor":["M","?","$","M","M","R","E","R","T","E","T","$","R","M","R","B",null,"M","$","M","?","?","E","$","R","T","E","T","M","R","$","R","B"],"character_chosen":"DEFECT","items_purchased":["AttackPotion","Darkness","Compile Driver","LiquidBronze","Loop","Capacitor"],"campfire_rested":2,"item_purchase_floors":[3,3,19,19,24,31],"current_hp_per_floor":[64,64,64,64,61,61,38,38,38,34,34,34,34,34,34,12,56,43,43,37,51,51,42,42,42,42,2,2,2,23,23,44,0],"gold":17,"neow_bonus":"RANDOM_COMMON_RELIC","is_prod":false,"is_daily":false,"chose_seed":false,"campfire_upgraded":5,"win_rate":0,"timestamp":1560366700,"path_taken":["M","?","$","M","M","R","E","R","T","E","?","?","R","M","R","BOSS","M","$","M","?","?","E","$","R","T","E","?","M","R","$","R","BOSS"],"build_version":"2019-01-23","purchased_purges":3,"victory":false,"max_hp_per_floor":[71,71,71,71,71,71,71,71,71,71,71,71,71,71,71,71,71,71,71,71,71,71,71,71,71,71,71,71,71,71,71,71,71],"card_choices":[{"not_picked":["Streamline","Reinforced Body"],"picked":"Cold Snap","floor":1.0},{"not_picked":["Steam Power","Go for the Eyes"],"picked":"Sweeping Beam","floor":4.0},{"not_picked":["Redo","Go for the Eyes"],"picked":"Glacier","floor":5.0},{"not_picked":["Steam","BootSequence"],"picked":"Barrage","floor":7.0},{"not_picked":["Heatsinks","Rebound"],"picked":"Coolheaded","floor":10.0},{"not_picked":["Scrape","Double Energy"],"picked":"Static Discharge","floor":14.0},{"not_picked":["Machine Learning","Fission"],"picked":"Amplify","floor":16.0},{"not_picked":["Hologram","Cold Snap"],"picked":"Coolheaded","floor":18.0},{"not_picked":["Turbo","Stack"],"picked":"Leap","floor":20.0},{"not_picked":["Double Energy","Redo"],"picked":"Conserve Battery","floor":23.0},{"not_picked":["Chaos","Lockon"],"picked":"Creative AI","floor":27.0},{"not_picked":["Hologram","Stack"],"picked":"Doom and Gloom","floor":29.0}],"player_experience":1088249,"relics_obtained":[{"floor":7.0,"key":"War Paint"},{"floor":9.0,"key":"Smiling Mask"},{"floor":10.0,"key":"Nunchaku"},{"floor":11.0,"key":"Whetstone"},{"floor":23.0,"key":"FossilizedHelix"},{"floor":26.0,"key":"Tiny Chest"},{"floor":27.0,"key":"Centennial Puzzle"},{"floor":28.0,"key":"Art of War"}],"event_choices":[{"damage_healed":0.0,"max_hp_gain":0.0,"max_hp_loss":0.0,"gold_gain":0.0,"event_name":"Living Wall","player_choice":"Grow","floor":2.0,"gold_loss":0.0,"damage_taken":0.0,"cards_upgraded":["Zap"]},{"damage_healed":14.0,"max_hp_gain":0.0,"max_hp_loss":0.0,"gold_gain":0.0,"event_name":"The Library","player_choice":"Heal","floor":21.0,"gold_loss":0.0,"damage_taken":0.0},{"damage_healed":0.0,"max_hp_gain":0.0,"max_hp_loss":0.0,"gold_gain":0.0,"event_name":"Beggar","player_choice":"Ignored","floor":22.0,"gold_loss":0.0,"damage_taken":0.0}],"is_beta":false,"boss_relics":[{"not_picked":["Pandora\u0027s Box","Runic Dome"],"picked":"Velvet Choker"}],"items_purged_floors":[12,19,31],"is_endless":false,"potions_floor_spawned":[4,5,16,23,29],"killed_by":"Automaton","ascension_level":20}