{"gold_per_floor":[109,128,141,63,83,118,118,118,118,128,140,159,159,159,159,262,262,279,296,221,221,235,235,334,349,373,390,305,340,354,373,373,477,477,487,140,153,153,167,167,97,108,108,108,128,138,138,156,156,156],"floor_reached":51,"playtime":2054,"items_purged":["Defend_B"],"score":682,"play_id":"0159cd7c-4943-4cb7-91e8-8de20358da3c","local_time":"20190620045229","is_ascension_mode":false,"campfire_choices":[{"data":"Static Discharge","floor":7.0,"key":"SMITH"},{"data":"Static Discharge","floor":13.0,"key":"SMITH"},{"data":"Lockon","floor":15.0,"key":"SMITH"},{"data":"Zap","floor":23.0,"key":"SMITH"},{"floor":32.0,"key":"REST"},{"data":"Consume","floor":40,"key":"SMITH"},{"data":"Amplify","floor":47,"key":"SMITH"},{"floor":49,"key":"REST"}],"neow_cost":"PERCENT_DAMAGE","seed_source_timestamp":51242631033904,"circlet_count":0,"master_deck":["Defend_B","Zap+1","Dualcast","Double Energy","Turbo","Hologram","Static Discharge+1","Lockon+1","Static Discharge+1","Cold Snap","Amplify+1","Glacier","Lockon","Biased Cognition+1","Cold Snap+1","Redo+1","Coolheaded","Consume+1","White Noise","Electrodynamics+1","Storm+1","Loop+1","Master of Strategy","Cold Snap","Loop+1","Cold Snap+1","Shame","Turbo","Capacitor+1","Seek"],"special_seed":0,"relics":["Cracked Core","Peace Pipe","Frozen Egg 2","Empty Cage","Dream Catcher","Art of War","Cables","Red Mask","Cursed Key","OrangePellets","Bottled Tornado"],"potions_floor_usage":[42,45,45,48],"damage_taken":[{"damage":0.0,"enemies":"2 Louse","floor":1.0,"turns":2.0},{"damage":1.0,"enemies":"Jaw Worm","floor":2.0,"turns":3.0},{"damage":5.0,"enemies":"Small Slimes","floor":3.0,"turns":4.0},{"damage":15.0,"enemies":"Exordium Thugs","floor":5.0,"turns":5.0},{"damage":14.0,"enemies":"3 Sentries","floor":6.0,"turns":7.0},{"damage":0.0,"enemies":"Large Slime","floor":10.0,"turns":6.0},{"damage":2.0,"enemies":"3 Louse","floor":11.0,"turns":4.0},{"damage":6.0,"enemies":"Exordium Wildlife","floor":12.0,"turns":4.0},{"damage":29.0,"enemies":"Slime Boss","floor":16.0,"turns":6.0},{"damage":20.0,"enemies":"2 Thieves","floor":18.0,"turns":3.0},{"damage":3.0,"enemies":"Spheric Guardian","floor":19.0,"turns":5.0},{"damage":16.0,"enemies":"Shelled Parasite and Fungi","floor":22.0,"turns":6.0},{"damage":5.0,"enemies":"Chosen and Byrds","floor":25.0,"turns":6.0},{"damage":8.0,"enemies":"Snake Plant","floor":27.0,"turns":3.0},{"damage":9.0,"enemies":"Masked Bandits","floor":29.0,"turns":2.0},{"damage":0.0,"enemies":"Centurion and Healer","floor":30.0,"turns":5.0},{"damage":6.0,"enemies":"Cultist and Chosen","floor":31.0,"turns":3.0},{"damage":30,"enemies":"Champ","floor":33,"turns":8},{"damage":0,"enemies":"3 Darklings","floor":35,"turns":3},{"damage":9,"enemies":"Orb Walker","floor":37,"turns":3},{"damage":0,"enemies":"Transient","floor":39,"turns":5},{"damage":5,"enemies":"Sphere and 2 Shapes","floor":42,"turns":3},{"damage":3,"enemies":"4 Shapes","floor":45,"turns":2},{"damage":0,"enemies":"3 Darklings","floor":46,"turns":2},{"damage":23,"enemies":"Jaw Worm Horde","floor":48,"turns":5},{"damage":50,"enemies":"Time Eater","floor":50,"turns":6}],"seed_played":"3420511985456443004","potions_obtained":[{"floor":3.0,"key":"Regen Potion"},{"floor":5.0,"key":"LiquidBronze"},{"floor":10.0,"key":"Explosive Potion"},{"floor":16.0,"key":"PowerPotion"},{"floor":19.0,"key":"SkillPotion"},{"floor":25.0,"key":"Swift Potion"},{"floor":29.0,"key":"GamblersBrew"},{"floor":30.0,"key":"FearPotion"},{"floor":33,"key":"Regen Potion"},{"floor":42,"key":"Swift Potion"},{"floor":45,"key":"Energy Potion"},{"floor":48,"key":"Fruit Juice"}],"is_trial":false,"path_per_floor":["M","M","M","$","M","E","R","?","T","M","M","M","R","?","R","B",null,"M","M","?","T","M","R","?","M","T","M","?","?","M","M","R","B",null,"M","$","M","?","M","R","$","M","T","?","M","M","R","M","R","B",null],"character_chosen":"DEFECT","items_purchased":["Static Discharge","OrangePellets","Storm+1","Loop+1"],"campfire_rested":2,"item_purchase_floors":[4,36,36,41],"current_hp_per_floor":[54,53,48,48,33,19,19,19,19,34,32,26,26,31,31,2,80,60,57,57,57,41,41,41,36,36,28,28,19,19,13,37,7,80,80,80,71,71,71,71,71,66,66,66,68,68,68,50,75,25],"gold":156,"neow_bonus":"TRANSFORM_TWO_CARDS","is_prod":false,"is_daily":false,"chose_seed":false,"campfire_upgraded":6,"win_rate":0,"timestamp":1560973949,"path_taken":["M","M","M","$","M","E","R","?","T","M","M","M","R","?","R","BOSS","M","M","?","?","M","R","?","M","T","M","?","?","?","?","R","BOSS","M","$","M","?","M","R","$","M","T","?","M","?","R","M","R","BOSS"],"build_version":"2019-01-23","purchased_purges":1,"victory":true,"max_hp_per_floor":[75,75,75,75,75,75,75,75,75,75,75,75,75,80,80,80,80,80,80,80,80,80,80,80,80,80,80,80,80,80,80,80,80,80,80,80,80,80,80,80,80,80,80,80,80,80,80,85,85,85],"card_choices":[{"not_picked":["Turbo","Chaos"],"picked":"Hologram","floor":1.0},{"not_picked":["Leap","Gash"],"picked":"Static Discharge","floor":2.0},{"not_picked":["Beam Cell","Scrape"],"picked":"Lockon","floor":3.0},{"not_picked":["Gash","Steam"],"picked":"Cold Snap","floor":5.0},{"not_picked":["Leap","Sweeping Beam"],"picked":"Amplify","floor":6.0},{"not_picked":["Aggregate","Melter"],"picked":"Glacier","floor":10.0},{"not_picked":["Streamline","Steam"],"picked":"Lockon","floor":11.0},{"not_picked":["Barrage","Steam","Sweeping Beam"],"picked":"SKIP","floor":12.0},{"not_picked":["Reboot","Amplify"],"picked":"Biased Cognition+1","floor":16.0},{"not_picked":["Sweeping Beam+1","Go for the Eyes","Leap+1"],"picked":"SKIP","floor":18.0},{"not_picked":["Hologram","Leap"],"picked":"Cold Snap+1","floor":19.0},{"not_picked":["Genetic Algorithm","Melter","Rip and Tear"],"picked":"SKIP","floor":22.0},{"not_picked":["Turbo","Stack"],"picked":"Redo+1","floor":25.0},{"not_picked":["Aggregate","Force Field+1","Reprogram"],"picked":"SKIP","floor":27.0},{"not_picked":["BootSequence","Go for the Eyes"],"picked":"Coolheaded","floor":30.0},{"not_picked":["Hologram+1","Stack"],"picked":"Consume","floor":31.0},{"not_picked":["Compile Driver","Recycle"],"picked":"White Noise","floor":32.0},{"not_picked":["Echo Form+1","Rainbow"],"picked":"Electrodynamics+1","floor":33},{"not_picked":["Sweeping Beam","Turbo","Blizzard+1"],"picked":"SKIP","floor":35},{"not_picked":["Go for the Eyes","Conserve Battery"],"picked":"Loop+1","floor":37},{"not_picked":["Purity","Dramatic Entrance"],"picked":"Master of Strategy","floor":38},{"not_picked":["Skim+1","Beam Cell+1"],"picked":"Cold Snap","floor":39},{"not_picked":["Streamline","Stack+1"],"picked":"Cold Snap+1","floor":42},{"not_picked":["Steam","Doom and Gloom+1"],"picked":"Capacitor+1","floor":45},{"not_picked":["Hello World+1","Barrage","Double Energy"],"picked":"SKIP","floor":46},{"not_picked":["Rip and Tear+1","Blizzard+1"],"picked":"Seek","floor":48}],"player_experience":1054430,"relics_obtained":[{"floor":6.0,"key":"Peace Pipe"},{"floor":9.0,"key":"Frozen Egg 2"},{"floor":21.0,"key":"Dream Catcher"},{"floor":26.0,"key":"Art of War"},{"floor":29.0,"key":"Red Mask"},{"floor":43,"key":"Bottled Tornado"}],"event_choices":[{"damage_healed":0.0,"max_hp_gain":0.0,"max_hp_loss":0.0,"gold_gain":0.0,"event_name":"Golden Idol","player_choice":"Ignored","floor":8.0,"gold_loss":0.0,"damage_taken":0.0},{"damage_healed":0.0,"max_hp_gain":5.0,"max_hp_loss":0.0,"gold_gain":0.0,"event_name":"Big Fish","player_choice":"Donut","floor":14.0,"gold_loss":0.0,"damage_taken":0.0},{"cards_removed":["Defend_B"],"damage_healed":0.0,"max_hp_gain":0.0,"max_hp_loss":0.0,"gold_gain":0.0,"event_name":"Beggar","player_choice":"Gave Gold","floor":20.0,"gold_loss":75.0,"damage_taken":0.0},{"damage_healed":0.0,"max_hp_gain":0.0,"max_hp_loss":0.0,"gold_gain":99.0,"event_name":"Nest","player_choice":"Stole From Cult","floor":24.0,"gold_loss":0.0,"damage_taken":0.0},{"damage_healed":0.0,"max_hp_gain":0.0,"max_hp_loss":0.0,"gold_gain":0.0,"event_name":"Addict","player_choice":"Obtained Relic","floor":28.0,"gold_loss":85.0,"damage_taken":0.0,"relics_obtained":["Cables"]},{"damage_healed":0.0,"max_hp_gain":0.0,"max_hp_loss":0.0,"gold_gain":0.0,"event_name":"Masked Bandits","player_choice":"Fought Bandits","floor":29.0,"gold_loss":0.0,"damage_taken":0.0},{"damage_healed":0,"gold_gain":0,"player_choice":"Memory 1","damage_taken":0,"max_hp_gain":0,"max_hp_loss":0,"event_name":"SensoryStone","floor":38,"gold_loss":0},{"damage_healed":0,"gold_gain":0,"cards_transformed":["Defend_B"],"player_choice":"Transformed","damage_taken":0,"max_hp_gain":0,"max_hp_loss":0,"event_name":"Transmorgrifier","floor":44,"gold_loss":0,"cards_obtained":["Turbo"]}],"is_beta":false,"boss_relics":[{"not_picked":["Runic Dome","Runic Pyramid"],"picked":"Empty Cage"},{"not_picked":["Busted Crown","FrozenCore"],"picked":"Cursed Key"}],"items_purged_floors":[36],"is_endless":false,"potions_floor_spawned":[3,5,10,16,19,25,29,30,31,33,42,45,48],"ascension_level":0}