{"gold_per_floor":[209,11,11,22,37,37,48,78,130,130,155,155,185,198,198,198],"floor_reached":16,"playtime":832,"items_purged":[],"score":240,"play_id":"4149be53-9d8d-4727-a72c-8184b3132498","local_time":"20190529222427","is_ascension_mode":true,"campfire_choices":[{"data":"Dash","floor":6,"key":"SMITH"},{"floor":12,"key":"REST"},{"floor":15,"key":"REST"}],"neow_cost":"NONE","seed_source_timestamp":654532491854200,"circlet_count":0,"master_deck":["AscendersBane","Defend_G","Defend_G","Defend_G","Defend_G","Defend_G","Strike_G","Strike_G","Strike_G","Strike_G","Strike_G","Survivor","Neutralize","Dagger Spray","Predator","PiercingWail","Deadly Poison","Footwork","Dash+1","PiercingWail","Deflect","Pain","Backflip","Backflip","Deflect"],"relics":["Ring of the Snake","Kunai","Art of War","WarpedTongs","Happy Flower","The Courier"],"potions_floor_usage":[8,16],"damage_taken":[{"damage":1,"enemies":"Cultist","floor":1,"turns":4},{"damage":0,"enemies":"2 Louse","floor":4,"turns":2},{"damage":1,"enemies":"Jaw Worm","floor":5,"turns":3},{"damage":3,"enemies":"Looter","floor":7,"turns":3},{"damage":23,"enemies":"Lagavulin","floor":8,"turns":9},{"damage":13,"enemies":"3 Sentries","floor":11,"turns":10},{"damage":28,"enemies":"Lagavulin","floor":13,"turns":11},{"damage":3,"enemies":"Lots of Slimes","floor":14,"turns":4},{"damage":50,"enemies":"Slime Boss","floor":16,"turns":8}],"seed_played":"2378578268265394697","potions_obtained":[{"floor":5,"key":"PowerPotion"},{"floor":13,"key":"EssenceOfSteel"}],"is_trial":false,"path_per_floor":["M","$","?","M","M","R","M","E","T","?","E","R","E","M","R","B"],"character_chosen":"THE_SILENT","items_purchased":["Predator","PiercingWail","Fire Potion","Deadly Poison"],"campfire_rested":2,"item_purchase_floors":[2,2,2,2],"current_hp_per_floor":[58,58,66,66,65,65,62,39,39,39,26,45,17,14,33,0],"gold":198,"neow_bonus":"HUNDRED_GOLD","is_prod":false,"is_daily":false,"chose_seed":false,"campfire_upgraded":1,"win_rate":0,"timestamp":1559157867,"path_taken":["M","$","?","M","M","R","?","E","T","?","E","R","E","M","R","BOSS"],"build_version":"2019-01-23","purchased_purges":0,"victory":false,"max_hp_per_floor":[66,66,66,66,66,66,66,66,66,66,66,66,66,66,66,66],"card_choices":[{"not_picked":["Bane","Cloak And Dagger"],"picked":"Dagger Spray","floor":1},{"not_picked":["Blade Dance","Infinite Blades"],"picked":"Footwork","floor":4},{"not_picked":["Underhanded Strike","PiercingWail"],"picked":"Dash","floor":5},{"not_picked":["Cloak And Dagger","Backstab"],"picked":"PiercingWail","floor":7},{"not_picked":["Blur","Sucker Punch"],"picked":"Deflect","floor":8},{"not_picked":["Dagger Spray","Poisoned Stab"],"picked":"Backflip","floor":11},{"not_picked":["PiercingWail","Masterful Stab"],"picked":"Backflip","floor":13},{"not_picked":["Reflex","Bouncing Flask"],"picked":"Deflect","floor":14}],"player_experience":1045657,"relics_obtained":[{"floor":8,"key":"Kunai"},{"floor":9,"key":"Art of War"},{"floor":11,"key":"Happy Flower"},{"floor":13,"key":"The Courier"}],"event_choices":[{"damage_healed":8,"gold_gain":0,"player_choice":"Full Heal","damage_taken":0,"max_hp_gain":0,"max_hp_loss":0,"event_name":"Wheel of Change","floor":3,"gold_loss":0},{"damage_healed":0,"gold_gain":0,"player_choice":"Rummage","damage_taken":0,"relics_obtained":["WarpedTongs"],"max_hp_gain":0,"max_hp_loss":0,"event_name":"Accursed Blacksmith","floor":10,"gold_loss":0,"cards_obtained":["Pain"]}],"is_beta":false,"boss_relics":[],"items_purged_floors":[],"is_endless":false,"potions_floor_spawned":[5,7,13],"killed_by":"Slime Boss","ascension_level":20}