{"gold_per_floor":[119,269,77,134,154,187,187,187,265,279,297,326,339,367,367,367],"floor_reached":16,"playtime":689,"items_purged":["Doubt"],"score":222,"play_id":"5d83bdf2-3134-4c1e-b3e1-aa4e70c97b70","local_time":"20190120193232","is_ascension_mode":true,"campfire_choices":[{"data":"Neutralize","floor":7,"key":"SMITH"},{"data":"Sucker Punch","floor":15,"key":"SMITH"}],"neow_cost":"NONE","seed_source_timestamp":21273656299100,"circlet_count":0,"master_deck":["AscendersBane","Defend_G","Defend_G","Defend_G","Defend_G","Defend_G","Strike_G","Strike_G","Strike_G","Strike_G","Strike_G","Survivor","Neutralize+1","Dagger Spray","Backstab","Cloak And Dagger","Poisoned Stab","Backflip","Crippling Poison","PiercingWail","Caltrops+1","Sucker Punch+1"],"relics":["Ring of the Snake","PreservedInsect","Frozen Egg 2","Ninja Scroll","Singing Bowl","Bag of Preparation","Sundial"],"potions_floor_usage":[11],"damage_taken":[{"damage":0,"enemies":"Jaw Worm","floor":1,"turns":6},{"damage":3,"enemies":"Small Slimes","floor":5,"turns":4},{"damage":8,"enemies":"3 Sentries","floor":6,"turns":6},{"damage":0,"enemies":"2 Louse","floor":10,"turns":1},{"damage":5,"enemies":"Exordium Wildlife","floor":11,"turns":3},{"damage":7,"enemies":"Gremlin Nob","floor":12,"turns":3},{"damage":1,"enemies":"2 Fungi Beasts","floor":13,"turns":2},{"damage":7,"enemies":"3 Sentries","floor":14,"turns":6},{"damage":27,"enemies":"Hexaghost","floor":16,"turns":9}],"seed_played":"-934779567074343569","potions_obtained":[{"floor":1,"key":"Energy Potion"},{"floor":5,"key":"Weak Potion"},{"floor":11,"key":"Dexterity Potion"}],"is_trial":false,"path_per_floor":["M","?","$","?","M","E","R","?","T","M","M","E","M","E","R","B"],"character_chosen":"THE_SILENT","items_purchased":["Backstab","Cloak And Dagger"],"campfire_rested":0,"item_purchase_floors":[3,3],"current_hp_per_floor":[59,59,59,59,56,48,48,43,43,43,38,31,30,25,25,0],"gold":367,"neow_bonus":"RANDOM_COMMON_RELIC","is_prod":false,"is_daily":false,"chose_seed":false,"campfire_upgraded":2,"win_rate":0,"timestamp":1548005552,"path_taken":["M","?","$","?","M","E","R","?","T","?","M","E","M","E","R","BOSS"],"build_version":"2019-01-17v2","purchased_purges":1,"victory":false,"max_hp_per_floor":[66,66,66,66,66,66,66,66,66,66,66,66,66,68,68,68],"card_choices":[{"not_picked":["Slice","Poisoned Stab"],"picked":"Dagger Spray","floor":1},{"not_picked":["Choke","Calculated Gamble"],"picked":"Poisoned Stab","floor":5},{"not_picked":["Outmaneuver","Deflect"],"picked":"Backflip","floor":6},{"not_picked":["Blade Dance","Night Terror"],"picked":"Crippling Poison","floor":10},{"not_picked":["Bane","Dagger Throw"],"picked":"PiercingWail","floor":11},{"not_picked":["Infinite Blades+1","Escape Plan"],"picked":"Caltrops+1","floor":12},{"not_picked":["Choke","Dagger Throw"],"picked":"Sucker Punch","floor":13},{"not_picked":["Outmaneuver","Slice","Dodge and Roll"],"picked":"Singing Bowl","floor":14}],"player_experience":825658,"relics_obtained":[{"floor":6,"key":"Frozen Egg 2"},{"floor":9,"key":"Singing Bowl"},{"floor":12,"key":"Bag of Preparation"},{"floor":14,"key":"Sundial"}],"event_choices":[{"damage_healed":0,"gold_gain":150,"player_choice":"AGREE","damage_taken":0,"max_hp_gain":0,"max_hp_loss":0,"event_name":"Liars Game","floor":2,"gold_loss":0,"cards_obtained":["Doubt"]},{"damage_healed":0,"gold_gain":57,"player_choice":"Gained Gold","damage_taken":0,"max_hp_gain":0,"max_hp_loss":0,"event_name":"Golden Wing","floor":4,"gold_loss":0},{"damage_healed":0,"gold_gain":0,"player_choice":"Success","damage_taken":5,"relics_obtained":["Ninja Scroll"],"max_hp_gain":0,"max_hp_loss":0,"event_name":"Scrap Ooze","floor":8,"gold_loss":0}],"is_beta":false,"boss_relics":[],"items_purged_floors":[3],"is_endless":false,"potions_floor_spawned":[1,5,6,11],"killed_by":"Hexaghost","ascension_level":17}