{"gold_per_floor":[111,111,61,61,80,91,91,124,203,143,156,156,167,177,177,275,275,293,51,65,83,182,209,209,225,278,17,17,17,17],"floor_reached":30,"playtime":1584,"items_purged":["Defend_G","Strike_G"],"score":275,"play_id":"2569e356-9575-4f9b-b51e-b5c79e594aa8","local_time":"20190105144953","is_ascension_mode":false,"campfire_choices":[{"data":"Neutralize","floor":7,"key":"SMITH"},{"data":"Dodge and Roll","floor":12,"key":"SMITH"},{"data":"Dagger Spray","floor":15,"key":"SMITH"},{"data":"Envenom","floor":24,"key":"SMITH"}],"neow_cost":"NONE","seed_source_timestamp":1632646813082710,"circlet_count":0,"master_deck":["Defend_G","Strike_G","Survivor","Neutralize+1","Tools of the Trade+1","Blur+1","Finisher+1","PiercingWail","Dagger Spray+1","Tactician","Dodge and Roll+1","Escape Plan","Flying Knee","Envenom+1","Flying Knee","Calculated Gamble","Accuracy","Cloak And Dagger","Noxious Fumes","Corpse Explosion","Accuracy","Cloak And Dagger","Noxious Fumes","Cloak And Dagger","Cloak And Dagger+1","Dash","Accuracy"],"relics":["Astrolabe","Blood Vial","The Courier","Orrery","Sundial","Bag of Preparation","Paper Crane","FaceOfCleric"],"potions_floor_usage":[8,21,23,30],"damage_taken":[{"damage":3,"enemies":"Jaw Worm","floor":1,"turns":6},{"damage":0,"enemies":"Small Slimes","floor":5,"turns":3},{"damage":0,"enemies":"Cultist","floor":6,"turns":4},{"damage":5,"enemies":"3 Sentries","floor":8,"turns":11},{"damage":0,"enemies":"2 Fungi Beasts","floor":11,"turns":3},{"damage":7,"enemies":"Exordium Wildlife","floor":13,"turns":6},{"damage":0,"enemies":"3 Louse","floor":14,"turns":4},{"damage":32,"enemies":"Slime Boss","floor":16,"turns":16},{"damage":16,"enemies":"3 Byrds","floor":18,"turns":5},{"damage":14,"enemies":"2 Thieves","floor":20,"turns":3},{"damage":10,"enemies":"3 Cultists","floor":21,"turns":3},{"damage":29,"enemies":"Slavers","floor":23,"turns":3},{"damage":6,"enemies":"Shelled Parasite and Fungi","floor":25,"turns":8},{"damage":7,"enemies":"Snake Plant","floor":30,"turns":5}],"seed_played":"3280682332546433274","potions_obtained":[{"floor":1,"key":"Ancient Potion"},{"floor":5,"key":"GhostInAJar"},{"floor":16,"key":"GamblersBrew"},{"floor":21,"key":"Energy Potion"},{"floor":23,"key":"PowerPotion"}],"is_trial":false,"path_per_floor":["M","?","?","?","M","M","R","E","T","$","M","R","M","M","R","B",null,"M","$","M","M","?","E","R","M","T","$","?","?","M"],"character_chosen":"THE_SILENT","items_purchased":["Accuracy","Cloak And Dagger","Noxious Fumes","Accuracy","Paper Crane"],"campfire_rested":0,"item_purchase_floors":[19,19,19,27,27],"current_hp_per_floor":[67,60,60,60,60,60,60,55,55,55,57,57,52,54,54,24,70,54,54,42,34,34,7,7,3,3,3,3,3,0],"gold":17,"neow_bonus":"BOSS_RELIC","is_prod":false,"is_daily":false,"chose_seed":false,"campfire_upgraded":4,"win_rate":0,"timestamp":1546667393,"path_taken":["M","?","?","?","?","M","R","E","T","$","M","R","M","M","R","BOSS","M","$","M","M","?","E","R","M","T","$","?","?","?"],"build_version":"2019-01-03v4","purchased_purges":2,"victory":false,"max_hp_per_floor":[70,70,70,70,70,70,70,70,70,70,70,70,70,70,70,70,70,70,70,70,70,70,70,70,70,70,70,70,70,70],"card_choices":[{"not_picked":["Reflex","Prepared"],"picked":"PiercingWail","floor":1},{"not_picked":["Bane","Cloak And Dagger"],"picked":"Dagger Spray","floor":5},{"not_picked":["Eviscerate","Reflex","Acrobatics"],"picked":"SKIP","floor":6},{"not_picked":["Bane","Calculated Gamble"],"picked":"Tactician","floor":8},{"not_picked":["Catalyst","Bouncing Flask"],"picked":"Dodge and Roll","floor":11},{"not_picked":["Wraith Form v2","Prepared"],"picked":"Escape Plan","floor":13},{"not_picked":["Blade Dance","Acrobatics"],"picked":"Flying Knee","floor":14},{"not_picked":["Phantasmal Killer","Corpse Explosion"],"picked":"Envenom","floor":16},{"not_picked":["Sucker Punch","Bane"],"picked":"Flying Knee","floor":17},{"not_picked":["Underhanded Strike","Setup"],"picked":"Calculated Gamble","floor":17},{"not_picked":["Flying Knee","Dash"],"picked":"Accuracy","floor":17},{"not_picked":["Reflex","Expertise"],"picked":"Cloak And Dagger","floor":17},{"not_picked":["Heel Hook","Outmaneuver"],"picked":"Noxious Fumes","floor":17},{"not_picked":["Choke","Underhanded Strike"],"picked":"Corpse Explosion","floor":18},{"not_picked":["Endless Agony","All Out Attack"],"picked":"Cloak And Dagger","floor":20},{"not_picked":["PiercingWail","Tools of the Trade"],"picked":"Cloak And Dagger+1","floor":21},{"not_picked":["Dagger Spray","Bouncing Flask"],"picked":"Dash","floor":23},{"not_picked":["Reflex","Sucker Punch","Slice"],"picked":"SKIP","floor":25}],"player_experience":763409,"relics_obtained":[{"floor":8,"key":"Blood Vial"},{"floor":9,"key":"The Courier"},{"floor":23,"key":"Sundial"},{"floor":26,"key":"Bag of Preparation"}],"event_choices":[{"cards_removed":["Defend_G"],"damage_healed":0,"gold_gain":0,"player_choice":"Card Removal","damage_taken":7,"max_hp_gain":0,"max_hp_loss":0,"event_name":"Golden Wing","floor":2,"gold_loss":0},{"cards_removed":["Defend_G"],"damage_healed":0,"gold_gain":0,"player_choice":"Card Removal","damage_taken":0,"max_hp_gain":0,"max_hp_loss":0,"event_name":"The Cleric","floor":3,"gold_loss":50},{"cards_removed":["Defend_G"],"damage_healed":0,"gold_gain":0,"player_choice":"Offered Basic","damage_taken":0,"max_hp_gain":0,"max_hp_loss":0,"event_name":"Bonfire Elementals","floor":4,"gold_loss":0},{"damage_healed":0,"gold_gain":99,"player_choice":"Stole From Cult","damage_taken":0,"max_hp_gain":0,"max_hp_loss":0,"event_name":"Nest","floor":22,"gold_loss":0},{"damage_healed":0,"gold_gain":0,"player_choice":"Ignored","damage_taken":0,"max_hp_gain":0,"max_hp_loss":0,"event_name":"Cursed Tome","floor":28,"gold_loss":0},{"damage_healed":0,"gold_gain":0,"player_choice":"Trade","damage_taken":0,"relics_obtained":["FaceOfCleric"],"max_hp_gain":0,"max_hp_loss":0,"event_name":"FaceTrader","floor":29,"gold_loss":0}],"is_beta":false,"boss_relics":[{"not_picked":["WristBlade","Busted Crown"],"picked":"Orrery"}],"items_purged_floors":[10,19],"is_endless":false,"potions_floor_spawned":[1,5,16,21,23],"killed_by":"Snake Plant","ascension_level":0}