{"gold_per_floor":[113,132,307,307,307,342,357,377,377,387,236,236,250,263,263,366,416,427,427,337,350,363,363,227,227,304,304,322,342,342],"floor_reached":30,"playtime":994,"items_purged":["Doubt","Strike_B"],"score":284,"play_id":"0e4e304e-9dc1-4db9-bcce-5421870f8a5b","local_time":"20190107120128","is_ascension_mode":false,"campfire_choices":[{"data":"Buffer","floor":12,"key":"SMITH"},{"data":"Zap","floor":15,"key":"SMITH"},{"data":"Recycle","floor":23,"key":"SMITH"},{"data":"Reinforced Body","floor":25,"key":"SMITH"},{"data":"Loop","floor":27,"key":"SMITH"}],"neow_cost":"TEN_PERCENT_HP_LOSS","seed_source_timestamp":1795929321776555,"circlet_count":0,"master_deck":["Strike_B+1","Defend_B+1","Defend_B","Defend_B","Defend_B","Zap+1","Dualcast","Echo Form","Ball Lightning","White Noise","Steam","Auto Shields","Rebound","Reboot","Buffer+1","Reinforced Body+1","Recycle+1","Machine Learning","Cold Snap","BootSequence","Conserve Battery","Loop+1","Conserve Battery","Echo Form"],"relics":["Cracked Core","Ginger","Darkstone Periapt","Turnip","Tiny House","Cables"],"potions_floor_usage":[16,28],"damage_taken":[{"damage":6,"enemies":"2 Louse","floor":1,"turns":3},{"damage":6,"enemies":"Jaw Worm","floor":2,"turns":4},{"damage":21,"enemies":"Gremlin Nob","floor":6,"turns":4},{"damage":0,"enemies":"Cultist","floor":7,"turns":2},{"damage":5,"enemies":"Looter","floor":8,"turns":3},{"damage":0,"enemies":"3 Louse","floor":10,"turns":3},{"damage":7,"enemies":"Lots of Slimes","floor":13,"turns":5},{"damage":11,"enemies":"Large Slime","floor":14,"turns":5},{"damage":0,"enemies":"Slime Boss","floor":16,"turns":5},{"damage":10,"enemies":"Spheric Guardian","floor":18,"turns":4},{"damage":10,"enemies":"Shell Parasite","floor":21,"turns":7},{"damage":0,"enemies":"Snecko","floor":22,"turns":8},{"damage":0,"enemies":"Sentry and Sphere","floor":28,"turns":5},{"damage":15,"enemies":"3 Cultists","floor":29,"turns":6},{"damage":34,"enemies":"Centurion and Healer","floor":30,"turns":3}],"seed_played":"-2809805940301721359","potions_obtained":[{"floor":6,"key":"Swift Potion"},{"floor":8,"key":"Regen Potion"},{"floor":10,"key":"SteroidPotion"},{"floor":17,"key":"FearPotion"},{"floor":29,"key":"Energy Potion"}],"is_trial":false,"path_per_floor":["M","M","?","?","?","E","M","M","T","M","$","R","M","M","R","B",null,"M","?","?","M","M","R","$","R","T","R","M","M","M"],"character_chosen":"DEFECT","items_purchased":["Buffer","Loop"],"campfire_rested":0,"item_purchase_floors":[11,24],"current_hp_per_floor":[62,56,56,53,53,32,32,27,27,27,27,27,20,9,9,23,73,63,50,50,40,40,40,40,40,40,40,40,25,0],"gold":342,"neow_bonus":"THREE_RARE_CARDS","is_prod":false,"is_daily":false,"chose_seed":false,"campfire_upgraded":5,"win_rate":0,"timestamp":1546830088,"path_taken":["M","M","?","?","?","E","M","?","T","M","$","R","M","M","R","BOSS","M","?","?","?","M","R","$","R","T","R","M","M","M"],"build_version":"2019-01-03v4","purchased_purges":2,"victory":false,"max_hp_per_floor":[68,68,68,68,68,68,68,68,68,68,68,68,68,68,68,68,73,73,78,78,78,78,78,78,78,78,78,78,78,78],"card_choices":[{"not_picked":["Creative AI","All For One"],"picked":"Echo Form","floor":0},{"not_picked":["Beam Cell","Steam Power"],"picked":"Ball Lightning","floor":1},{"not_picked":["Storm","Leap"],"picked":"White Noise","floor":2},{"not_picked":["Turbo","Redo","Skim"],"picked":"SKIP","floor":6},{"not_picked":["Cold Snap","Go for the Eyes"],"picked":"Auto Shields","floor":7},{"not_picked":["Melter","Tempest"],"picked":"Rebound","floor":8},{"not_picked":["Streamline","Rebound"],"picked":"Reboot","floor":10},{"not_picked":["Gash","Scrape"],"picked":"Reinforced Body","floor":13},{"not_picked":["Gash","Aggregate"],"picked":"Recycle","floor":14},{"not_picked":["Rainbow","Hyperbeam"],"picked":"Machine Learning","floor":16},{"not_picked":["Reinforced Body","Blizzard"],"picked":"Cold Snap","floor":17},{"not_picked":["Go for the Eyes","Reprogram","Redo"],"picked":"SKIP","floor":18},{"not_picked":["Rebound+1","Redo"],"picked":"BootSequence","floor":21},{"not_picked":["Undo","Gash"],"picked":"Conserve Battery","floor":22},{"not_picked":["Redo","Coolheaded+1"],"picked":"Conserve Battery","floor":28},{"not_picked":["Streamline","Gash+1"],"picked":"Echo Form","floor":29}],"player_experience":780213,"relics_obtained":[{"floor":6,"key":"Darkstone Periapt"},{"floor":9,"key":"Turnip"},{"floor":26,"key":"Cables"}],"event_choices":[{"damage_healed":0,"gold_gain":175,"player_choice":"AGREE","damage_taken":0,"max_hp_gain":0,"max_hp_loss":0,"event_name":"Liars Game","floor":3,"gold_loss":0,"cards_obtained":["Doubt"]},{"damage_healed":0,"gold_gain":0,"player_choice":"Success","damage_taken":3,"relics_obtained":["Ginger"],"max_hp_gain":0,"max_hp_loss":0,"event_name":"Scrap Ooze","floor":4,"gold_loss":0},{"damage_healed":0,"gold_gain":0,"cards_transformed":["Strike_B"],"player_choice":"Transformed","damage_taken":0,"max_hp_gain":0,"max_hp_loss":0,"event_name":"Transmorgrifier","floor":5,"gold_loss":0,"cards_obtained":["Steam"]},{"damage_healed":0,"gold_gain":0,"player_choice":"Shed Blood","damage_taken":18,"max_hp_gain":5,"max_hp_loss":0,"event_name":"Forgotten Altar","floor":19,"gold_loss":0},{"cards_removed":["Strike_B"],"damage_healed":0,"gold_gain":0,"player_choice":"Upgrade and Remove","damage_taken":0,"max_hp_gain":0,"max_hp_loss":0,"event_name":"Designer","floor":20,"gold_loss":90,"cards_upgraded":["Defend_B"]}],"is_beta":false,"boss_relics":[{"not_picked":["Snecko Eye","Ectoplasm"],"picked":"Tiny House"}],"items_purged_floors":[11,24],"is_endless":false,"potions_floor_spawned":[6,8,10,13,14,22,29],"killed_by":"Centurion and Healer","ascension_level":0}