{"gold_per_floor":[113,126,126,24,24,58,6,6,29,358,358,369,369,384,384,384],"floor_reached":16,"playtime":710,"items_purged":[],"score":200,"play_id":"0fdf7d1f-d2af-4ac7-9560-db6055ea92d3","local_time":"20190120103849","is_ascension_mode":true,"campfire_choices":[{"floor":8,"key":"REST"},{"data":"Riddle With Holes","floor":11,"key":"SMITH"},{"data":"Sucker Punch","floor":13,"key":"SMITH"},{"data":"Dagger Spray","floor":15,"key":"SMITH"}],"neow_cost":"NONE","seed_source_timestamp":92129113277000,"circlet_count":0,"master_deck":["AscendersBane","Defend_G","Defend_G","Defend_G","Defend_G","Defend_G+1","Strike_G","Strike_G+1","Strike_G","Strike_G","Strike_G+1","Survivor","Neutralize+1","Blur","Dagger Throw","Sucker Punch+1","Blur","Riddle With Holes+1","Cloak And Dagger","Flying Knee","Dagger Spray+1"],"special_seed":0,"relics":["Ring of the Snake","Bag of Marbles","Anchor","Meat on the Bone","Whetstone","Old Coin"],"potions_floor_usage":[10,16],"damage_taken":[{"damage":1,"enemies":"2 Louse","floor":1,"turns":3},{"damage":3,"enemies":"Jaw Worm","floor":2,"turns":4},{"damage":28,"enemies":"Lagavulin","floor":6,"turns":11},{"damage":23,"enemies":"Gremlin Nob","floor":10,"turns":5},{"damage":0,"enemies":"Small Slimes","floor":12,"turns":4},{"damage":0,"enemies":"Gremlin Gang","floor":14,"turns":4},{"damage":40,"enemies":"Slime Boss","floor":16,"turns":8}],"seed_played":"-5296566020644806849","potions_obtained":[{"floor":1,"key":"Ancient Potion"},{"floor":14,"key":"SpeedPotion"}],"is_trial":false,"path_per_floor":["M","M","?","$","?","E","?","R","T","E","R","M","R","M","R","B"],"character_chosen":"THE_SILENT","items_purchased":["Sucker Punch","Blur"],"campfire_rested":1,"item_purchase_floors":[4,4],"current_hp_per_floor":[58,55,35,35,35,7,7,26,26,15,15,27,27,39,39,0],"gold":384,"neow_bonus":"RANDOM_COMMON_RELIC","is_prod":false,"is_daily":false,"chose_seed":false,"campfire_upgraded":3,"win_rate":0,"timestamp":1547973529,"path_taken":["M","M","?","$","?","E","?","R","T","E","R","M","R","?","R","BOSS"],"build_version":"2019-01-17v2","purchased_purges":0,"victory":false,"max_hp_per_floor":[66,66,66,66,66,66,66,66,66,66,66,66,66,66,66,66],"card_choices":[{"not_picked":["Tactician","Eviscerate"],"picked":"Blur","floor":1},{"not_picked":["Endless Agony","Poisoned Stab"],"picked":"Dagger Throw","floor":2},{"not_picked":["PiercingWail","Bouncing Flask"],"picked":"Riddle With Holes","floor":6},{"not_picked":["Slice","Bane"],"picked":"Cloak And Dagger","floor":10},{"not_picked":["Calculated Gamble","PiercingWail"],"picked":"Flying Knee","floor":12},{"not_picked":["Quick Slash","Dodge and Roll"],"picked":"Dagger Spray","floor":14}],"player_experience":824189,"relics_obtained":[{"floor":6,"key":"Anchor"},{"floor":9,"key":"Whetstone"},{"floor":10,"key":"Old Coin"}],"event_choices":[{"damage_healed":0,"gold_gain":0,"player_choice":"Entered Light","damage_taken":20,"max_hp_gain":0,"max_hp_loss":0,"event_name":"Shining Light","floor":3,"gold_loss":0,"cards_upgraded":["Defend_G","Strike_G"]},{"damage_healed":0,"gold_gain":0,"player_choice":"Ignored","damage_taken":0,"max_hp_gain":0,"max_hp_loss":0,"event_name":"Liars Game","floor":5,"gold_loss":0},{"damage_healed":0,"gold_gain":0,"player_choice":"Paid Gold","damage_taken":0,"relics_obtained":["Meat on the Bone"],"max_hp_gain":0,"max_hp_loss":0,"event_name":"WeMeetAgain","floor":7,"gold_loss":52}],"is_beta":false,"boss_relics":[],"items_purged_floors":[],"is_endless":false,"potions_floor_spawned":[1,14],"killed_by":"Slime Boss","ascension_level":17}