{"gold_per_floor":[111,19,94,114,129,129,161,161,187,187],"floor_reached":10,"playtime":377,"items_purged":[],"score":132,"play_id":"b182c77e-c201-4055-89e4-f6228e1ba15a","local_time":"20190609135305","is_ascension_mode":true,"campfire_choices":[{"data":"Noxious Fumes","floor":6.0,"key":"SMITH"},{"data":"Dash","floor":8,"key":"SMITH"}],"neow_cost":"NONE","seed_source_timestamp":172993952072000,"circlet_count":0,"master_deck":["AscendersBane","Defend_G","Defend_G","Defend_G","Defend_G","Defend_G","Strike_G","Strike_G","Strike_G","Strike_G","Strike_G","Survivor","Neutralize","Dagger Throw","Noxious Fumes+1","Dagger Spray","Dash+1","Well Laid Plans"],"special_seed":0,"relics":["Ring of the Snake","Blood Vial","Art of War"],"potions_floor_usage":[7,10],"damage_taken":[{"damage":1.0,"enemies":"Cultist","floor":1.0,"turns":4.0},{"damage":0.0,"enemies":"2 Louse","floor":4.0,"turns":3.0},{"damage":2.0,"enemies":"Small Slimes","floor":5.0,"turns":4.0},{"damage":19,"enemies":"3 Sentries","floor":7,"turns":7},{"damage":58,"enemies":"Gremlin Nob","floor":10,"turns":4}],"seed_played":"3694524377630285910","potions_obtained":[{"floor":0.0,"key":"Poison Potion"},{"floor":0.0,"key":"Swift Potion"},{"floor":1.0,"key":"AttackPotion"}],"is_trial":false,"path_per_floor":["M","$","?","M","M","R","E","R","T","E"],"character_chosen":"THE_SILENT","items_purchased":["Noxious Fumes","Dagger Spray"],"campfire_rested":0,"item_purchase_floors":[2,2],"current_hp_per_floor":[58,58,47,47,45,45,26,26,26,0],"gold":187,"neow_bonus":"THREE_SMALL_POTIONS","is_prod":false,"is_daily":false,"chose_seed":false,"campfire_upgraded":2,"win_rate":0,"timestamp":1560077585,"path_taken":["M","$","?","M","M","R","E","R","T","E"],"build_version":"2019-01-23","purchased_purges":0,"victory":false,"max_hp_per_floor":[66,66,66,66,66,66,66,66,66,66],"card_choices":[{"not_picked":["Deadly Poison","Bane"],"picked":"Dagger Throw","floor":1.0},{"not_picked":["Calculated Gamble","Bane"],"picked":"Dash","floor":4.0},{"not_picked":["Backflip","Caltrops"],"picked":"Well Laid Plans","floor":5.0},{"not_picked":["Prepared","Cloak And Dagger","Escape Plan"],"picked":"SKIP","floor":7}],"player_experience":1072908,"relics_obtained":[{"floor":7,"key":"Blood Vial"},{"floor":9,"key":"Art of War"}],"event_choices":[{"damage_healed":0.0,"max_hp_gain":0.0,"max_hp_loss":0.0,"gold_gain":75.0,"event_name":"World of Goop","player_choice":"Gather Gold","floor":3.0,"gold_loss":0.0,"damage_taken":11.0}],"is_beta":false,"boss_relics":[],"items_purged_floors":[],"is_endless":false,"potions_floor_spawned":[1],"killed_by":"Gremlin Nob","ascension_level":20}