{"gold_per_floor":[114,114,134,134,99,99,124,39,39,74,74,74,91,110,110,188,188],"floor_reached":17,"playtime":470,"items_purged":[],"score":376,"play_id":"3d1b7796-f67f-41bd-b1fd-76a3648b25c5","local_time":"20190620131212","is_ascension_mode":true,"campfire_choices":[{"data":"Crippling Poison","floor":6.0,"key":"SMITH"},{"floor":12.0,"key":"REST"},{"data":"Noxious Fumes","floor":15.0,"key":"SMITH"}],"neow_cost":"NONE","seed_source_timestamp":0,"circlet_count":0,"master_deck":["AscendersBane","Defend_G","Defend_G","Defend_G+1","Defend_G","Defend_G","Strike_G","Strike_G","Strike_G","Strike_G","Survivor","Neutralize","Bane+1","Crippling Poison+1","Cloak And Dagger","Blur","Poisoned Stab","Malaise","Noxious Fumes+1","Cloak And Dagger","Venomology"],"special_seed":0,"relics":["Ring of the Snake","NeowsBlessing","Dead Branch","MawBank","Ice Cream","Peace Pipe"],"potions_floor_usage":[],"damage_taken":[{"damage":0.0,"enemies":"2 Louse","floor":1.0,"turns":1.0},{"damage":0.0,"enemies":"Small Slimes","floor":3.0,"turns":1.0},{"damage":0.0,"enemies":"Gremlin Nob","floor":7.0,"turns":1.0},{"damage":14.0,"enemies":"3 Sentries","floor":10.0,"turns":10.0},{"damage":0.0,"enemies":"Cultist","floor":13.0,"turns":2.0},{"damage":8.0,"enemies":"Blue Slaver","floor":14.0,"turns":5.0},{"damage":3.0,"enemies":"Hexaghost","floor":16.0,"turns":9.0}],"seed_played":"-3503015399601357412","potions_obtained":[{"floor":3.0,"key":"PowerPotion"},{"floor":13.0,"key":"Poison Potion"}],"is_trial":false,"path_per_floor":["M","?","M","?","?","R","E","$","T","E","?","R","M","M","R","B",null],"character_chosen":"THE_SILENT","items_purchased":["Blur","Poisoned Stab"],"campfire_rested":1,"item_purchase_floors":[8,8],"current_hp_per_floor":[59,39,39,13,29,29,29,29,29,15,15,34,34,26,26,23,23],"gold":188,"neow_bonus":"THREE_ENEMY_KILL","is_prod":false,"is_daily":false,"chose_seed":false,"campfire_upgraded":2,"win_rate":0,"timestamp":1561025532,"path_taken":["M","?","M","?","?","R","E","$","T","E","?","R","M","?","R","BOSS"],"build_version":"2019-01-23","purchased_purges":0,"victory":false,"max_hp_per_floor":[66,66,66,66,66,66,66,66,66,66,66,66,66,66,66,66,66],"card_choices":[{"not_picked":["Prepared","Backflip"],"picked":"Bane","floor":1.0},{"not_picked":["Dagger Spray","Prepared"],"picked":"Crippling Poison","floor":3.0},{"not_picked":["Blur","Bouncing Flask"],"picked":"Cloak And Dagger","floor":7.0},{"not_picked":["Masterful Stab","Calculated Gamble"],"picked":"Malaise","floor":10.0},{"not_picked":["Sucker Punch","Expertise"],"picked":"Noxious Fumes","floor":13.0},{"not_picked":["Deflect","PiercingWail"],"picked":"Cloak And Dagger","floor":14.0},{"not_picked":["Glass Knife","Tools of the Trade"],"picked":"Venomology","floor":16.0}],"player_experience":1147087,"relics_obtained":[{"floor":7.0,"key":"MawBank"},{"floor":9.0,"key":"Ice Cream"},{"floor":10.0,"key":"Peace Pipe"}],"event_choices":[{"damage_healed":0.0,"max_hp_gain":0.0,"max_hp_loss":0.0,"gold_gain":0.0,"event_name":"Shining Light","player_choice":"Entered Light","floor":2.0,"gold_loss":0.0,"damage_taken":20.0,"cards_upgraded":["Bane","Defend_G"]},{"damage_healed":0.0,"max_hp_gain":0.0,"max_hp_loss":0.0,"gold_gain":0.0,"event_name":"Scrap Ooze","player_choice":"Success","floor":4.0,"gold_loss":0.0,"damage_taken":26.0,"relics_obtained":["Dead Branch"]},{"damage_healed":16.0,"max_hp_gain":0.0,"max_hp_loss":0.0,"gold_gain":0.0,"event_name":"The Cleric","player_choice":"Healed","floor":5.0,"gold_loss":35.0,"damage_taken":0.0},{"cards_removed":["Strike_G"],"damage_healed":0.0,"max_hp_gain":0.0,"max_hp_loss":0.0,"gold_gain":0.0,"event_name":"Bonfire Elementals","player_choice":"Offered Basic","floor":11.0,"gold_loss":0.0,"damage_taken":0.0}],"is_beta":false,"boss_relics":[],"items_purged_floors":[],"is_endless":false,"potions_floor_spawned":[3,13,16],"ascension_level":20}