{"gold_per_floor":[109,122,122,139,139,168,168,178,178,196,210,210,135,166,166,265,265,275,325,156,173,173,173,193,193,247,259,271,287,287,304,304,400,400,413,413,428,428],"floor_reached":38,"playtime":1308,"items_purged":["Strike_R","Strike_R"],"score":415,"play_id":"1da5fa82-3916-44a1-a433-8e656de5bab9","local_time":"20181224002520","is_ascension_mode":false,"campfire_choices":[{"floor":7,"key":"RECALL"},{"data":"Armaments","floor":15,"key":"SMITH"},{"data":"Whirlwind","floor":23,"key":"SMITH"},{"data":"Flame Barrier","floor":25,"key":"SMITH"},{"data":"Heavy Blade","floor":30,"key":"SMITH"},{"data":"Demon Form","floor":32,"key":"SMITH"}],"neow_cost":"NONE","seed_source_timestamp":544272338605815,"circlet_count":0,"master_deck":["Strike_R","Defend_R","Defend_R","Defend_R","Defend_R","Bash","Cleave+1","Battle Trance","Shrug It Off","Cleave","Clothesline","Inflame","Armaments+1","Inflame","Demon Form+1","Spot Weakness+1","Flame Barrier+1","Whirlwind+1","Shockwave","Heavy Blade+1","Intimidate+1","Impervious","Clothesline+1","Disarm+1"],"relics":["Black Blood","NeowsBlessing","Centennial Puzzle","Pantograph","Mark of Pain","Tiny Chest"],"potions_floor_usage":[38],"damage_taken":[{"damage":0,"enemies":"Jaw Worm","floor":1,"turns":1},{"damage":0,"enemies":"Cultist","floor":2,"turns":1},{"damage":0,"enemies":"Small Slimes","floor":4,"turns":1},{"damage":15,"enemies":"3 Sentries","floor":6,"turns":5},{"damage":1,"enemies":"Exordium Wildlife","floor":8,"turns":3},{"damage":7,"enemies":"Exordium Thugs","floor":10,"turns":3},{"damage":11,"enemies":"Blue Slaver","floor":11,"turns":4},{"damage":19,"enemies":"Gremlin Nob","floor":14,"turns":5},{"damage":40,"enemies":"Slime Boss","floor":16,"turns":9},{"damage":7,"enemies":"Shell Parasite","floor":18,"turns":5},{"damage":5,"enemies":"Chosen","floor":21,"turns":4},{"damage":6,"enemies":"Snecko","floor":24,"turns":4},{"damage":26,"enemies":"Centurion and Healer","floor":27,"turns":4},{"damage":0,"enemies":"3 Cultists","floor":28,"turns":2},{"damage":27,"enemies":"Sentry and Sphere","floor":29,"turns":6},{"damage":15,"enemies":"Snake Plant","floor":31,"turns":4},{"damage":22,"enemies":"Champ","floor":33,"turns":8},{"damage":28,"enemies":"Orb Walker","floor":35,"turns":4},{"damage":31,"enemies":"3 Darklings","floor":37,"turns":4},{"damage":48,"enemies":"Spire Growth","floor":38,"turns":4}],"seed_played":"6684820835079480317","potions_obtained":[{"floor":2,"key":"EssenceOfSteel"},{"floor":4,"key":"SkillPotion"},{"floor":6,"key":"Ancient Potion"},{"floor":33,"key":"SteroidPotion"}],"is_trial":false,"path_per_floor":["M","M","?","M","?","E","R","M","T","M","M","?","$","E","R","B",null,"M","?","$","M","?","R","M","R","T","M","M","M","R","M","R","B",null,"M","?","M","M"],"character_chosen":"IRONCLAD","items_purchased":["Flame Barrier"],"campfire_rested":0,"item_purchase_floors":[20],"current_hp_per_floor":[80,80,80,80,80,71,71,76,76,75,70,70,70,57,57,46,80,79,79,79,80,80,80,80,80,80,60,66,45,45,36,36,45,80,62,62,41,0],"gold":428,"neow_bonus":"THREE_ENEMY_KILL","is_prod":false,"is_daily":false,"chose_seed":false,"campfire_upgraded":5,"win_rate":0,"timestamp":1545578720,"path_taken":["M","M","?","?","?","E","R","M","T","M","?","?","?","E","R","BOSS","M","?","$","?","?","R","M","R","T","M","?","M","R","M","R","BOSS","M","?","M","M"],"build_version":"2018-12-20","purchased_purges":2,"victory":false,"max_hp_per_floor":[80,80,80,80,80,80,80,80,80,80,80,80,80,80,80,80,80,80,80,80,80,80,80,80,80,80,80,80,80,80,80,80,80,80,80,80,80,80],"card_choices":[{"not_picked":["True Grit","Headbutt"],"picked":"Cleave","floor":1},{"not_picked":["Armaments","Headbutt"],"picked":"Battle Trance","floor":2},{"not_picked":["Havoc","Warcry"],"picked":"Shrug It Off","floor":4},{"not_picked":["Havoc","Fire Breathing"],"picked":"Clothesline","floor":6},{"not_picked":["Pommel Strike","Feel No Pain"],"picked":"Inflame","floor":8},{"not_picked":["Fiend Fire","Metallicize"],"picked":"Armaments","floor":10},{"not_picked":["Wild Strike","Sword Boomerang"],"picked":"Inflame","floor":11},{"not_picked":["Thunderclap","Clash","Bloodletting"],"picked":"SKIP","floor":14},{"not_picked":["Exhume","Offering"],"picked":"Demon Form","floor":16},{"not_picked":["Headbutt+1","Thunderclap"],"picked":"Spot Weakness+1","floor":18},{"not_picked":["Shrug It Off","Armaments"],"picked":"Whirlwind","floor":21},{"not_picked":["Fire Breathing","Pummel","Body Slam"],"picked":"SKIP","floor":24},{"not_picked":["Cleave","Combust"],"picked":"Heavy Blade","floor":27},{"not_picked":["Juggernaut","Perfected Strike"],"picked":"Intimidate+1","floor":28},{"not_picked":["Clothesline","Second Wind","Feel No Pain"],"picked":"SKIP","floor":29},{"not_picked":["Sword Boomerang+1","Perfected Strike","Headbutt"],"picked":"SKIP","floor":31},{"not_picked":["Berserk","Dark Embrace"],"picked":"Impervious","floor":33},{"not_picked":["Pummel","Havoc"],"picked":"Clothesline+1","floor":35},{"not_picked":["Clothesline","Wild Strike"],"picked":"Disarm+1","floor":37}],"player_experience":654311,"relics_obtained":[{"floor":6,"key":"Centennial Puzzle"},{"floor":14,"key":"Pantograph"},{"floor":26,"key":"Tiny Chest"}],"event_choices":[{"damage_healed":0,"gold_gain":0,"player_choice":"Forge","damage_taken":0,"max_hp_gain":0,"max_hp_loss":0,"event_name":"Accursed Blacksmith","floor":3,"gold_loss":0,"cards_upgraded":["Cleave"]},{"damage_healed":0,"gold_gain":0,"cards_transformed":["Strike_R"],"player_choice":"Transformed","damage_taken":0,"max_hp_gain":0,"max_hp_loss":0,"event_name":"Transmorgrifier","floor":5,"gold_loss":0,"cards_obtained":["Cleave"]},{"damage_healed":0,"gold_gain":0,"player_choice":"Ignored","damage_taken":0,"max_hp_gain":0,"max_hp_loss":0,"event_name":"NoteForYourself","floor":12,"gold_loss":0},{"damage_healed":0,"gold_gain":100,"player_choice":"Bet on Murderer","damage_taken":0,"max_hp_gain":0,"max_hp_loss":0,"event_name":"The Joust","floor":19,"gold_loss":50},{"damage_healed":0,"gold_gain":0,"cards_transformed":["Strike_R"],"player_choice":"Transformed","damage_taken":0,"max_hp_gain":0,"max_hp_loss":0,"event_name":"Transmorgrifier","floor":22,"gold_loss":0,"cards_obtained":["Shockwave"]},{"damage_healed":0,"gold_gain":0,"player_choice":"Memory 1","damage_taken":0,"max_hp_gain":0,"max_hp_loss":0,"event_name":"SensoryStone","floor":36,"gold_loss":0}],"is_beta":false,"boss_relics":[{"not_picked":["Empty Cage","Ectoplasm"],"picked":"Mark of Pain"},{"not_picked":["Philosopher\u0027s Stone","Busted Crown"],"picked":"Black Blood"}],"items_purged_floors":[13,20],"is_endless":false,"potions_floor_spawned":[2,4,6,8,18,27,33],"killed_by":"Spire Growth","ascension_level":0}