{"gold_per_floor":[210,210,52,17,17,17,51,51,101,116,16,88,119,39,39,113,113,127,127],"floor_reached":19,"playtime":646,"items_purged":["Strike_R","Strike_R"],"score":342,"play_id":"07d68a4d-b162-44c1-87a3-e6ecd72de0ec","local_time":"20190517082441","is_ascension_mode":true,"campfire_choices":[{"data":"Carnage","floor":6,"key":"SMITH"},{"data":"Inflame","floor":8,"key":"SMITH"},{"data":"Bash","floor":15,"key":"SMITH"}],"neow_cost":"NONE","seed_source_timestamp":48657687404300,"circlet_count":0,"master_deck":["AscendersBane","Strike_R","Strike_R","Strike_R","Defend_R","Defend_R","Defend_R","Defend_R","Bash+1","Carnage+1","Inflame+1","Thunderclap","Headbutt","Whirlwind","Corruption+1","Reaper","Entrench"],"relics":["Black Blood","Gremlin Horn","Magic Flower","Potion Belt","Frozen Egg 2","Red Skull"],"potions_floor_usage":[16,16],"damage_taken":[{"damage":28,"enemies":"Jaw Worm","floor":1,"turns":6},{"damage":31,"enemies":"Gremlin Nob","floor":7,"turns":4},{"damage":0,"enemies":"Small Slimes","floor":10,"turns":2},{"damage":10,"enemies":"3 Sentries","floor":13,"turns":5},{"damage":33,"enemies":"Hexaghost","floor":16,"turns":7},{"damage":44,"enemies":"Spheric Guardian","floor":18,"turns":5},{"damage":58,"enemies":"Shell Parasite","floor":19,"turns":4}],"seed_played":"1837795645784641926","potions_obtained":[{"floor":7,"key":"FearPotion"},{"floor":10,"key":"SteroidPotion"}],"is_trial":false,"path_per_floor":["M","?","$","?","?","R","E","R","T","M","$","T","E","$","R","B",null,"M","M"],"character_chosen":"IRONCLAD","items_purchased":["Inflame","Corruption+1"],"campfire_rested":0,"item_purchase_floors":[3,14],"current_hp_per_floor":[46,41,41,59,59,59,34,34,34,43,43,43,42,42,42,18,61,47,0],"gold":127,"neow_bonus":"HUNDRED_GOLD","is_prod":false,"is_daily":false,"chose_seed":false,"campfire_upgraded":3,"win_rate":0,"timestamp":1558070681,"path_taken":["M","?","$","?","?","R","E","R","T","M","$","?","E","?","R","BOSS","M","?"],"build_version":"2019-01-23","purchased_purges":2,"victory":false,"max_hp_per_floor":[75,75,75,75,75,75,75,75,75,75,75,75,75,75,75,75,75,75,75],"card_choices":[{"not_picked":["Sword Boomerang","Heavy Blade"],"picked":"Carnage","floor":1},{"not_picked":["Seeing Red","Blood for Blood"],"picked":"Thunderclap","floor":7},{"not_picked":["Body Slam","Flex"],"picked":"Headbutt","floor":10},{"not_picked":["Thunderclap","Body Slam"],"picked":"Whirlwind","floor":13},{"not_picked":["Exhume","Brutality+1"],"picked":"Reaper","floor":16},{"not_picked":["Clash","Twin Strike"],"picked":"Entrench","floor":18}],"player_experience":1012950,"relics_obtained":[{"floor":7,"key":"Magic Flower"},{"floor":9,"key":"Potion Belt"},{"floor":12,"key":"Frozen Egg 2"},{"floor":13,"key":"Red Skull"}],"event_choices":[{"damage_healed":0,"gold_gain":0,"player_choice":"Success","damage_taken":5,"relics_obtained":["Gremlin Horn"],"max_hp_gain":0,"max_hp_loss":0,"event_name":"Scrap Ooze","floor":2,"gold_loss":0},{"damage_healed":18,"gold_gain":0,"player_choice":"Healed","damage_taken":0,"max_hp_gain":0,"max_hp_loss":0,"event_name":"The Cleric","floor":4,"gold_loss":35},{"damage_healed":0,"gold_gain":0,"player_choice":"Ignored","damage_taken":0,"max_hp_gain":0,"max_hp_loss":0,"event_name":"Liars Game","floor":5,"gold_loss":0}],"is_beta":false,"boss_relics":[{"not_picked":["Ectoplasm","Lizard Tail"],"picked":"Black Blood"}],"items_purged_floors":[3,11],"is_endless":false,"potions_floor_spawned":[7,10],"killed_by":"Shell Parasite","ascension_level":20}