{"gold_per_floor":[112,132,132,142,155,188,188,221,221,241,256,331,14,27,27,101,101,119,119,19,19,19],"floor_reached":22,"playtime":1268,"items_purged":["Strike_R","Decay"],"score":388,"play_id":"00896981-f264-42fa-9e5d-d1f227073f37","local_time":"20190525230557","is_ascension_mode":true,"campfire_choices":[{"floor":7.0,"key":"REST"},{"data":"Disarm","floor":15.0,"key":"SMITH"}],"neow_cost":"PERCENT_DAMAGE","seed_source_timestamp":0,"circlet_count":0,"master_deck":["AscendersBane","Strike_R","Strike_R","Defend_R","Defend_R","Defend_R","Defend_R","Bash","Perfected Strike","Cleave","Iron Wave","Disarm+1","Headbutt","Limit Break"],"special_seed":0,"relics":["Burning Blood","Calipers","Anchor","Dodecahedron","Pocketwatch","Mango","Odd Mushroom","PreservedInsect","Empty Cage"],"potions_floor_usage":[22],"damage_taken":[{"damage":1.0,"enemies":"Cultist","floor":1.0,"turns":3.0},{"damage":10.0,"enemies":"Small Slimes","floor":2.0,"turns":3.0},{"damage":0.0,"enemies":"2 Louse","floor":4.0,"turns":3.0},{"damage":7.0,"enemies":"Looter","floor":5.0,"turns":3.0},{"damage":35.0,"enemies":"3 Sentries","floor":6.0,"turns":11.0},{"damage":32.0,"enemies":"Gremlin Nob","floor":8.0,"turns":4.0},{"damage":4.0,"enemies":"The Mushroom Lair","floor":10.0,"turns":4.0},{"damage":0.0,"enemies":"Exordium Wildlife","floor":11.0,"turns":2.0},{"damage":0.0,"enemies":"Large Slime","floor":14.0,"turns":4.0},{"damage":39.0,"enemies":"The Guardian","floor":16.0,"turns":17.0},{"damage":41,"enemies":"Shell Parasite","floor":18,"turns":28},{"damage":17,"enemies":"Spheric Guardian","floor":22,"turns":4}],"seed_played":"-5509779631257898862","potions_obtained":[{"floor":4.0,"key":"SpeedPotion"},{"floor":5.0,"key":"Poison Potion"},{"floor":10.0,"key":"SteroidPotion"},{"floor":14.0,"key":"Fire Potion"},{"floor":16.0,"key":"SteroidPotion"}],"is_trial":false,"path_per_floor":["M","M","?","M","M","E","R","E","T","?","M","?","$","M","R","B",null,"M","?","$","?","M"],"character_chosen":"IRONCLAD","items_purchased":["Disarm","PreservedInsect"],"campfire_rested":1,"item_purchase_floors":[13,13],"current_hp_per_floor":[55,51,51,57,56,27,49,23,37,39,45,34,34,40,40,7,69,34,34,34,34,17],"gold":19,"neow_bonus":"ONE_RARE_RELIC","is_prod":false,"is_daily":false,"chose_seed":false,"campfire_upgraded":1,"win_rate":0,"timestamp":1558814757,"path_taken":["M","?","?","M","?","E","R","E","T","?","M","?","$","M","R","BOSS","M","?","$","?","M"],"build_version":"2019-01-23","purchased_purges":2,"victory":false,"max_hp_per_floor":[75,75,75,75,75,75,75,75,89,89,89,89,89,89,89,89,89,89,89,89,89,89],"card_choices":[{"not_picked":["Flex","Thunderclap"],"picked":"Perfected Strike","floor":1.0},{"not_picked":["Clash","Rage"],"picked":"Body Slam","floor":2.0},{"not_picked":["Havoc","Rupture"],"picked":"Cleave","floor":4.0},{"not_picked":["Carnage","Pommel Strike","Perfected Strike"],"picked":"SKIP","floor":5.0},{"not_picked":["Corruption","Searing Blow","Wild Strike"],"picked":"SKIP","floor":6.0},{"not_picked":["Berserk","Fire Breathing"],"picked":"Iron Wave","floor":8.0},{"not_picked":["Reckless Charge","Perfected Strike","Warcry"],"picked":"SKIP","floor":11.0},{"not_picked":["Reckless Charge","Perfected Strike","Warcry"],"picked":"SKIP","floor":11.0},{"not_picked":["Flex","Thunderclap"],"picked":"Headbutt","floor":14.0},{"not_picked":["Feed","Exhume"],"picked":"Limit Break","floor":16.0},{"not_picked":["Havoc","Flex","Blood for Blood"],"picked":"SKIP","floor":18}],"player_experience":1036593,"relics_obtained":[{"floor":6.0,"key":"Dodecahedron"},{"floor":8.0,"key":"Pocketwatch"},{"floor":9.0,"key":"Mango"},{"floor":10.0,"key":"Odd Mushroom"}],"event_choices":[{"cards_removed":["Body Slam"],"damage_healed":0.0,"max_hp_gain":0.0,"max_hp_loss":0.0,"gold_gain":0.0,"event_name":"WeMeetAgain","player_choice":"Gave Card","floor":3.0,"gold_loss":0.0,"damage_taken":0.0,"relics_obtained":["Anchor"]},{"damage_healed":0.0,"max_hp_gain":0.0,"max_hp_loss":0.0,"gold_gain":0.0,"event_name":"Mushrooms","player_choice":"Fought Mushrooms","floor":10.0,"gold_loss":0.0,"damage_taken":0.0},{"damage_healed":0.0,"max_hp_gain":0.0,"max_hp_loss":0.0,"gold_gain":75.0,"event_name":"World of Goop","player_choice":"Gather Gold","floor":12.0,"gold_loss":0.0,"damage_taken":11.0},{"damage_healed":0,"gold_gain":0,"player_choice":"Smashed Altar","damage_taken":0,"max_hp_gain":0,"max_hp_loss":0,"event_name":"Forgotten Altar","floor":19,"gold_loss":0,"cards_obtained":["Decay"]},{"damage_healed":0,"gold_gain":0,"player_choice":"Ignored","damage_taken":0,"max_hp_gain":0,"max_hp_loss":0,"event_name":"Cursed Tome","floor":21,"gold_loss":0}],"is_beta":false,"boss_relics":[{"not_picked":["Black Blood","Runic Cube"],"picked":"Empty Cage"}],"items_purged_floors":[13,20],"is_endless":false,"potions_floor_spawned":[4,5,10,14,16],"killed_by":"Spheric Guardian","ascension_level":20}