{"gold_per_floor":[215,232,250,82,94,126,126,161,161,173,173,187,199,231,231,304,304,304,304,229,229,229,229,229,229,229,229,75,75,75,0,0,0,0,0,0,0,0,0,0,0,0,0,0,0,0,0,0,0,0],"floor_reached":51,"playtime":2757,"items_purged":["Decay"],"score":1255,"play_id":"7832780d-7479-4609-9b78-05261710988a","local_time":"20190702104729","is_ascension_mode":true,"campfire_choices":[{"data":"Pommel Strike","floor":7,"key":"SMITH"},{"data":"Inflame","floor":11,"key":"SMITH"},{"floor":15,"key":"DIG"},{"floor":23,"key":"REST"},{"data":"Limit Break","floor":27,"key":"SMITH"},{"floor":30,"key":"REST"},{"floor":32,"key":"REST"},{"floor":40,"key":"DIG"},{"floor":42,"key":"DIG"},{"floor":44,"key":"DIG"},{"floor":47,"key":"DIG"},{"floor":49,"key":"REST"}],"neow_cost":"NONE","seed_source_timestamp":299336059683545,"circlet_count":0,"master_deck":["AscendersBane","Strike_R","Strike_R","Strike_R","Strike_R","Strike_R","Defend_R","Defend_R","Defend_R","Bash","Inflame+1","Shrug It Off","Headbutt","Pommel Strike+1","Impervious","Feed","Iron Wave","Perfected Strike","Flame Barrier","Limit Break+1","Sword Boomerang","Uppercut","Whirlwind","Limit Break","Metallicize+1","Brutality+1","Flame Barrier","Ghostly Armor","Metallicize+1","Pummel","Rupture+1"],"relics":["Burning Blood","PreservedInsect","Happy Flower","Pear","Dead Branch","Shovel","Oddly Smooth Stone","Ectoplasm","Tiny Chest","Frozen Egg 2","Snecko Eye","Potion Belt","Blood Vial","Mercury Hourglass","Ancient Tea Set","Pantograph","Bronze Scales"],"potions_floor_usage":[5,46,50],"damage_taken":[{"damage":14,"enemies":"Jaw Worm","floor":1,"turns":5},{"damage":1,"enemies":"Cultist","floor":2,"turns":3},{"damage":4,"enemies":"Small Slimes","floor":3,"turns":3},{"damage":12,"enemies":"Exordium Thugs","floor":5,"turns":4},{"damage":20,"enemies":"Lagavulin","floor":6,"turns":7},{"damage":10,"enemies":"3 Sentries","floor":8,"turns":8},{"damage":3,"enemies":"Looter","floor":10,"turns":3},{"damage":3,"enemies":"Large Slime","floor":12,"turns":2},{"damage":8,"enemies":"Blue Slaver","floor":13,"turns":4},{"damage":20,"enemies":"Lagavulin","floor":14,"turns":3},{"damage":50,"enemies":"Hexaghost","floor":16,"turns":11},{"damage":18,"enemies":"Spheric Guardian","floor":18,"turns":4},{"damage":34,"enemies":"2 Thieves","floor":20,"turns":4},{"damage":21,"enemies":"Snake Plant","floor":21,"turns":4},{"damage":0,"enemies":"Snecko","floor":22,"turns":5},{"damage":36,"enemies":"Slavers","floor":24,"turns":6},{"damage":63,"enemies":"Champ","floor":33,"turns":9},{"damage":10,"enemies":"3 Shapes","floor":35,"turns":6},{"damage":10,"enemies":"Orb Walker","floor":36,"turns":3},{"damage":22,"enemies":"Sphere and 2 Shapes","floor":37,"turns":8},{"damage":7,"enemies":"Jaw Worm Horde","floor":38,"turns":6},{"damage":18,"enemies":"3 Darklings","floor":41,"turns":5},{"damage":2,"enemies":"Reptomancer","floor":46,"turns":3},{"damage":21,"enemies":"Maw","floor":48,"turns":5},{"damage":50,"enemies":"Time Eater","floor":50,"turns":6}],"seed_played":"9019398885745727712","potions_obtained":[{"floor":1,"key":"Block Potion"},{"floor":2,"key":"Dexterity Potion"},{"floor":5,"key":"Explosive Potion"},{"floor":16,"key":"Strength Potion"},{"floor":20,"key":"PowerPotion"},{"floor":48,"key":"Energy Potion"}],"is_trial":false,"path_per_floor":["M","M","M","$","M","E","R","E","T","M","R","M","M","E","R","B",null,"M","?","M","M","M","R","E","?","T","R","$","$","R","?","R","B",null,"M","M","M","M","$","R","M","R","T","R","?","E","R","M","R","B",null],"character_chosen":"IRONCLAD","items_purchased":["PreservedInsect","Pommel Strike","Metallicize+1"],"campfire_rested":4,"item_purchase_floors":[4,4,28],"current_hp_per_floor":[60,65,67,67,61,47,47,53,53,59,59,65,63,52,52,8,73,64,64,36,21,27,56,29,29,29,29,29,29,59,59,89,32,83,79,78,65,67,67,67,58,58,58,58,58,64,64,54,88,71],"gold":0,"neow_bonus":"HUNDRED_GOLD","is_prod":false,"is_daily":false,"chose_seed":false,"campfire_upgraded":3,"win_rate":0,"timestamp":1562035649,"path_taken":["M","M","M","$","M","E","R","E","T","M","R","M","M","E","R","BOSS","M","?","M","M","?","R","E","?","T","R","?","$","R","?","R","BOSS","M","M","M","M","$","R","M","R","T","R","?","E","R","M","R","BOSS"],"build_version":"2019-07-01","purchased_purges":1,"victory":true,"max_hp_per_floor":[75,75,75,75,75,75,75,85,85,88,88,91,91,94,94,94,94,97,97,97,97,97,97,100,100,100,100,100,100,100,100,100,100,100,100,103,106,109,109,109,112,112,112,112,112,112,112,115,115,115],"card_choices":[{"not_picked":["Entrench","Dual Wield"],"picked":"Inflame","floor":1},{"not_picked":["Corruption","Warcry"],"picked":"Shrug It Off","floor":2},{"not_picked":["Warcry","Shrug It Off"],"picked":"Headbutt","floor":3},{"not_picked":["Evolve","Wild Strike"],"picked":"Impervious","floor":5},{"not_picked":["Flex","Reckless Charge","Blood for Blood"],"picked":"SKIP","floor":6},{"not_picked":["Body Slam","Corruption"],"picked":"Feed","floor":8},{"not_picked":["Clothesline","Thunderclap"],"picked":"Iron Wave","floor":10},{"not_picked":["Reckless Charge","Iron Wave","Searing Blow"],"picked":"SKIP","floor":12},{"not_picked":["Iron Wave","Fire Breathing"],"picked":"Perfected Strike","floor":13},{"not_picked":["Sword Boomerang","Warcry"],"picked":"Flame Barrier","floor":14},{"not_picked":["Brutality","Double Tap"],"picked":"Limit Break","floor":16},{"not_picked":["Reckless Charge+1","Clash"],"picked":"Sword Boomerang","floor":18},{"not_picked":["Iron Wave","Headbutt"],"picked":"Uppercut","floor":20},{"not_picked":["Cleave","Havoc"],"picked":"Whirlwind","floor":21},{"not_picked":["Pommel Strike","Whirlwind","Headbutt"],"picked":"SKIP","floor":22},{"not_picked":["Searing Blow","Dropkick"],"picked":"Limit Break","floor":24},{"not_picked":["Double Tap","Fiend Fire"],"picked":"Brutality+1","floor":33},{"not_picked":["Warcry","Dual Wield+1"],"picked":"Flame Barrier","floor":35},{"not_picked":["Heavy Blade","Rage"],"picked":"Ghostly Armor","floor":36},{"not_picked":["Havoc+1","Body Slam"],"picked":"Metallicize+1","floor":37},{"not_picked":["Warcry","Rage","Evolve+1"],"picked":"SKIP","floor":38},{"not_picked":["Flame Barrier","Twin Strike","Warcry"],"picked":"SKIP","floor":41},{"not_picked":["Clothesline+1","Fiend Fire"],"picked":"Pummel","floor":46},{"not_picked":["Headbutt","Evolve+1"],"picked":"Rupture+1","floor":48}],"player_experience":818998,"relics_obtained":[{"floor":6,"key":"Happy Flower"},{"floor":8,"key":"Pear"},{"floor":9,"key":"Dead Branch"},{"floor":14,"key":"Shovel"},{"floor":15,"key":"Oddly Smooth Stone"},{"floor":24,"key":"Tiny Chest"},{"floor":26,"key":"Frozen Egg 2"},{"floor":40,"key":"Potion Belt"},{"floor":42,"key":"Blood Vial"},{"floor":43,"key":"Mercury Hourglass"},{"floor":44,"key":"Ancient Tea Set"},{"floor":46,"key":"Pantograph"},{"floor":47,"key":"Bronze Scales"}],"event_choices":[{"cards_removed":["Defend_R"],"damage_healed":0,"gold_gain":0,"player_choice":"Purged","damage_taken":0,"max_hp_gain":0,"max_hp_loss":0,"event_name":"Purifier","floor":19,"gold_loss":0},{"damage_healed":0,"gold_gain":0,"player_choice":"Smashed Altar","damage_taken":0,"max_hp_gain":0,"max_hp_loss":0,"event_name":"Forgotten Altar","floor":25,"gold_loss":0,"cards_obtained":["Decay"]},{"damage_healed":0,"gold_gain":0,"player_choice":"Paid Fearfully","damage_taken":0,"max_hp_gain":0,"max_hp_loss":0,"event_name":"Masked Bandits","floor":31,"gold_loss":75},{"damage_healed":0,"gold_gain":0,"player_choice":"Ignored","damage_taken":0,"max_hp_gain":0,"max_hp_loss":0,"event_name":"Mysterious Sphere","floor":45,"gold_loss":0}],"is_beta":false,"boss_relics":[{"not_picked":["Philosopher\u0027s Stone","Empty Cage"],"picked":"Ectoplasm"},{"not_picked":["Cursed Key","Busted Crown"],"picked":"Snecko Eye"}],"items_purged_floors":[28],"is_endless":false,"potions_floor_spawned":[1,2,5,14,16,20,22,33,36,48],"ascension_level":14}