{"gold_per_floor":[115,127,138,155,155,155,155,155,155,105,116,128,128,141,141,141],"floor_reached":16,"playtime":698,"items_purged":[],"score":141,"play_id":"877b7786-1a1d-4a10-879a-a26598620454","local_time":"20190212115742","is_ascension_mode":true,"campfire_choices":[{"data":"Neutralize","floor":6.0,"key":"SMITH"},{"data":"Skewer","floor":8.0,"key":"SMITH"},{"data":"Burst","floor":15,"key":"SMITH"}],"neow_cost":"CURSE","seed_source_timestamp":132708247882507,"circlet_count":0,"master_deck":["AscendersBane","Defend_G","Defend_G","Defend_G","Defend_G","Defend_G","Strike_G","Strike_G","Strike_G","Survivor","Neutralize+1","After Image","Crippling Poison","Finisher","Blade Dance","Skewer+1","Crippling Poison","Cloak And Dagger","Crippling Poison","Burst+1"],"special_seed":0,"relics":["Ring of the Snake","Paper Crane"],"potions_floor_usage":[16],"damage_taken":[{"damage":4.0,"enemies":"2 Louse","floor":1.0,"turns":4.0},{"damage":10.0,"enemies":"Jaw Worm","floor":2.0,"turns":6.0},{"damage":4.0,"enemies":"Small Slimes","floor":3.0,"turns":4.0},{"damage":9.0,"enemies":"Exordium Thugs","floor":4.0,"turns":5.0},{"damage":2.0,"enemies":"Looter","floor":11.0,"turns":4.0},{"damage":7.0,"enemies":"3 Louse","floor":12.0,"turns":3.0},{"damage":2,"enemies":"Blue Slaver","floor":14,"turns":5},{"damage":23,"enemies":"Hexaghost","floor":16,"turns":11}],"seed_played":"2083761902063470228","potions_obtained":[{"floor":2.0,"key":"Weak Potion"},{"floor":3.0,"key":"GamblersBrew"},{"floor":12.0,"key":"SneckoOil"},{"floor":14,"key":"Fire Potion"}],"is_trial":false,"path_per_floor":["M","M","M","M","?","R","?","R","T","?","M","M","?","M","R","B"],"character_chosen":"THE_SILENT","items_purchased":[],"campfire_rested":0,"item_purchase_floors":[],"current_hp_per_floor":[59,49,45,36,41,41,34,34,34,34,32,25,25,23,23,0],"gold":141,"neow_bonus":"THREE_RARE_CARDS","is_prod":false,"is_daily":false,"chose_seed":false,"campfire_upgraded":3,"win_rate":0,"timestamp":1549940262,"path_taken":["M","M","M","M","?","R","?","R","T","?","?","M","?","M","R","BOSS"],"build_version":"2019-01-23","purchased_purges":0,"victory":false,"max_hp_per_floor":[70,70,70,70,75,75,75,75,75,75,75,75,75,75,75,75],"card_choices":[{"not_picked":["Venomology","Tools of the Trade"],"picked":"After Image","floor":0.0},{"not_picked":["Calculated Gamble","Flying Knee"],"picked":"Crippling Poison","floor":1.0},{"not_picked":["Quick Slash","Poisoned Stab"],"picked":"Finisher","floor":2.0},{"not_picked":["Riddle With Holes","Bane"],"picked":"Blade Dance","floor":3.0},{"not_picked":["PiercingWail","Flying Knee"],"picked":"Skewer","floor":4.0},{"not_picked":["Underhanded Strike","Dagger Throw"],"picked":"Crippling Poison","floor":11.0},{"not_picked":["Eviscerate","Dodge and Roll"],"picked":"Cloak And Dagger","floor":12.0},{"not_picked":["Bane","Dodge and Roll"],"picked":"Burst","floor":14}],"player_experience":906620,"relics_obtained":[{"floor":9.0,"key":"Paper Crane"}],"event_choices":[{"damage_healed":0.0,"max_hp_gain":5.0,"max_hp_loss":0.0,"gold_gain":0.0,"event_name":"Big Fish","player_choice":"Donut","floor":5.0,"gold_loss":0.0,"damage_taken":0.0},{"cards_removed":["Pain"],"damage_healed":0.0,"max_hp_gain":0.0,"max_hp_loss":0.0,"gold_gain":0.0,"event_name":"Golden Wing","player_choice":"Card Removal","floor":7.0,"gold_loss":0.0,"damage_taken":7.0},{"cards_removed":["Strike_G"],"damage_healed":0.0,"max_hp_gain":0.0,"max_hp_loss":0.0,"gold_gain":0.0,"event_name":"The Cleric","player_choice":"Card Removal","floor":10.0,"gold_loss":50.0,"damage_taken":0.0},{"damage_healed":0.0,"max_hp_gain":0.0,"max_hp_loss":0.0,"gold_gain":0.0,"cards_transformed":["Strike_G"],"event_name":"Living Wall","player_choice":"Change","floor":13.0,"gold_loss":0.0,"damage_taken":0.0,"cards_obtained":["Crippling Poison"]}],"is_beta":false,"boss_relics":[],"items_purged_floors":[],"is_endless":false,"potions_floor_spawned":[2,3,12,14],"killed_by":"Hexaghost","ascension_level":10}