{"path_per_floor":["M","M","$","M","M","E","R","E","T","?","R","?","$","E","R","B",null,"M","$","?","?","M","E","R","T","T","E","?","R","M","?","R","B",null,"M","$","M","M","?","R","M","R","T","R","M","E","R","M","R","B"],"character_chosen":"THE_SILENT","items_purchased":["Cloak And Dagger","Well Laid Plans","Accuracy"],"gold_per_floor":[119,138,63,79,95,123,123,448,521,521,521,521,286,319,319,424,424,424,260,260,260,260,260,260,260,260,260,175,175,175,175,175,175,175,175,25,25,25,25,25,25,25,25,25,25,25,25,25,25,25],"floor_reached":51,"campfire_rested":3,"playtime":4335,"item_purchase_floors":[],"current_hp_per_floor":[70,69,69,67,66,63,63,41,41,41,41,41,41,29,29,5,77,68,68,52,51,51,30,30,30,30,24,24,24,21,21,44,4,77,48,48,36,32,32,32,29,29,29,52,52,47,47,27,49,11],"items_purged":["Strike_G","Defend_G","Strike_G","Pain"],"gold":25,"score":715,"play_id":"4daf420e-fd26-4f59-bf1b-1db40e0d428f","local_time":"20180529234514","is_prod":false,"is_daily":false,"chose_seed":false,"is_ascension_mode":true,"campfire_upgraded":5,"win_rate":0,"timestamp":1527605114,"campfire_choices":[{"data":"A Thousand Cuts","floor":7.0,"key":"SMITH"},{"data":"Cloak And Dagger","floor":11.0,"key":"SMITH"},{"data":"Cloak And Dagger","floor":15.0,"key":"SMITH"},{"data":"Accuracy","floor":24.0,"key":"SMITH"},{"data":"After Image","floor":29.0,"key":"SMITH"},{"floor":32.0,"key":"REST"},{"data":"Regret","floor":40,"key":"PURGE"},{"data":"Decay","floor":42,"key":"PURGE"},{"floor":44,"key":"REST"},{"data":"Parasite","floor":47,"key":"PURGE"},{"floor":49,"key":"REST"}],"path_taken":["M","M","$","M","M","E","R","E","T","?","R","?","?","E","R","BOSS","M","$","?","?","?","E","R","?","T","E","?","R","M","?","R","BOSS","M","$","M","M","?","R","M","R","T","R","M","E","R","M","R","BOSS"],"build_version":"2018-05-28","seed_source_timestamp":0,"purchased_purges":4,"victory":true,"master_deck":["Defend_G","Defend_G","Defend_G","Strike_G","Strike_G","Survivor","Neutralize","Finisher","Cloak And Dagger+1","Blade Dance","Blade Dance","A Thousand Cuts+1","After Image+1","Cloak And Dagger+1","Well Laid Plans","Envenom","Acrobatics+1","Accuracy+1","Cloak And Dagger","Escape Plan","Acrobatics","Escape Plan","Venomology","Well Laid Plans","Terror","Caltrops+1","Backflip+1","Blade Dance","Envenom","Blur"],"max_hp_per_floor":[70,70,70,70,70,77,77,77,77,77,77,77,77,77,77,77,77,77,77,77,77,77,77,77,77,77,77,77,77,77,77,77,77,77,77,77,77,77,77,77,77,77,77,77,77,77,74,74,74,74],"relics":["Ring of the Snake","Strawberry","Old Coin","Dodecahedron","Oddly Smooth Stone","Ectoplasm","Nilry\u0027s Codex","Red Mask","Happy Flower","Juzu Bracelet","Molten Egg 2","Dead Branch","Bag of Preparation","Calling Bell","Omamori","Ornamental Fan","Peace Pipe","Orichalcum","Tiny Chest"],"card_choices":[{"not_picked":["Sucker Punch","Dagger Throw"],"picked":"Finisher","floor":1.0},{"not_picked":["Caltrops","Footwork"],"picked":"Cloak And Dagger","floor":2.0},{"not_picked":["Expertise","Eviscerate"],"picked":"Blade Dance","floor":4.0},{"not_picked":["Deflect","Sucker Punch"],"picked":"Blade Dance","floor":5.0},{"not_picked":["Setup","Escape Plan"],"picked":"A Thousand Cuts","floor":6.0},{"not_picked":["Prepared","Blur"],"picked":"After Image","floor":8.0},{"not_picked":["Leg Sweep","Slice","Riddle With Holes"],"picked":"SKIP","floor":14.0},{"not_picked":["Bullet Time","Venomology"],"picked":"Envenom","floor":16.0},{"not_picked":["Blur","Outmaneuver+1"],"picked":"Acrobatics+1","floor":18.0},{"not_picked":["Flying Knee","Backflip"],"picked":"Cloak And Dagger","floor":21.0},{"not_picked":["Endless Agony","Deflect"],"picked":"Escape Plan","floor":22.0},{"not_picked":["Deadly Poison+1","Doppelganger"],"picked":"Acrobatics","floor":23.0},{"not_picked":["Underhanded Strike+1","Caltrops"],"picked":"Escape Plan","floor":27.0},{"not_picked":["Riddle With Holes+1","Sucker Punch+1","Dodge and Roll"],"picked":"SKIP","floor":30.0},{"not_picked":["Glass Knife+1","Night Terror"],"picked":"Venomology","floor":33.0},{"not_picked":["Dagger Spray+1","Reflex"],"picked":"Well Laid Plans","floor":35},{"not_picked":["Dash+1","Poisoned Stab+1"],"picked":"Terror","floor":37},{"not_picked":["Quick Slash+1","Bane+1"],"picked":"Caltrops+1","floor":38},{"not_picked":["Flying Knee+1","Quick Slash+1"],"picked":"Backflip+1","floor":41},{"not_picked":["Flying Knee+1","Flechettes+1"],"picked":"Blade Dance","floor":45},{"not_picked":["Reflex+1","All Out Attack+1"],"picked":"Envenom","floor":46},{"not_picked":["Crippling Poison","Flechettes+1"],"picked":"Blur","floor":48}],"player_experience":185631,"potions_floor_usage":[38,38,45,46,48,50,50,50],"damage_taken":[{"damage":0.0,"enemies":"Cultist","floor":1.0,"turns":4.0},{"damage":1.0,"enemies":"Small Slimes","floor":2.0,"turns":4.0},{"damage":2.0,"enemies":"2 Louse","floor":4.0,"turns":4.0},{"damage":1.0,"enemies":"Blue Slaver","floor":5.0,"turns":5.0},{"damage":10.0,"enemies":"Gremlin Nob","floor":6.0,"turns":3.0},{"damage":22.0,"enemies":"Lagavulin","floor":8.0,"turns":6.0},{"damage":12.0,"enemies":"Gremlin Nob","floor":14.0,"turns":4.0},{"damage":24.0,"enemies":"The Guardian","floor":16.0,"turns":9.0},{"damage":9.0,"enemies":"Shell Parasite","floor":18.0,"turns":4.0},{"damage":1.0,"enemies":"ï¢ñ ÇÃìêëØ","floor":21.0,"turns":4.0},{"damage":0.0,"enemies":"Spheric Guardian","floor":22.0,"turns":3.0},{"damage":21.0,"enemies":"Slavers","floor":23.0,"turns":6.0},{"damage":6.0,"enemies":"Book of Stabbing","floor":27.0,"turns":5.0},{"damage":3.0,"enemies":"Centurion and Healer","floor":30.0,"turns":4.0},{"damage":40.0,"enemies":"Automaton","floor":33.0,"turns":7.0},{"damage":29,"enemies":"Orb Walker","floor":35,"turns":3},{"damage":12,"enemies":"Flame Bruiser 1 Orb","floor":37,"turns":4},{"damage":4,"enemies":"4 Shapes","floor":38,"turns":6},{"damage":3,"enemies":"3 Darklings","floor":41,"turns":5},{"damage":0,"enemies":"Maw","floor":45,"turns":7},{"damage":5,"enemies":"2 Orb Walkers","floor":46,"turns":4},{"damage":20,"enemies":"Transient","floor":48,"turns":5},{"damage":38,"enemies":"Time Eater","floor":50,"turns":9}],"relics_obtained":[{"floor":6.0,"key":"Strawberry"},{"floor":8.0,"key":"Old Coin"},{"floor":9.0,"key":"Dodecahedron"},{"floor":14.0,"key":"Oddly Smooth Stone"},{"floor":20.0,"key":"Nilry\u0027s Codex"},{"floor":21.0,"key":"Red Mask"},{"floor":23.0,"key":"Happy Flower"},{"floor":25.0,"key":"Juzu Bracelet"},{"floor":26.0,"key":"Molten Egg 2"},{"floor":27.0,"key":"Dead Branch"},{"floor":34,"key":"Omamori"},{"floor":34,"key":"Ornamental Fan"},{"floor":34,"key":"Peace Pipe"},{"floor":43,"key":"Orichalcum"},{"floor":46,"key":"Tiny Chest"}],"event_choices":[{"event_name":"Purifier","player_choice":"One Purge","floor":10.0,"damage_taken":0.0},{"event_name":"Bonfire Elementals","player_choice":"BASIC","floor":12.0,"damage_taken":0.0},{"event_name":"Cursed Tome","player_choice":"Obtained Book","floor":20.0,"damage_taken":0.0},{"event_name":"Masked Bandits","player_choice":"Fought over 260 gold","floor":21.0,"damage_taken":0.0},{"event_name":"Addict","player_choice":"Obtained Relic","floor":28.0,"damage_taken":0.0},{"event_name":"Forgotten Altar","player_choice":"Smashed Altar","floor":31.0,"damage_taken":0.0},{"event_name":"Tomb of Lord Red Mask","player_choice":"Wore Mask","floor":39,"damage_taken":0}],"boss_relics":[{"not_picked":["Orrery","Tiny House"],"picked":"Calling Bell"}],"items_purged_floors":[],"potions_floor_spawned":[2,5,18,21,35,41,45,48],"seed_played":"8105677231363355337","ascension_level":1,"potions_obtained":[{"floor":2.0,"key":"Dexterity Potion"},{"floor":5.0,"key":"FearPotion"},{"floor":18.0,"key":"SkillPotion"},{"floor":21.0,"key":"FearPotion"},{"floor":35,"key":"Dexterity Potion"},{"floor":41,"key":"SteroidPotion"},{"floor":48,"key":"SpeedPotion"}],"is_trial":false}