{"gold_per_floor":[117,127,142,156,206,206,237,237,288,288,0,12,12,27,27,27],"floor_reached":16,"playtime":743,"items_purged":[],"score":194,"play_id":"0dda2314-09b2-4560-8d82-42a862450831","local_time":"20190214020451","is_ascension_mode":true,"campfire_choices":[{"data":"Poisoned Stab","floor":6.0,"key":"SMITH"},{"floor":8.0,"key":"REST"},{"data":"All Out Attack","floor":10.0,"key":"SMITH"},{"data":"Dagger Throw","floor":15.0,"key":"SMITH"}],"neow_cost":"NONE","seed_source_timestamp":579395585193400,"circlet_count":0,"master_deck":["AscendersBane","Defend_G","Defend_G","Defend_G","Defend_G","Defend_G","Strike_G","Strike_G","Strike_G","Strike_G","Strike_G","Survivor","Neutralize","Dagger Throw+1","Poisoned Stab+1","PiercingWail","All Out Attack+1","Dodge and Roll","Well Laid Plans","Catalyst","PiercingWail"],"special_seed":0,"relics":["Ring of the Snake","The Courier","Bag of Marbles","Gremlin Horn"],"potions_floor_usage":[16],"damage_taken":[{"damage":3.0,"enemies":"Cultist","floor":1.0,"turns":5.0},{"damage":0.0,"enemies":"Small Slimes","floor":2.0,"turns":4.0},{"damage":0.0,"enemies":"2 Louse","floor":3.0,"turns":3.0},{"damage":0.0,"enemies":"Looter","floor":4.0,"turns":3.0},{"damage":46.0,"enemies":"Gremlin Nob","floor":7.0,"turns":5.0},{"damage":0.0,"enemies":"2 Fungi Beasts","floor":12.0,"turns":1.0},{"damage":0.0,"enemies":"Exordium Thugs","floor":14.0,"turns":2.0},{"damage":54,"enemies":"Slime Boss","floor":16,"turns":10}],"seed_played":"-743484789655801274","potions_obtained":[{"floor":0.0,"key":"AttackPotion"},{"floor":0.0,"key":"Regen Potion"},{"floor":14.0,"key":"Regen Potion"}],"is_trial":false,"path_per_floor":["M","M","M","M","?","R","E","R","T","R","$","M","?","M","R","B"],"character_chosen":"THE_SILENT","items_purchased":["Well Laid Plans","Gremlin Horn"],"campfire_rested":1,"item_purchase_floors":[11,11],"current_hp_per_floor":[56,56,56,56,50,50,18,37,37,37,37,37,37,37,37,0],"gold":27,"neow_bonus":"THREE_SMALL_POTIONS","is_prod":false,"is_daily":false,"chose_seed":false,"campfire_upgraded":3,"win_rate":0,"timestamp":1550102691,"path_taken":["M","?","M","M","?","R","E","R","T","R","$","?","?","M","R","BOSS"],"build_version":"2019-01-23","purchased_purges":0,"victory":false,"max_hp_per_floor":[66,66,66,66,66,66,66,66,66,66,66,66,66,66,66,66],"card_choices":[{"not_picked":["Underhanded Strike","PiercingWail"],"picked":"Dagger Throw","floor":1.0},{"not_picked":["Bane","Dodge and Roll"],"picked":"Poisoned Stab","floor":2.0},{"not_picked":["Flechettes","Dagger Throw"],"picked":"PiercingWail","floor":3.0},{"not_picked":["Finisher","Outmaneuver"],"picked":"All Out Attack","floor":4.0},{"not_picked":["Finisher","Underhanded Strike"],"picked":"Dodge and Roll","floor":7.0},{"not_picked":["Doppelganger","Flying Knee"],"picked":"Catalyst","floor":12.0},{"not_picked":["Dagger Spray","Bane"],"picked":"PiercingWail","floor":14.0}],"player_experience":881138,"relics_obtained":[{"floor":7.0,"key":"The Courier"},{"floor":9.0,"key":"Bag of Marbles"}],"event_choices":[{"damage_healed":0.0,"max_hp_gain":0.0,"max_hp_loss":0.0,"gold_gain":50.0,"event_name":"FaceTrader","player_choice":"Touch","floor":5.0,"gold_loss":0.0,"damage_taken":6.0},{"damage_healed":0.0,"max_hp_gain":0.0,"max_hp_loss":0.0,"gold_gain":0.0,"event_name":"WeMeetAgain","player_choice":"Ignored","floor":13.0,"gold_loss":0.0,"damage_taken":0.0}],"is_beta":false,"boss_relics":[],"items_purged_floors":[],"is_endless":false,"potions_floor_spawned":[3,14],"killed_by":"Slime Boss","ascension_level":18}