{"gold_per_floor":[365,380,455,455,467,502,502,531,531,531,551,568,594,608,608,685,685,685],"floor_reached":18,"playtime":705,"items_purged":[],"score":464,"play_id":"2b2409eb-7d5f-4643-ad9c-0bfd173c75e3","local_time":"20190329114444","is_ascension_mode":true,"campfire_choices":[{"floor":7.0,"key":"REST"},{"floor":10.0,"key":"REST"},{"data":"Immolate","floor":15.0,"key":"SMITH"}],"neow_cost":"PERCENT_DAMAGE","seed_source_timestamp":0,"circlet_count":0,"master_deck":["AscendersBane","Strike_R","Strike_R","Strike_R","Strike_R","Strike_R","Defend_R","Defend_R","Defend_R","Defend_R","Bash","Havoc","Headbutt","Perfected Strike","True Grit","Immolate+1","Clothesline","Thunderclap","Shrug It Off","Flame Barrier","Double Tap"],"special_seed":0,"relics":["Burning Blood","Oddly Smooth Stone","Incense Burner","Question Card","Gambling Chip","Black Star"],"potions_floor_usage":[],"damage_taken":[{"damage":1.0,"enemies":"Small Slimes","floor":1.0,"turns":5.0},{"damage":9.0,"enemies":"2 Louse","floor":2.0,"turns":4.0},{"damage":12.0,"enemies":"Cultist","floor":5.0,"turns":4.0},{"damage":66.0,"enemies":"Lagavulin","floor":6.0,"turns":7.0},{"damage":28.0,"enemies":"Gremlin Nob","floor":8.0,"turns":4.0},{"damage":2.0,"enemies":"Large Slime","floor":11.0,"turns":5.0},{"damage":3.0,"enemies":"2 Fungi Beasts","floor":12.0,"turns":3.0},{"damage":21.0,"enemies":"3 Sentries","floor":13.0,"turns":6.0},{"damage":3.0,"enemies":"Blue Slaver","floor":14.0,"turns":4.0},{"damage":0.0,"enemies":"Slime Boss","floor":16.0,"turns":5.0},{"damage":36,"enemies":"3 Byrds","floor":18,"turns":5}],"seed_played":"-7688888965229564116","potions_obtained":[{"floor":1.0,"key":"SkillPotion"},{"floor":5.0,"key":"SteroidPotion"},{"floor":11.0,"key":"Energy Potion"},{"floor":12.0,"key":"PowerPotion"},{"floor":14.0,"key":"SmokeBomb"}],"is_trial":false,"path_per_floor":["M","M","?","?","M","E","R","E","T","R","M","M","E","M","R","B",null,"M"],"character_chosen":"IRONCLAD","items_purchased":[],"campfire_rested":2,"item_purchase_floors":[],"current_hp_per_floor":[55,52,41,75,69,9,31,9,9,31,35,38,23,26,26,32,64,28],"gold":685,"neow_bonus":"TWO_FIFTY_GOLD","is_prod":false,"is_daily":false,"chose_seed":false,"campfire_upgraded":1,"win_rate":0,"timestamp":1553852684,"path_taken":["M","M","?","?","?","E","R","E","T","R","M","M","E","M","R","BOSS","M"],"build_version":"2019-01-23","purchased_purges":0,"victory":false,"max_hp_per_floor":[75,75,75,75,75,75,75,75,75,75,75,75,75,75,75,75,75,75],"card_choices":[{"not_picked":["Burning Pact","Armaments"],"picked":"Havoc","floor":1.0},{"not_picked":["Dual Wield","Evolve"],"picked":"Headbutt","floor":2.0},{"not_picked":["Heavy Blade","Wild Strike"],"picked":"Perfected Strike","floor":5.0},{"not_picked":["Blood for Blood","Pommel Strike"],"picked":"True Grit","floor":6.0},{"not_picked":["Perfected Strike","Clash"],"picked":"Immolate","floor":8.0},{"not_picked":["Cleave","Heavy Blade","True Grit"],"picked":"Clothesline","floor":11.0},{"not_picked":["Twin Strike","Bloodletting","Havoc"],"picked":"Thunderclap","floor":12.0},{"not_picked":["Sentinel","Metallicize","Armaments"],"picked":"Shrug It Off","floor":13.0},{"not_picked":["Iron Wave","Shrug It Off","Battle Trance"],"picked":"Flame Barrier","floor":14.0},{"not_picked":["Exhume","Bludgeon","Feed"],"picked":"Double Tap","floor":16.0}],"player_experience":950177,"relics_obtained":[{"floor":6.0,"key":"Oddly Smooth Stone"},{"floor":8.0,"key":"Incense Burner"},{"floor":9.0,"key":"Question Card"},{"floor":13.0,"key":"Gambling Chip"}],"event_choices":[{"damage_healed":0.0,"max_hp_gain":0.0,"max_hp_loss":0.0,"gold_gain":75.0,"event_name":"World of Goop","player_choice":"Gather Gold","floor":3.0,"gold_loss":0.0,"damage_taken":11.0},{"damage_healed":34.0,"max_hp_gain":0.0,"max_hp_loss":0.0,"gold_gain":0.0,"event_name":"Wheel of Change","player_choice":"Full Heal","floor":4.0,"gold_loss":0.0,"damage_taken":0.0}],"is_beta":false,"boss_relics":[{"not_picked":["Calling Bell","Pandora\u0027s Box"],"picked":"Black Star"}],"items_purged_floors":[],"is_endless":false,"potions_floor_spawned":[1,5,11,12,14],"killed_by":"3 Byrds","ascension_level":20}