{"gold_per_floor":[118,133,151,151,161,196,196,214,214,230,246,171,191,6,6,80,80,96,107,107,7,27,27,27],"floor_reached":24,"playtime":1037,"items_purged":["Pain","Strike_B"],"score":384,"play_id":"8e5970b7-299a-436d-949a-8587c7f18042","local_time":"20190313124853","is_ascension_mode":true,"campfire_choices":[{"floor":7.0,"key":"REST"},{"floor":15.0,"key":"REST"},{"floor":23,"key":"REST"}],"neow_cost":"NONE","seed_source_timestamp":0,"circlet_count":0,"master_deck":["AscendersBane","Strike_B","Strike_B","Defend_B","Defend_B","Defend_B","Defend_B","Zap","Dualcast","Loop","Cold Snap","Barrage","Ball Lightning","Sweeping Beam","Cold Snap","Compile Driver","Beam Cell","Flash of Steel","Rip and Tear","Reboot","Skim","Steam"],"special_seed":0,"relics":["Cracked Core","WarpedTongs","Art of War","Shuriken","Cursed Key"],"potions_floor_usage":[24,24],"damage_taken":[{"damage":1.0,"enemies":"Small Slimes","floor":1.0,"turns":3.0},{"damage":1.0,"enemies":"Cultist","floor":2.0,"turns":3.0},{"damage":0.0,"enemies":"2 Louse","floor":3.0,"turns":3.0},{"damage":11.0,"enemies":"Exordium Wildlife","floor":5.0,"turns":4.0},{"damage":35.0,"enemies":"3 Sentries","floor":6.0,"turns":6.0},{"damage":3.0,"enemies":"Large Slime","floor":8.0,"turns":4.0},{"damage":6.0,"enemies":"2 Fungi Beasts","floor":10.0,"turns":3.0},{"damage":13.0,"enemies":"Blue Slaver","floor":11.0,"turns":3.0},{"damage":10.0,"enemies":"Large Slime","floor":13.0,"turns":4.0},{"damage":30.0,"enemies":"The Guardian","floor":16.0,"turns":9.0},{"damage":24,"enemies":"2 Thieves","floor":18,"turns":3},{"damage":16,"enemies":"Spheric Guardian","floor":19,"turns":4},{"damage":17,"enemies":"Chosen and Byrds","floor":22,"turns":5},{"damage":26,"enemies":"Slavers","floor":24,"turns":3}],"seed_played":"6471341018682929114","potions_obtained":[{"floor":2.0,"key":"SpeedPotion"},{"floor":5.0,"key":"GamblersBrew"},{"floor":6.0,"key":"SkillPotion"},{"floor":19,"key":"FocusPotion"}],"is_trial":false,"path_per_floor":["M","M","M","?","M","E","R","M","T","M","M","$","M","$","R","B",null,"M","M","?","$","M","R","E"],"character_chosen":"DEFECT","items_purchased":["Flash of Steel","Rip and Tear"],"campfire_rested":3,"item_purchase_floors":[14,14],"current_hp_per_floor":[70,69,69,69,58,23,46,43,43,37,24,24,14,14,37,7,60,36,20,20,20,3,26,0],"gold":27,"neow_bonus":"TEN_PERCENT_HP_BONUS","is_prod":false,"is_daily":false,"chose_seed":false,"campfire_upgraded":0,"win_rate":0,"timestamp":1552474133,"path_taken":["M","M","M","?","M","E","R","M","T","M","M","$","?","?","R","BOSS","M","M","?","$","?","R","E"],"build_version":"2019-01-23","purchased_purges":2,"victory":false,"max_hp_per_floor":[78,78,78,78,78,78,78,78,78,78,78,78,78,78,78,78,78,78,78,78,78,78,78,78],"card_choices":[{"not_picked":["Rebound","Hologram"],"picked":"Loop","floor":1.0},{"not_picked":["Redo","Sweeping Beam"],"picked":"Cold Snap","floor":2.0},{"not_picked":["Coolheaded","Leap"],"picked":"Barrage","floor":3.0},{"not_picked":["Compile Driver","Beam Cell"],"picked":"Ball Lightning","floor":5.0},{"not_picked":["Loop","Steam"],"picked":"Sweeping Beam","floor":6.0},{"not_picked":["Fusion","Stack","BootSequence"],"picked":"SKIP","floor":8.0},{"not_picked":["Coolheaded","Auto Shields"],"picked":"Cold Snap","floor":10.0},{"not_picked":["Skim","Barrage"],"picked":"Compile Driver","floor":11.0},{"not_picked":["Melter","Barrage"],"picked":"Beam Cell","floor":13.0},{"not_picked":["Buffer","Creative AI"],"picked":"Reboot","floor":16.0},{"not_picked":["Scrape+1","Rebound","Stack"],"picked":"SKIP","floor":18},{"not_picked":["Stack","Doom and Gloom"],"picked":"Skim","floor":19},{"not_picked":["Streamline","Stack"],"picked":"Steam","floor":22}],"player_experience":911224,"relics_obtained":[{"floor":6.0,"key":"Art of War"},{"floor":9.0,"key":"Shuriken"}],"event_choices":[{"damage_healed":0.0,"max_hp_gain":0.0,"max_hp_loss":0.0,"gold_gain":0.0,"event_name":"Accursed Blacksmith","player_choice":"Rummage","floor":4.0,"gold_loss":0.0,"damage_taken":0.0,"relics_obtained":["WarpedTongs"],"cards_obtained":["Pain"]},{"cards_removed":["Strike_B"],"damage_healed":0,"gold_gain":0,"player_choice":"Purged","damage_taken":0,"max_hp_gain":0,"max_hp_loss":0,"event_name":"Purifier","floor":20,"gold_loss":0}],"is_beta":false,"boss_relics":[{"not_picked":["Busted Crown","Astrolabe"],"picked":"Cursed Key"}],"items_purged_floors":[12,21],"is_endless":false,"potions_floor_spawned":[2,5,6,10,19,22],"killed_by":"Slavers","ascension_level":18}