{"gold_per_floor":[113,125,125,125,135,135,150,176,255,255],"floor_reached":10,"playtime":249,"items_purged":[],"score":136,"play_id":"44cb5020-8b1c-4ede-822d-f59877a1a239","local_time":"20190620215946","is_ascension_mode":true,"campfire_choices":[{"data":"Flying Knee","floor":6,"key":"SMITH"}],"neow_cost":"NONE","seed_source_timestamp":651249120997200,"circlet_count":0,"master_deck":["AscendersBane","Defend_G","Defend_G","Defend_G","Defend_G","Defend_G","Strike_G","Strike_G","Strike_G","Strike_G","Strike_G","Survivor","Neutralize","Flying Knee+1","Bouncing Flask+1","Quick Slash","Poisoned Stab","Dodge and Roll"],"relics":["Ring of the Snake","NeowsBlessing","StoneCalendar","Mummified Hand"],"potions_floor_usage":[10],"damage_taken":[{"damage":0,"enemies":"Jaw Worm","floor":1,"turns":1},{"damage":0,"enemies":"2 Louse","floor":2,"turns":1},{"damage":0,"enemies":"Cultist","floor":5,"turns":1},{"damage":14,"enemies":"Lots of Slimes","floor":7,"turns":4},{"damage":45,"enemies":"3 Sentries","floor":8,"turns":11},{"damage":15,"enemies":"Lagavulin","floor":10,"turns":2}],"seed_played":"4586308073537066195","potions_obtained":[{"floor":1,"key":"LiquidBronze"},{"floor":7,"key":"Weak Potion"}],"is_trial":false,"path_per_floor":["M","M","?","?","M","R","M","E","T","E"],"character_chosen":"THE_SILENT","items_purchased":[],"campfire_rested":0,"item_purchase_floors":[],"current_hp_per_floor":[59,59,64,64,64,64,50,5,5,0],"gold":255,"neow_bonus":"THREE_ENEMY_KILL","is_prod":false,"is_daily":false,"chose_seed":false,"campfire_upgraded":1,"win_rate":0,"timestamp":1561057186,"path_taken":["M","M","?","?","?","R","M","E","T","E"],"build_version":"2019-01-23","purchased_purges":0,"victory":false,"max_hp_per_floor":[66,66,71,71,71,71,71,71,71,71],"card_choices":[{"not_picked":["Catalyst","Dodge and Roll"],"picked":"Flying Knee","floor":1},{"not_picked":["Quick Slash","Acrobatics"],"picked":"Bouncing Flask","floor":2},{"not_picked":["Flechettes","Heel Hook"],"picked":"Quick Slash","floor":5},{"not_picked":["Sucker Punch","Envenom"],"picked":"Poisoned Stab","floor":7},{"not_picked":["Acrobatics","Calculated Gamble"],"picked":"Dodge and Roll","floor":8}],"player_experience":1150178,"relics_obtained":[{"floor":8,"key":"StoneCalendar"},{"floor":9,"key":"Mummified Hand"}],"event_choices":[{"damage_healed":0,"gold_gain":0,"player_choice":"Donut","damage_taken":0,"max_hp_gain":5,"max_hp_loss":0,"event_name":"Big Fish","floor":3,"gold_loss":0},{"damage_healed":0,"gold_gain":0,"player_choice":"Upgraded","damage_taken":0,"max_hp_gain":0,"max_hp_loss":0,"event_name":"Upgrade Shrine","floor":4,"gold_loss":0,"cards_upgraded":["Bouncing Flask"]}],"is_beta":false,"boss_relics":[],"items_purged_floors":[],"is_endless":false,"potions_floor_spawned":[1,7],"killed_by":"Lagavulin","ascension_level":20}