{"gold_per_floor":[113,124,124,135,147,147,164,164,187,201,213,228,228,239,239,334,334,353,25,25,25,40,40,40,40,66,66,66,66,91,106,106,206,206,216,216,226,226,326,326,343,363,363,37,37,49,49,68,68,68],"floor_reached":51,"playtime":2076,"items_purged":["Combust","Shame"],"score":736,"play_id":"01c35dee-93ef-4c37-ae63-76f6e623505e","local_time":"20190702000155","is_ascension_mode":false,"campfire_choices":[{"data":"Offering","floor":6,"key":"SMITH"},{"data":"True Grit","floor":8,"key":"SMITH"},{"data":"True Grit","floor":13,"key":"SMITH"},{"data":"Metallicize","floor":15,"key":"SMITH"},{"data":"Limit Break","floor":23,"key":"SMITH"},{"data":"Evolve","floor":27,"key":"SMITH"},{"data":"Offering","floor":29,"key":"SMITH"},{"data":"Warcry","floor":32,"key":"SMITH"},{"data":"Evolve","floor":40,"key":"SMITH"},{"data":"Metallicize","floor":45,"key":"SMITH"},{"floor":47,"key":"REST"},{"floor":49,"key":"REST"}],"neow_cost":"NONE","seed_source_timestamp":75082733984600,"circlet_count":0,"master_deck":["Bash","Shrug It Off","Metallicize+1","Iron Wave","Shockwave","Offering+1","True Grit+1","Headbutt","Body Slam","True Grit+1","Spot Weakness","Offering+1","Wild Strike","Immolate","Limit Break+1","Body Slam","Evolve+1","Bludgeon","Second Wind","Shockwave+1","Warcry+1","Limit Break+1","Body Slam+1","Impervious","Warcry+1","Evolve+1","Iron Wave+1","Intimidate+1","Flash of Steel+1","Iron Wave+1","Immolate+1","Shrug It Off","Metallicize+1","Warcry","Iron Wave+1"],"relics":["Burning Blood","NeowsBlessing","Lantern","Pandora\u0027s Box","Molten Egg 2","Bag of Marbles","Vajra","Bronze Scales","Orrery","Charon\u0027s Ashes","Calipers","Oddly Smooth Stone"],"potions_floor_usage":[30,35,50,50],"damage_taken":[{"damage":0,"enemies":"Cultist","floor":1,"turns":1},{"damage":0,"enemies":"Jaw Worm","floor":2,"turns":1},{"damage":0,"enemies":"Small Slimes","floor":4,"turns":1},{"damage":2,"enemies":"Looter","floor":5,"turns":4},{"damage":6,"enemies":"Blue Slaver","floor":7,"turns":4},{"damage":6,"enemies":"3 Louse","floor":10,"turns":5},{"damage":6,"enemies":"Red Slaver","floor":11,"turns":4},{"damage":6,"enemies":"2 Fungi Beasts","floor":12,"turns":3},{"damage":6,"enemies":"Looter","floor":14,"turns":3},{"damage":23,"enemies":"The Guardian","floor":16,"turns":14},{"damage":14,"enemies":"Spheric Guardian","floor":18,"turns":3},{"damage":12,"enemies":"2 Thieves","floor":22,"turns":2},{"damage":18,"enemies":"Gremlin Leader","floor":30,"turns":5},{"damage":7,"enemies":"Cultist and Chosen","floor":31,"turns":4},{"damage":46,"enemies":"Automaton","floor":33,"turns":5},{"damage":42,"enemies":"3 Darklings","floor":35,"turns":5},{"damage":10,"enemies":"Orb Walker","floor":37,"turns":3},{"damage":23,"enemies":"Mind Bloom Boss Battle","floor":39,"turns":10},{"damage":1,"enemies":"Jaw Worm Horde","floor":41,"turns":2},{"damage":16,"enemies":"Spire Growth","floor":42,"turns":5},{"damage":19,"enemies":"Writhing Mass","floor":46,"turns":6},{"damage":29,"enemies":"Jaw Worm Horde","floor":48,"turns":5},{"damage":24,"enemies":"Donu and Deca","floor":50,"turns":6}],"seed_played":"2082281597488226687","potions_obtained":[{"floor":2,"key":"Regen Potion"},{"floor":4,"key":"AttackPotion"},{"floor":7,"key":"SteroidPotion"},{"floor":31,"key":"LiquidBronze"},{"floor":37,"key":"FairyPotion"}],"is_trial":false,"path_per_floor":["M","M","?","M","M","R","M","R","T","M","M","M","R","M","R","B",null,"M","$","?","?","M","R","$","?","T","R","?","R","E","M","R","B",null,"M","?","M","?","?","R","M","M","T","$","R","M","R","M","R","B",null],"character_chosen":"IRONCLAD","items_purchased":["Molten Egg 2","Metallicize","Oddly Smooth Stone"],"campfire_rested":2,"item_purchase_floors":[19,44,44],"current_hp_per_floor":[80,80,80,80,80,80,80,80,80,80,80,80,80,80,80,63,80,72,72,72,72,66,66,66,66,66,66,66,66,54,53,53,13,80,53,53,49,49,32,32,37,27,27,27,27,14,38,15,39,21],"gold":68,"neow_bonus":"THREE_ENEMY_KILL","is_prod":false,"is_daily":false,"chose_seed":false,"campfire_upgraded":10,"win_rate":0,"timestamp":1561993315,"path_taken":["M","?","?","M","M","R","M","R","T","M","M","M","R","M","R","BOSS","M","$","?","?","M","R","$","?","T","R","?","R","E","?","R","BOSS","M","?","M","?","?","R","M","M","T","$","R","M","R","M","R","BOSS"],"build_version":"2019-01-23","purchased_purges":2,"victory":true,"max_hp_per_floor":[80,80,80,80,80,80,80,80,80,80,80,80,80,80,80,80,80,80,80,80,80,80,80,80,80,80,80,80,80,80,80,80,80,80,80,80,80,80,80,80,80,80,80,80,80,80,80,80,80,80],"card_choices":[{"not_picked":["Warcry","Spot Weakness"],"picked":"Shrug It Off","floor":1},{"not_picked":["Armaments","Body Slam"],"picked":"Metallicize","floor":2},{"not_picked":["Armaments","Dual Wield"],"picked":"Shockwave","floor":4},{"not_picked":["Body Slam","Warcry"],"picked":"Offering","floor":5},{"not_picked":["Havoc","Perfected Strike"],"picked":"True Grit","floor":7},{"not_picked":["Sword Boomerang","Clash"],"picked":"Headbutt","floor":10},{"not_picked":["Searing Blow","Clothesline"],"picked":"Body Slam","floor":11},{"not_picked":["Warcry","Thunderclap"],"picked":"True Grit","floor":12},{"not_picked":["Havoc","Perfected Strike"],"picked":"Spot Weakness","floor":14},{"not_picked":["Bludgeon","Immolate"],"picked":"Offering","floor":16},{"not_picked":["Thunderclap+1","Wild Strike"],"picked":"Shockwave+1","floor":18},{"not_picked":["Heavy Blade+1","Anger+1"],"picked":"Warcry","floor":22},{"not_picked":["Blood for Blood+1","True Grit","Clash+1"],"picked":"SKIP","floor":30},{"not_picked":["Wild Strike+1","Anger+1"],"picked":"Body Slam+1","floor":31},{"not_picked":["Bludgeon+1","Brutality"],"picked":"Impervious","floor":33},{"not_picked":["Rage+1","Shockwave"],"picked":"Warcry+1","floor":34},{"not_picked":["Armaments","Feel No Pain"],"picked":"Evolve","floor":34},{"not_picked":["Combust+1","Clothesline+1"],"picked":"Iron Wave+1","floor":34},{"not_picked":["Blood for Blood+1","Perfected Strike+1"],"picked":"Intimidate+1","floor":35},{"not_picked":["Forethought","Trip"],"picked":"Flash of Steel+1","floor":36},{"not_picked":["Clothesline+1","Cleave+1","Anger+1"],"picked":"SKIP","floor":37},{"not_picked":["Clothesline+1","Rampage+1"],"picked":"Iron Wave+1","floor":39},{"not_picked":["Shockwave","Thunderclap+1"],"picked":"Immolate+1","floor":41},{"not_picked":["Shockwave+1","Corruption"],"picked":"Shrug It Off","floor":42},{"not_picked":["Flex","Perfected Strike+1"],"picked":"Warcry","floor":46},{"not_picked":["Hemokinesis+1","Armaments"],"picked":"Iron Wave+1","floor":48}],"player_experience":1075229,"relics_obtained":[{"floor":9,"key":"Lantern"},{"floor":26,"key":"Vajra"},{"floor":30,"key":"Bronze Scales"},{"floor":39,"key":"Charon\u0027s Ashes"},{"floor":43,"key":"Calipers"}],"event_choices":[{"damage_healed":0,"gold_gain":0,"cards_transformed":["Strike_R"],"player_choice":"Change","damage_taken":0,"max_hp_gain":0,"max_hp_loss":0,"event_name":"Living Wall","floor":3,"gold_loss":0,"cards_obtained":["Iron Wave"]},{"damage_healed":0,"gold_gain":0,"player_choice":"Ignored","damage_taken":0,"max_hp_gain":0,"max_hp_loss":0,"event_name":"Ghosts","floor":20,"gold_loss":0},{"damage_healed":0,"gold_gain":0,"player_choice":"Stole Relic","damage_taken":0,"relics_obtained":["Bag of Marbles"],"max_hp_gain":0,"max_hp_loss":0,"event_name":"Addict","floor":21,"gold_loss":0,"cards_obtained":["Shame"]},{"damage_healed":0,"gold_gain":0,"player_choice":"Ignored","damage_taken":0,"max_hp_gain":0,"max_hp_loss":0,"event_name":"Beggar","floor":25,"gold_loss":0},{"damage_healed":0,"gold_gain":0,"player_choice":"Copied","damage_taken":0,"max_hp_gain":0,"max_hp_loss":0,"event_name":"Duplicator","floor":28,"gold_loss":0,"cards_obtained":["Limit Break"]},{"damage_healed":0,"gold_gain":0,"player_choice":"Memory 1","damage_taken":0,"max_hp_gain":0,"max_hp_loss":0,"event_name":"SensoryStone","floor":36,"gold_loss":0},{"damage_healed":0,"gold_gain":0,"player_choice":"Ignored","damage_taken":0,"max_hp_gain":0,"max_hp_loss":0,"event_name":"Tomb of Lord Red Mask","floor":38,"gold_loss":0},{"damage_healed":0,"gold_gain":0,"player_choice":"Fight","damage_taken":0,"max_hp_gain":0,"max_hp_loss":0,"event_name":"MindBloom","floor":39,"gold_loss":0}],"is_beta":false,"boss_relics":[{"not_picked":["Velvet Choker","Black Star"],"picked":"Pandora\u0027s Box"},{"not_picked":["Coffee Dripper","Lizard Tail"],"picked":"Orrery"}],"items_purged_floors":[19,44],"is_endless":false,"potions_floor_spawned":[2,4,7,11,31,37,41,46],"ascension_level":0}