{"gold_per_floor":[111,55,55,69,12,12,46,46,46,66,82,99,99,99,99,174,174,192,117,167,187,187,187,187],"floor_reached":24,"playtime":1518,"items_purged":["Strike_B"],"score":359,"play_id":"b6cb6a45-cc91-412d-b36d-9a493866c3f7","local_time":"20190109193825","is_ascension_mode":true,"campfire_choices":[{"data":"Zap","floor":6,"key":"SMITH"},{"data":"Go for the Eyes","floor":8,"key":"SMITH"},{"data":"Hologram","floor":13,"key":"SMITH"},{"data":"Dualcast","floor":15,"key":"SMITH"},{"data":"Biased Cognition","floor":23,"key":"SMITH"}],"neow_cost":"PERCENT_DAMAGE","seed_source_timestamp":1995616795337927,"circlet_count":0,"master_deck":["AscendersBane","Strike_B","Strike_B","Defend_B","Defend_B","Defend_B","Defend_B","Zap+1","Dualcast+1","Self Repair","Conserve Battery","Rebound","Go for the Eyes+1","FTL","Hologram+1","Coolheaded","Biased Cognition+1","Cold Snap"],"relics":["Cracked Core","Emotion Chip","Calipers","Girya","Pear","Nuclear Battery"],"potions_floor_usage":[7,7],"damage_taken":[{"damage":1,"enemies":"Cultist","floor":1,"turns":3},{"damage":1,"enemies":"2 Louse","floor":4,"turns":2},{"damage":13,"enemies":"Lagavulin","floor":7,"turns":7},{"damage":5,"enemies":"Jaw Worm","floor":10,"turns":3},{"damage":6,"enemies":"Blue Slaver","floor":11,"turns":3},{"damage":15,"enemies":"Large Slime","floor":12,"turns":5},{"damage":15,"enemies":"The Guardian","floor":16,"turns":14},{"damage":11,"enemies":"Shell Parasite","floor":18,"turns":9},{"damage":6,"enemies":"Spheric Guardian","floor":21,"turns":6},{"damage":64,"enemies":"Gremlin Leader","floor":24,"turns":5}],"seed_played":"-1008459716766163924","potions_obtained":[{"floor":1,"key":"PowerPotion"},{"floor":4,"key":"Fire Potion"},{"floor":10,"key":"FairyPotion"},{"floor":12,"key":"LiquidBronze"}],"is_trial":false,"path_per_floor":["M","$","?","M","$","R","E","R","T","M","M","M","R","?","R","B",null,"M","$","?","M","?","R","E"],"character_chosen":"DEFECT","items_purchased":["Conserve Battery","Go for the Eyes"],"campfire_rested":0,"item_purchase_floors":[2,5],"current_hp_per_floor":[45,45,45,51,51,51,45,45,45,47,48,40,40,50,50,42,71,67,67,67,68,45,45,0],"gold":187,"neow_bonus":"ONE_RARE_RELIC","is_prod":false,"is_daily":false,"chose_seed":false,"campfire_upgraded":5,"win_rate":0,"timestamp":1547030305,"path_taken":["M","$","?","M","$","R","E","R","T","M","?","M","R","?","R","BOSS","M","$","?","M","?","R","E"],"build_version":"2019-01-03v4","purchased_purges":1,"victory":false,"max_hp_per_floor":[71,71,71,71,71,71,71,71,71,71,71,71,71,81,81,81,81,81,81,81,81,86,86,86],"card_choices":[{"not_picked":["Ball Lightning","Steam"],"picked":"Self Repair","floor":1},{"not_picked":["Turbo","Undo"],"picked":"Rebound","floor":4},{"not_picked":["Barrage","Beam Cell"],"picked":"FTL","floor":7},{"not_picked":["Tempest","Streamline"],"picked":"Hologram","floor":10},{"not_picked":["Fusion","Redo","Stack"],"picked":"SKIP","floor":11},{"not_picked":["Steam Power","Stack"],"picked":"Coolheaded","floor":12},{"not_picked":["Meteor Strike","Seek"],"picked":"Biased Cognition","floor":16},{"not_picked":["Streamline","Steam+1"],"picked":"Cold Snap","floor":18},{"not_picked":["Storm","Undo","Aggregate+1"],"picked":"SKIP","floor":21}],"player_experience":796690,"relics_obtained":[{"floor":7,"key":"Calipers"},{"floor":9,"key":"Girya"}],"event_choices":[{"cards_removed":["Strike_B"],"damage_healed":0,"gold_gain":0,"player_choice":"Offered Basic","damage_taken":0,"max_hp_gain":0,"max_hp_loss":0,"event_name":"Bonfire Elementals","floor":3,"gold_loss":0},{"damage_healed":0,"gold_gain":0,"player_choice":"Searched \u00271\u0027 times","damage_taken":0,"relics_obtained":["Pear"],"max_hp_gain":0,"max_hp_loss":0,"event_name":"Dead Adventurer","floor":14,"gold_loss":0},{"damage_healed":0,"gold_gain":50,"player_choice":"Stole From Cult","damage_taken":0,"max_hp_gain":0,"max_hp_loss":0,"event_name":"Nest","floor":20,"gold_loss":0},{"damage_healed":0,"gold_gain":0,"player_choice":"Shed Blood","damage_taken":28,"max_hp_gain":5,"max_hp_loss":0,"event_name":"Forgotten Altar","floor":22,"gold_loss":0}],"is_beta":false,"boss_relics":[{"not_picked":["Calling Bell","Tiny House"],"picked":"Nuclear Battery"}],"items_purged_floors":[19],"is_endless":false,"potions_floor_spawned":[1,4,10,12,21],"killed_by":"Gremlin Leader","ascension_level":17}