{"gold_per_floor":[109,59,78,92,111,145,145,164,211,243,243,267,279,279],"floor_reached":14,"playtime":711,"items_purged":[],"score":138,"play_id":"4d9264ba-bd62-4849-a611-34d125ff212c","local_time":"20190201175240","is_ascension_mode":true,"campfire_choices":[{"floor":7.0,"key":"REST"}],"neow_cost":"NONE","seed_source_timestamp":197501616944456,"circlet_count":0,"master_deck":["Defend_G","Defend_G","Defend_G","Defend_G+1","Strike_G","Strike_G","Strike_G","Strike_G","Survivor+1","Neutralize","Backflip","Blur","Escape Plan","Calculated Gamble","Accuracy","Dagger Spray","Escape Plan","Bullet Time"],"special_seed":0,"relics":["Black Star","Ancient Tea Set","Pear","PreservedInsect","Bag of Marbles","Dodecahedron","War Paint"],"potions_floor_usage":[13],"damage_taken":[{"damage":7.0,"enemies":"Jaw Worm","floor":1.0,"turns":5.0},{"damage":0.0,"enemies":"2 Louse","floor":3.0,"turns":4.0},{"damage":13.0,"enemies":"Cultist","floor":4.0,"turns":6.0},{"damage":3.0,"enemies":"Large Slime","floor":5.0,"turns":8.0},{"damage":38.0,"enemies":"Gremlin Nob","floor":6.0,"turns":6.0},{"damage":0.0,"enemies":"Red Slaver","floor":8.0,"turns":5.0},{"damage":9.0,"enemies":"3 Sentries","floor":10.0,"turns":8.0},{"damage":3,"enemies":"Exordium Thugs","floor":13,"turns":6},{"damage":31,"enemies":"Gremlin Nob","floor":14,"turns":5}],"seed_played":"-1312906734686865021","potions_obtained":[{"floor":3.0,"key":"SneckoOil"},{"floor":5.0,"key":"SteroidPotion"},{"floor":6.0,"key":"Explosive Potion"},{"floor":10.0,"key":"Fire Potion"}],"is_trial":false,"path_per_floor":["M","?","M","M","M","E","R","M","T","E","?","T","M","E"],"character_chosen":"THE_SILENT","items_purchased":[],"campfire_rested":1,"item_purchase_floors":[],"current_hp_per_floor":[56,56,56,43,40,12,36,36,36,27,20,20,17,0],"gold":279,"neow_bonus":"BOSS_RELIC","is_prod":false,"is_daily":false,"chose_seed":false,"campfire_upgraded":0,"win_rate":0,"timestamp":1549011160,"path_taken":["M","?","M","M","M","E","R","M","T","E","?","?","?","E"],"build_version":"2019-01-23","purchased_purges":0,"victory":false,"max_hp_per_floor":[70,70,70,70,70,80,80,80,80,80,80,80,80,80],"card_choices":[{"not_picked":["PiercingWail","Blade Dance"],"picked":"Backflip","floor":1.0},{"not_picked":["Endless Agony","Prepared"],"picked":"Blur","floor":3.0},{"not_picked":["Deadly Poison","Setup"],"picked":"Escape Plan","floor":4.0},{"not_picked":["Deadly Poison","Poisoned Stab"],"picked":"Calculated Gamble","floor":5.0},{"not_picked":["Terror","Sucker Punch"],"picked":"Accuracy","floor":6.0},{"not_picked":["Poisoned Stab","Dagger Throw"],"picked":"Dagger Spray","floor":8.0},{"not_picked":["Catalyst","Acrobatics"],"picked":"Escape Plan","floor":10.0},{"not_picked":["Underhanded Strike","Dagger Throw"],"picked":"Bullet Time","floor":13}],"player_experience":872770,"relics_obtained":[{"floor":6.0,"key":"Ancient Tea Set"},{"floor":6.0,"key":"Pear"},{"floor":9.0,"key":"PreservedInsect"},{"floor":10.0,"key":"Bag of Marbles"},{"floor":10.0,"key":"Dodecahedron"},{"floor":12.0,"key":"War Paint"}],"event_choices":[{"cards_removed":["Strike_G"],"damage_healed":0.0,"max_hp_gain":0.0,"max_hp_loss":0.0,"gold_gain":0.0,"event_name":"The Cleric","player_choice":"Card Removal","floor":2.0,"gold_loss":50.0,"damage_taken":0.0},{"cards_removed":["Defend_G"],"damage_healed":0.0,"max_hp_gain":0.0,"max_hp_loss":0.0,"gold_gain":0.0,"event_name":"Golden Wing","player_choice":"Card Removal","floor":11.0,"gold_loss":0.0,"damage_taken":7.0}],"is_beta":false,"boss_relics":[],"items_purged_floors":[],"is_endless":false,"potions_floor_spawned":[3,5,6,10],"killed_by":"Gremlin Nob","ascension_level":7}