{"gold_per_floor":[114,114,114,128,147,147,178,178,248,268,286,302,316,329,329,329],"floor_reached":16,"playtime":885,"items_purged":[],"score":106,"play_id":"c50067d7-2cae-4bd6-86cf-fe8db5cacb7b","local_time":"20190105133920","is_ascension_mode":false,"campfire_choices":[{"data":"Cloak And Dagger","floor":6,"key":"SMITH"},{"data":"Dagger Spray","floor":8,"key":"SMITH"},{"data":"Catalyst","floor":15,"key":"SMITH"}],"neow_cost":"NONE","seed_source_timestamp":1629114895680802,"circlet_count":0,"master_deck":["Defend_G","Defend_G","Defend_G","Defend_G","Defend_G+1","Strike_G","Strike_G","Strike_G","Strike_G","Strike_G","Survivor","Neutralize+1","Cloak And Dagger+1","Well Laid Plans","Crippling Poison","Dagger Spray+1","Wraith Form v2","Deadly Poison","Tactician","Burst","Catalyst+1"],"relics":["Philosopher\u0027s Stone","Potion Belt","Pantograph"],"potions_floor_usage":[16,16,16,16,16,16],"damage_taken":[{"damage":0,"enemies":"Small Slimes","floor":1,"turns":4},{"damage":0,"enemies":"2 Louse","floor":4,"turns":3},{"damage":0,"enemies":"Cultist","floor":5,"turns":4},{"damage":12,"enemies":"3 Sentries","floor":7,"turns":12},{"damage":0,"enemies":"Red Slaver","floor":10,"turns":3},{"damage":5,"enemies":"Gremlin Gang","floor":11,"turns":4},{"damage":3,"enemies":"Looter","floor":12,"turns":3},{"damage":0,"enemies":"Red Slaver","floor":13,"turns":3},{"damage":0,"enemies":"Blue Slaver","floor":14,"turns":3},{"damage":67,"enemies":"Slime Boss","floor":16,"turns":13}],"seed_played":"5507334595326814652","potions_obtained":[{"floor":1,"key":"FearPotion"},{"floor":7,"key":"Weak Potion"},{"floor":11,"key":"EntropicBrew"},{"floor":12,"key":"Energy Potion"},{"floor":13,"key":"SteroidPotion"}],"is_trial":false,"path_per_floor":["M","?","?","M","M","R","E","R","T","M","M","M","M","M","R","B"],"character_chosen":"THE_SILENT","items_purchased":[],"campfire_rested":0,"item_purchase_floors":[],"current_hp_per_floor":[70,56,56,56,56,56,44,44,44,44,39,36,36,36,36,0],"gold":329,"neow_bonus":"BOSS_RELIC","is_prod":false,"is_daily":false,"chose_seed":false,"campfire_upgraded":3,"win_rate":0,"timestamp":1546663160,"path_taken":["M","?","?","M","?","R","E","R","T","M","M","M","M","M","R","BOSS"],"build_version":"2019-01-03v4","purchased_purges":0,"victory":false,"max_hp_per_floor":[70,70,70,70,70,70,70,70,70,70,70,70,70,70,70,70],"card_choices":[{"not_picked":["Expertise","Sucker Punch"],"picked":"Cloak And Dagger","floor":1},{"not_picked":["Poisoned Stab","Riddle With Holes"],"picked":"Crippling Poison","floor":4},{"not_picked":["Reflex","Masterful Stab","Deflect"],"picked":"SKIP","floor":5},{"not_picked":["Predator","Sucker Punch"],"picked":"Dagger Spray","floor":7},{"not_picked":["Predator","Quick Slash"],"picked":"Wraith Form v2","floor":10},{"not_picked":["Poisoned Stab","Sucker Punch"],"picked":"Deadly Poison","floor":11},{"not_picked":["Poisoned Stab","Blade Dance"],"picked":"Tactician","floor":12},{"not_picked":["Dash","Blade Dance"],"picked":"Burst","floor":13},{"not_picked":["Quick Slash","Dagger Throw"],"picked":"Catalyst","floor":14}],"player_experience":759997,"relics_obtained":[{"floor":7,"key":"Potion Belt"},{"floor":9,"key":"Pantograph"}],"event_choices":[{"damage_healed":0,"gold_gain":0,"player_choice":"Entered Light","damage_taken":14,"max_hp_gain":0,"max_hp_loss":0,"event_name":"Shining Light","floor":2,"gold_loss":0,"cards_upgraded":["Defend_G","Neutralize"]},{"damage_healed":0,"gold_gain":0,"player_choice":"1 cards matched","damage_taken":0,"max_hp_gain":0,"max_hp_loss":0,"event_name":"Match and Keep!","floor":3,"gold_loss":0,"cards_obtained":["Well Laid Plans"]}],"is_beta":false,"boss_relics":[],"items_purged_floors":[],"is_endless":false,"potions_floor_spawned":[1,7,11,12,13],"killed_by":"Slime Boss","ascension_level":0}