{"gold_per_floor":[111,186,197,207,207,207,207,207,207,217,56,66,91,103,103,202,202,213,57,76,93,113,113,125,125,125,125,145,145],"floor_reached":29,"playtime":2572,"items_purged":["Strike_R"],"score":229,"play_id":"498f7bb4-1f5d-4934-a550-40d06adc03a2","local_time":"20181214142029","is_ascension_mode":false,"campfire_choices":[{"data":"Whirlwind","floor":6.0,"key":"SMITH"},{"data":"True Grit","floor":8.0,"key":"SMITH"},{"data":"Bludgeon","floor":15.0,"key":"SMITH"},{"floor":23.0,"key":"REST"},{"floor":25.0,"key":"REST"}],"neow_cost":"NONE","seed_source_timestamp":0,"circlet_count":0,"master_deck":["Strike_R","Strike_R","Strike_R","Strike_R","Defend_R","Defend_R","Defend_R","Bash","True Grit+1","Whirlwind+1","Pommel Strike","Anger","Bludgeon+1","Enlightenment","Armaments","Metallicize","Clash","Demon Form","Rampage","Whirlwind","Shrug It Off","Iron Wave","Dual Wield+1","True Grit","Rampage"],"special_seed":0,"relics":["Burning Blood","Dodecahedron","Omamori","Runic Cube","Anchor","CultistMask"],"potions_floor_usage":[28],"damage_taken":[{"damage":6.0,"enemies":"2 Louse","floor":1.0,"turns":3.0},{"damage":5.0,"enemies":"Cultist","floor":3.0,"turns":4.0},{"damage":1.0,"enemies":"Jaw Worm","floor":4.0,"turns":5.0},{"damage":0.0,"enemies":"Gremlin Gang","floor":10.0,"turns":1.0},{"damage":0.0,"enemies":"Exordium Thugs","floor":12.0,"turns":3.0},{"damage":11.0,"enemies":"Gremlin Nob","floor":13.0,"turns":3.0},{"damage":0.0,"enemies":"3 Louse","floor":14.0,"turns":1.0},{"damage":21.0,"enemies":"The Guardian","floor":16.0,"turns":10.0},{"damage":0.0,"enemies":"Spheric Guardian","floor":18.0,"turns":3.0},{"damage":25.0,"enemies":"2 Thieves","floor":20.0,"turns":5.0},{"damage":21.0,"enemies":"Snake Plant","floor":21.0,"turns":4.0},{"damage":45.0,"enemies":"Shelled Parasite and Fungi","floor":22.0,"turns":8.0},{"damage":24.0,"enemies":"3 Cultists","floor":24.0,"turns":6.0},{"damage":39,"enemies":"Cultist and Chosen","floor":28,"turns":9},{"damage":0,"enemies":"Chosen and Byrds","floor":29,"turns":1}],"seed_played":"-832924917883419303","potions_obtained":[{"floor":4.0,"key":"Swift Potion"},{"floor":10.0,"key":"FearPotion"},{"floor":14.0,"key":"LiquidBronze"},{"floor":16.0,"key":"Strength Potion"},{"floor":20.0,"key":"SpeedPotion"},{"floor":21.0,"key":"SteroidPotion"},{"floor":22.0,"key":"Ancient Potion"},{"floor":28,"key":"Explosive Potion"}],"is_trial":false,"path_per_floor":["M","?","M","M","?","R","?","R","T","M","$","M","E","M","R","B",null,"M","$","M","M","M","R","M","R","T","?","M","M"],"character_chosen":"IRONCLAD","items_purchased":["Bludgeon","Enlightenment","Whirlwind","Shrug It Off"],"campfire_rested":2,"item_purchase_floors":[11,11,19,19],"current_hp_per_floor":[88,77,78,83,83,83,83,83,83,88,88,88,83,88,88,73,88,88,88,69,54,15,41,23,49,49,49,16,16],"gold":145,"neow_bonus":"TEN_PERCENT_HP_BONUS","is_prod":false,"is_daily":false,"chose_seed":false,"campfire_upgraded":3,"win_rate":0.0,"timestamp":1544797229,"path_taken":["M","?","M","M","?","R","?","R","T","M","$","M","E","M","R","BOSS","M","$","?","M","M","R","?","R","T","?","M","M"],"build_version":"2018-12-13","purchased_purges":1,"victory":false,"max_hp_per_floor":[88,88,88,88,88,88,88,88,88,88,88,88,88,88,88,88,88,88,88,88,88,88,88,88,88,88,88,88,88],"card_choices":[{"not_picked":["Spot Weakness","Clothesline"],"picked":"True Grit","floor":1.0},{"not_picked":["Uppercut","True Grit"],"picked":"Whirlwind","floor":3.0},{"not_picked":["Seeing Red","Second Wind"],"picked":"Pommel Strike","floor":4.0},{"not_picked":["Infernal Blade","Thunderclap"],"picked":"Anger","floor":10.0},{"not_picked":["Headbutt","Thunderclap"],"picked":"Armaments","floor":12.0},{"not_picked":["Pommel Strike","Pummel"],"picked":"Metallicize","floor":13.0},{"not_picked":["Reckless Charge","Corruption"],"picked":"Clash","floor":14.0},{"not_picked":["Brutality","Limit Break"],"picked":"Demon Form","floor":16.0},{"not_picked":["Spot Weakness","Bloodletting"],"picked":"Rampage","floor":18.0},{"not_picked":["Twin Strike","Pommel Strike+1"],"picked":"Iron Wave","floor":20.0},{"not_picked":["Inflame+1","Battle Trance"],"picked":"Dual Wield+1","floor":21.0},{"not_picked":["Twin Strike","Warcry+1"],"picked":"True Grit","floor":22.0},{"not_picked":["Combust","Thunderclap"],"picked":"Rampage","floor":24.0},{"not_picked":["Heavy Blade","Rupture","Spot Weakness"],"picked":"SKIP","floor":28}],"player_experience":71542,"relics_obtained":[{"floor":9.0,"key":"Dodecahedron"},{"floor":13.0,"key":"Omamori"},{"floor":26.0,"key":"Anchor"}],"event_choices":[{"damage_healed":0.0,"max_hp_gain":0.0,"max_hp_loss":0.0,"gold_gain":75.0,"event_name":"World of Goop","player_choice":"Gather Gold","floor":2.0,"gold_loss":0.0,"damage_taken":11.0},{"damage_healed":0.0,"max_hp_gain":0.0,"max_hp_loss":0.0,"gold_gain":0.0,"event_name":"Liars Game","player_choice":"Ignored","floor":5.0,"gold_loss":0.0,"damage_taken":0.0},{"cards_removed":["Defend_R"],"damage_healed":0.0,"max_hp_gain":0.0,"max_hp_loss":0.0,"gold_gain":0.0,"event_name":"Bonfire Elementals","player_choice":"Offered Basic","floor":7.0,"gold_loss":0.0,"damage_taken":0.0},{"damage_healed":0.0,"max_hp_gain":0.0,"max_hp_loss":0.0,"gold_gain":0.0,"event_name":"FaceTrader","player_choice":"Trade","floor":27.0,"gold_loss":0.0,"damage_taken":0.0,"relics_obtained":["CultistMask"]}],"is_beta":false,"boss_relics":[{"not_picked":["Orrery","Snecko Eye"],"picked":"Runic Cube"}],"items_purged_floors":[19],"is_endless":false,"potions_floor_spawned":[4,10,14,16,20,21,22,28],"killed_by":"Chosen and Byrds","ascension_level":0}