{"gold_per_floor":[114,114,133,133,5,5,33,33,33,33,33,43,63,82,82,187,187,205,205,155,70,20,20,32,32,58,78,94,94,119,119,119,215,215,229,248,267,11,27,27,58,8,8,34,54,54,67,81,81,81],"floor_reached":51,"playtime":1265,"items_purged":["Strike_B","Strike_B","Strike_B","Defend_B","Defend_B"],"score":852,"play_id":"910da57e-cf92-4754-a5d3-77cea0726561","local_time":"20190611040240","is_ascension_mode":false,"campfire_choices":[{"data":"Zap","floor":6,"key":"SMITH"},{"data":"Dualcast","floor":8,"key":"SMITH"},{"data":"Redo","floor":10,"key":"SMITH"},{"data":"Loop","floor":15,"key":"SMITH"},{"data":"Defragment","floor":23,"key":"SMITH"},{"data":"Defragment","floor":29,"key":"SMITH"},{"data":"Storm","floor":32,"key":"SMITH"},{"data":"Defragment","floor":40,"key":"SMITH"},{"data":"Loop","floor":46,"key":"SMITH"},{"data":"Buffer","floor":49,"key":"SMITH"}],"neow_cost":"NONE","seed_source_timestamp":939738114368000,"circlet_count":0,"master_deck":["Defend_B","Zap+1","Dualcast+1","Cold Snap","Redo+1","Capacitor","Ball Lightning","Loop+1","Loop+1","Biased Cognition","Defragment+1","Consume","Chill","Conserve Battery","Defragment+1","Glacier","Storm+1","Electrodynamics","Loop","Barrage+1","Electrodynamics","Core Surge+1","Cold Snap+1","Defragment+1","Defragment+1","BootSequence+1","Cold Snap+1","Shame","Buffer+1","BootSequence+1"],"relics":["Cracked Core","NeowsBlessing","Smiling Mask","Du-Vu Doll","Ginger","Orrery","Oddly Smooth Stone","Bag of Preparation","Molten Egg 2","Cursed Key","DollysMirror","Pantograph","Potion Belt","Centennial Puzzle"],"potions_floor_usage":[30,44],"damage_taken":[{"damage":0,"enemies":"2 Louse","floor":1,"turns":1},{"damage":0,"enemies":"Jaw Worm","floor":3,"turns":1},{"damage":0,"enemies":"3 Sentries","floor":7,"turns":1},{"damage":0,"enemies":"Cultist","floor":12,"turns":2},{"damage":0,"enemies":"Large Slime","floor":13,"turns":3},{"damage":6,"enemies":"2 Fungi Beasts","floor":14,"turns":3},{"damage":5,"enemies":"The Guardian","floor":16,"turns":10},{"damage":10,"enemies":"Chosen","floor":18,"turns":4},{"damage":12,"enemies":"2 Thieves","floor":24,"turns":5},{"damage":1,"enemies":"Sentry and Sphere","floor":27,"turns":4},{"damage":14,"enemies":"Centurion and Healer","floor":28,"turns":4},{"damage":0,"enemies":"Book of Stabbing","floor":30,"turns":4},{"damage":7,"enemies":"Collector","floor":33,"turns":6},{"damage":3,"enemies":"Orb Walker","floor":35,"turns":3},{"damage":1,"enemies":"3 Shapes","floor":36,"turns":2},{"damage":0,"enemies":"Writhing Mass","floor":37,"turns":5},{"damage":0,"enemies":"4 Shapes","floor":39,"turns":3},{"damage":2,"enemies":"Reptomancer","floor":41,"turns":4},{"damage":37,"enemies":"Nemesis","floor":44,"turns":5},{"damage":0,"enemies":"3 Darklings","floor":45,"turns":2},{"damage":16,"enemies":"Writhing Mass","floor":47,"turns":3},{"damage":0,"enemies":"Jaw Worm Horde","floor":48,"turns":2},{"damage":0,"enemies":"Donu and Deca","floor":50,"turns":5}],"seed_played":"3944251548683359992","potions_obtained":[{"floor":3,"key":"FearPotion"},{"floor":14,"key":"SteroidPotion"},{"floor":16,"key":"SkillPotion"},{"floor":36,"key":"Weak Potion"},{"floor":47,"key":"Energy Potion"}],"is_trial":false,"path_per_floor":["M","?","M","?","$","R","E","R","T","R","$","M","M","M","R","B",null,"M","?","$","?","$","R","M","$","T","M","M","R","E","?","R","B",null,"M","M","M","$","M","R","E","$","T","E","M","R","M","M","R","B",null],"character_chosen":"DEFECT","items_purchased":["Capacitor","DollysMirror"],"campfire_rested":0,"item_purchase_floors":[5,38],"current_hp_per_floor":[75,75,75,68,68,68,68,68,68,68,68,68,68,62,62,57,75,65,65,65,65,65,65,53,53,53,52,38,38,38,38,38,31,75,72,71,71,71,71,71,69,69,69,32,32,32,16,16,16,41],"gold":81,"neow_bonus":"THREE_ENEMY_KILL","is_prod":false,"is_daily":false,"chose_seed":false,"campfire_upgraded":10,"win_rate":0,"timestamp":1560193360,"path_taken":["M","?","M","?","$","R","E","R","T","R","?","M","?","M","R","BOSS","M","?","$","?","$","R","M","?","T","M","?","R","E","?","R","BOSS","M","M","M","$","M","R","E","$","T","E","M","R","M","M","R","BOSS"],"build_version":"2019-01-23","purchased_purges":5,"victory":true,"max_hp_per_floor":[75,75,75,75,75,75,75,75,75,75,75,75,75,75,75,75,75,75,75,75,75,75,75,75,75,75,75,75,75,75,75,75,75,75,75,75,75,75,75,75,75,75,75,75,75,75,75,75,75,75],"card_choices":[{"not_picked":["Stack","Barrage"],"picked":"Cold Snap","floor":1},{"not_picked":["Rebound","Barrage"],"picked":"Redo","floor":3},{"not_picked":["Rip and Tear","BootSequence"],"picked":"Ball Lightning","floor":7},{"not_picked":["Rip and Tear","Fusion"],"picked":"Loop","floor":12},{"not_picked":["Reinforced Body","Static Discharge"],"picked":"Loop","floor":13},{"not_picked":["Streamline","Compile Driver","Reprogram"],"picked":"SKIP","floor":14},{"not_picked":["Amplify","Machine Learning"],"picked":"Biased Cognition","floor":16},{"not_picked":["Compile Driver","Conserve Battery"],"picked":"Defragment","floor":17},{"not_picked":["Steam Power","Chaos"],"picked":"Consume","floor":17},{"not_picked":["Conserve Battery","Leap"],"picked":"Chill","floor":17},{"not_picked":["Stack","Steam"],"picked":"Conserve Battery","floor":17},{"not_picked":["Reprogram","Steam"],"picked":"Defragment","floor":18},{"not_picked":["Sweeping Beam+1","Scrape+1"],"picked":"Storm","floor":24},{"not_picked":["Hologram","Cold Snap+1"],"picked":"Electrodynamics","floor":27},{"not_picked":["Aggregate","Darkness+1","Double Energy"],"picked":"SKIP","floor":28},{"not_picked":["Rip and Tear","Skim"],"picked":"Loop","floor":30},{"not_picked":["All For One+1","Meteor Strike+1"],"picked":"Core Surge+1","floor":33},{"not_picked":["Leap","Conserve Battery+1"],"picked":"Cold Snap+1","floor":35},{"not_picked":["Stack","Sweeping Beam+1","Doom and Gloom+1"],"picked":"SKIP","floor":36},{"not_picked":["Cold Snap+1","Consume"],"picked":"Defragment","floor":37},{"not_picked":["Meteor Strike+1","Redo"],"picked":"BootSequence+1","floor":39},{"not_picked":["Reinforced Body","Streamline+1"],"picked":"Cold Snap+1","floor":41},{"not_picked":["Conserve Battery+1","Beam Cell+1"],"picked":"Buffer","floor":44},{"not_picked":["Stack+1","Sweeping Beam+1","Turbo"],"picked":"SKIP","floor":45},{"not_picked":["Reinforced Body+1","Fusion+1"],"picked":"BootSequence+1","floor":47},{"not_picked":["Rebound+1","Leap+1","Steam Power+1"],"picked":"SKIP","floor":48}],"player_experience":1022310,"relics_obtained":[{"floor":7,"key":"Du-Vu Doll"},{"floor":9,"key":"Ginger"},{"floor":26,"key":"Bag of Preparation"},{"floor":30,"key":"Molten Egg 2"},{"floor":41,"key":"Pantograph"},{"floor":43,"key":"Potion Belt"},{"floor":44,"key":"Centennial Puzzle"}],"event_choices":[{"damage_healed":0,"gold_gain":0,"player_choice":"Box","damage_taken":0,"relics_obtained":["Smiling Mask"],"max_hp_gain":0,"max_hp_loss":0,"event_name":"Big Fish","floor":2,"gold_loss":0,"cards_obtained":["Regret"]},{"cards_removed":["Regret"],"damage_healed":0,"gold_gain":0,"player_choice":"Card Removal","damage_taken":7,"max_hp_gain":0,"max_hp_loss":0,"event_name":"Golden Wing","floor":4,"gold_loss":0},{"damage_healed":0,"gold_gain":0,"player_choice":"Read","damage_taken":0,"max_hp_gain":0,"max_hp_loss":0,"event_name":"The Library","floor":19,"gold_loss":0,"cards_obtained":["Glacier"]},{"damage_healed":0,"gold_gain":0,"player_choice":"Obtained Relic","damage_taken":0,"relics_obtained":["Oddly Smooth Stone"],"max_hp_gain":0,"max_hp_loss":0,"event_name":"Addict","floor":21,"gold_loss":85},{"damage_healed":0,"gold_gain":0,"cards_transformed":["Strike_B","Defend_B"],"player_choice":"Became Test Subject","damage_taken":0,"max_hp_gain":0,"max_hp_loss":0,"event_name":"Drug Dealer","floor":31,"gold_loss":0,"cards_obtained":["Barrage","Electrodynamics"]}],"is_beta":false,"boss_relics":[{"not_picked":["Velvet Choker","Runic Pyramid"],"picked":"Orrery"},{"not_picked":["FrozenCore","Tiny House"],"picked":"Cursed Key"}],"items_purged_floors":[5,20,22,38,42],"is_endless":false,"potions_floor_spawned":[3,14,16,24,27,28,36,37,47],"ascension_level":0}