{"gold_per_floor":[118,17,28,45,65,65,98,98,124,124,144,144,144,155,155,226,226,238,238,21,21,21],"floor_reached":22,"playtime":759,"items_purged":[],"score":340,"play_id":"9208ba51-a123-4bb3-adb8-2b43818a44d0","local_time":"20190123022839","is_ascension_mode":true,"campfire_choices":[{"data":"Zap","floor":6,"key":"SMITH"},{"data":"Barrage","floor":8,"key":"SMITH"},{"data":"Loop","floor":10,"key":"SMITH"},{"floor":13,"key":"REST"},{"data":"Consume","floor":15,"key":"SMITH"}],"neow_cost":"NONE","seed_source_timestamp":150981996694500,"circlet_count":0,"master_deck":["AscendersBane","Strike_B+1","Strike_B+1","Strike_B+1","Strike_B+1","Defend_B+1","Defend_B+1","Defend_B+1","Defend_B+1","Zap+1","Dualcast","Machine Learning","Go for the Eyes","Loop+1","Barrage+1","Undo","Ball Lightning","Gash","Static Discharge","Chill+1","Consume+1","Reboot","Conserve Battery","Capacitor","Ball Lightning","Melter"],"relics":["Cracked Core","Art of War","Centennial Puzzle","Nuclear Battery"],"potions_floor_usage":[7,7],"damage_taken":[{"damage":4,"enemies":"Small Slimes","floor":1,"turns":5},{"damage":8,"enemies":"2 Louse","floor":3,"turns":3},{"damage":4,"enemies":"Jaw Worm","floor":4,"turns":4},{"damage":8,"enemies":"Looter","floor":5,"turns":3},{"damage":6,"enemies":"Lagavulin","floor":7,"turns":7},{"damage":18,"enemies":"3 Louse","floor":11,"turns":3},{"damage":5,"enemies":"Exordium Wildlife","floor":14,"turns":3},{"damage":3,"enemies":"Hexaghost","floor":16,"turns":7},{"damage":22,"enemies":"Spheric Guardian","floor":18,"turns":4},{"damage":19,"enemies":"Shell Parasite","floor":22,"turns":1}],"seed_played":"8255235222170011032","potions_obtained":[{"floor":3,"key":"GamblersBrew"},{"floor":4,"key":"Block Potion"},{"floor":5,"key":"Block Potion"},{"floor":11,"key":"Fire Potion"}],"is_trial":false,"path_per_floor":["M","$","M","M","M","R","E","R","T","R","M","?","R","M","R","B",null,"M","?","$","?","M"],"character_chosen":"DEFECT","items_purchased":["Loop","Barrage","Capacitor","Ball Lightning","Melter"],"campfire_rested":1,"item_purchase_floors":[2,2,20,20,20],"current_hp_per_floor":[60,60,52,48,40,40,34,34,34,34,16,16,37,32,32,29,61,39,39,39,19,0],"gold":21,"neow_bonus":"ONE_RANDOM_RARE_CARD","is_prod":false,"is_daily":false,"chose_seed":false,"campfire_upgraded":4,"win_rate":0,"timestamp":1548203319,"path_taken":["M","$","M","M","M","R","E","R","T","R","M","?","R","M","R","BOSS","M","?","$","?","M"],"build_version":"2019-01-17v2","purchased_purges":0,"victory":false,"max_hp_per_floor":[71,71,71,71,71,71,71,71,71,71,71,71,71,71,71,71,71,71,71,71,76,76],"card_choices":[{"not_picked":["Beam Cell","Storm"],"picked":"Go for the Eyes","floor":1},{"not_picked":["Tempest","Streamline"],"picked":"Undo","floor":3},{"not_picked":["Cold Snap","Compile Driver"],"picked":"Ball Lightning","floor":4},{"not_picked":["Leap","Steam Power"],"picked":"Gash","floor":5},{"not_picked":["Blizzard","Darkness"],"picked":"Static Discharge","floor":7},{"not_picked":["Go for the Eyes","Undo"],"picked":"Chill","floor":11},{"not_picked":["Force Field","Leap"],"picked":"Consume","floor":14},{"not_picked":["Amplify","Machine Learning"],"picked":"Reboot","floor":16},{"not_picked":["Hologram","Skim"],"picked":"Conserve Battery","floor":18}],"player_experience":838321,"relics_obtained":[{"floor":7,"key":"Art of War"},{"floor":9,"key":"Centennial Puzzle"}],"event_choices":[{"damage_healed":0,"gold_gain":0,"player_choice":"Grow","damage_taken":0,"max_hp_gain":0,"max_hp_loss":0,"event_name":"Living Wall","floor":12,"gold_loss":0,"cards_upgraded":["Chill"]},{"damage_healed":0,"gold_gain":0,"player_choice":"Simplicity","damage_taken":0,"max_hp_gain":0,"max_hp_loss":0,"event_name":"Back to Basics","floor":19,"gold_loss":0,"cards_upgraded":["Strike_B","Strike_B","Strike_B","Strike_B","Defend_B","Defend_B","Defend_B","Defend_B"]},{"damage_healed":0,"gold_gain":0,"player_choice":"Shed Blood","damage_taken":25,"max_hp_gain":5,"max_hp_loss":0,"event_name":"Forgotten Altar","floor":21,"gold_loss":0}],"is_beta":false,"boss_relics":[{"not_picked":["White Beast Statue","Snecko Eye"],"picked":"Nuclear Battery"}],"items_purged_floors":[],"is_endless":false,"potions_floor_spawned":[3,4,5,11],"killed_by":"Shell Parasite","ascension_level":17}