{"gold_per_floor":[10,10,10,10,10,10,41,55,55,55,73,173,162,162],"floor_reached":14,"playtime":334,"items_purged":[],"score":88,"play_id":"4d39580d-aa5b-4ba2-9fb3-24a357a66a6e","local_time":"20190612221953","is_ascension_mode":false,"campfire_choices":[{"data":"Zap","floor":6,"key":"SMITH"},{"data":"Dualcast","floor":10,"key":"SMITH"}],"neow_cost":"NO_GOLD","seed_source_timestamp":1092920702785011,"circlet_count":0,"master_deck":["Strike_B","Strike_B","Strike_B","Strike_B","Defend_B","Defend_B","Defend_B","Defend_B","Zap+1","Dualcast+1","Reboot","Steam Power","Regret","Aggregate","Capacitor","Undo+1","Conserve Battery+1"],"relics":["Cracked Core","Shuriken","Singing Bowl","Bag of Preparation","Toxic Egg 2"],"potions_floor_usage":[],"damage_taken":[{"damage":1,"enemies":"Cultist","floor":1,"turns":3},{"damage":46,"enemies":"Lagavulin","floor":7,"turns":7},{"damage":3,"enemies":"2 Louse","floor":8,"turns":2},{"damage":0,"enemies":"Small Slimes","floor":11,"turns":3},{"damage":17,"enemies":"Exordium Thugs","floor":13,"turns":5},{"damage":5,"enemies":"Blue Slaver","floor":14,"turns":3}],"seed_played":"2510068724042046325","potions_obtained":[{"floor":1,"key":"FearPotion"},{"floor":7,"key":"FearPotion"},{"floor":11,"key":"Dexterity Potion"}],"is_trial":false,"path_per_floor":["M","?","?","$","?","R","E","M","T","R","M","?","M","M"],"character_chosen":"DEFECT","items_purchased":[],"campfire_rested":0,"item_purchase_floors":[],"current_hp_per_floor":[74,74,71,71,71,71,25,22,22,22,22,22,5,0],"gold":162,"neow_bonus":"THREE_RARE_CARDS","is_prod":false,"is_daily":false,"chose_seed":false,"campfire_upgraded":2,"win_rate":0,"timestamp":1560345593,"path_taken":["M","?","?","$","?","R","E","M","T","R","?","?","?","M"],"build_version":"2019-01-23","purchased_purges":0,"victory":false,"max_hp_per_floor":[75,75,75,75,75,75,75,75,75,75,75,75,75,75],"card_choices":[{"not_picked":["Meteor Strike","Multi-Cast"],"picked":"Reboot","floor":0},{"not_picked":["Darkness","Turbo"],"picked":"Steam Power","floor":1},{"not_picked":["Barrage","Melter"],"picked":"Aggregate","floor":7},{"not_picked":["Chaos","Force Field"],"picked":"Capacitor","floor":8},{"not_picked":["Storm","Beam Cell"],"picked":"Undo+1","floor":11},{"not_picked":["Ball Lightning","Stack+1"],"picked":"Conserve Battery+1","floor":13}],"player_experience":1044991,"relics_obtained":[{"floor":7,"key":"Bag of Preparation"},{"floor":9,"key":"Toxic Egg 2"}],"event_choices":[{"damage_healed":0,"gold_gain":0,"player_choice":"Box","damage_taken":0,"relics_obtained":["Shuriken"],"max_hp_gain":0,"max_hp_loss":0,"event_name":"Big Fish","floor":2,"gold_loss":0,"cards_obtained":["Regret"]},{"damage_healed":0,"gold_gain":0,"player_choice":"Success","damage_taken":3,"relics_obtained":["Singing Bowl"],"max_hp_gain":0,"max_hp_loss":0,"event_name":"Scrap Ooze","floor":3,"gold_loss":0},{"damage_healed":0,"gold_gain":0,"player_choice":"Ignored","damage_taken":0,"max_hp_gain":0,"max_hp_loss":0,"event_name":"NoteForYourself","floor":5,"gold_loss":0},{"damage_healed":0,"gold_gain":100,"player_choice":"Gold","damage_taken":0,"max_hp_gain":0,"max_hp_loss":0,"event_name":"Wheel of Change","floor":12,"gold_loss":0}],"is_beta":false,"boss_relics":[],"items_purged_floors":[],"is_endless":false,"potions_floor_spawned":[1,7,11,13],"killed_by":"Blue Slaver","ascension_level":0}