{"gold_per_floor":[118,137,137,47,60,60,93,93,116,116,116,127,127,127,127,127],"floor_reached":16,"playtime":672,"items_purged":[],"score":167,"play_id":"94c6eb69-a97e-43a7-8662-e63dbbbead4e","local_time":"20190612190240","is_ascension_mode":true,"campfire_choices":[{"data":"Neutralize","floor":6,"key":"SMITH"},{"data":"Backflip","floor":8,"key":"SMITH"},{"data":"Dodge and Roll","floor":10,"key":"SMITH"},{"floor":13,"key":"REST"},{"data":"Tools of the Trade","floor":15,"key":"SMITH"}],"neow_cost":"NONE","seed_source_timestamp":1080721788570595,"circlet_count":0,"master_deck":["AscendersBane","Defend_G","Defend_G","Defend_G","Defend_G","Defend_G","Strike_G+1","Strike_G","Strike_G","Strike_G","Survivor","Neutralize+1","Tools of the Trade+1","All Out Attack","Cloak And Dagger+1","Infinite Blades","Backflip+1","Flying Knee","Dodge and Roll+1","Blur"],"relics":["Ring of the Snake","Blood Vial","Smiling Mask","Happy Flower"],"potions_floor_usage":[16],"damage_taken":[{"damage":11,"enemies":"Cultist","floor":1,"turns":5},{"damage":7,"enemies":"Small Slimes","floor":2,"turns":4},{"damage":3,"enemies":"2 Louse","floor":5,"turns":3},{"damage":24,"enemies":"Lagavulin","floor":7,"turns":9},{"damage":0,"enemies":"Looter","floor":12,"turns":4},{"damage":29,"enemies":"Slime Boss","floor":16,"turns":8}],"seed_played":"8226114375779805489","potions_obtained":[{"floor":1,"key":"SkillPotion"},{"floor":12,"key":"Energy Potion"}],"is_trial":false,"path_per_floor":["M","M","?","$","M","R","E","R","T","R","?","M","R","?","R","B"],"character_chosen":"THE_SILENT","items_purchased":["Infinite Blades","Backflip"],"campfire_rested":1,"item_purchase_floors":[4,4],"current_hp_per_floor":[48,41,41,41,38,38,14,14,14,14,1,3,22,22,22,0],"gold":127,"neow_bonus":"ONE_RANDOM_RARE_CARD","is_prod":false,"is_daily":false,"chose_seed":false,"campfire_upgraded":4,"win_rate":0,"timestamp":1560333760,"path_taken":["M","?","?","$","?","R","E","R","T","R","?","M","R","?","R","BOSS"],"build_version":"2019-01-23","purchased_purges":0,"victory":false,"max_hp_per_floor":[66,66,66,66,66,66,66,66,66,66,66,66,66,66,66,66],"card_choices":[{"not_picked":["Bane","Riddle With Holes"],"picked":"All Out Attack","floor":1},{"not_picked":["Poisoned Stab","PiercingWail"],"picked":"Cloak And Dagger","floor":2},{"not_picked":["Bane","Slice"],"picked":"Flying Knee","floor":5},{"not_picked":["Prepared","Predator"],"picked":"Dodge and Roll","floor":7},{"not_picked":["Dagger Throw","Riddle With Holes"],"picked":"Blur","floor":12}],"player_experience":1039610,"relics_obtained":[{"floor":7,"key":"Blood Vial"},{"floor":9,"key":"Smiling Mask"}],"event_choices":[{"cards_removed":["Strike_G"],"damage_healed":0,"gold_gain":0,"player_choice":"Purged","damage_taken":0,"max_hp_gain":0,"max_hp_loss":0,"event_name":"Purifier","floor":3,"gold_loss":0},{"damage_healed":0,"gold_gain":0,"player_choice":"Entered Light","damage_taken":13,"max_hp_gain":0,"max_hp_loss":0,"event_name":"Shining Light","floor":11,"gold_loss":0,"cards_upgraded":["Cloak And Dagger","Strike_G"]},{"damage_healed":0,"gold_gain":0,"player_choice":"Searched \u00271\u0027 times","damage_taken":0,"relics_obtained":["Happy Flower"],"max_hp_gain":0,"max_hp_loss":0,"event_name":"Dead Adventurer","floor":14,"gold_loss":0}],"is_beta":false,"boss_relics":[],"items_purged_floors":[],"is_endless":false,"potions_floor_spawned":[1,12],"killed_by":"Slime Boss","ascension_level":14}