{"gold_per_floor":[112,112,187,187,197,231,231,262,316,225,256,291,360,393,393,490,490,510,510,425,350,369,369,369],"floor_reached":24,"playtime":849,"items_purged":["Decay"],"score":328,"play_id":"35828665-008a-4c54-a3fa-6720582a55e2","local_time":"20190104163625","daily_mods":["SealedDeck","Heirloom","Elite Swarm"],"is_ascension_mode":false,"campfire_choices":[{"data":"Consume","floor":7,"key":"SMITH"},{"data":"Capacitor","floor":15,"key":"SMITH"},{"data":"Capacitor","floor":23,"key":"SMITH"}],"neow_cost":"","seed_source_timestamp":0,"circlet_count":0,"master_deck":["Coolheaded","Cold Snap","Consume+1","Ball Lightning","Ball Lightning","Capacitor+1","Conserve Battery","FTL","Ball Lightning","Coolheaded","Rainbow","Echo Form","Capacitor+1","Coolheaded","Core Surge","Machine Learning","Seek","Creative AI","Clumsy","Parasite","Ball Lightning+1","Chill"],"relics":["Cracked Core","WingedGreaves","Regal Pillow","DataDisk","Bag of Marbles","Ginger","Pantograph","Mummified Hand","Calling Bell","Juzu Bracelet","Letter Opener","Incense Burner","Singing Bowl"],"potions_floor_usage":[],"damage_taken":[{"damage":2,"enemies":"Jaw Worm","floor":1,"turns":2},{"damage":2,"enemies":"Small Slimes","floor":5,"turns":3},{"damage":10,"enemies":"Gremlin Nob","floor":6,"turns":3},{"damage":2,"enemies":"3 Sentries","floor":8,"turns":5},{"damage":0,"enemies":"Lagavulin","floor":11,"turns":5},{"damage":12,"enemies":"Gremlin Nob","floor":12,"turns":4},{"damage":14,"enemies":"3 Sentries","floor":14,"turns":5},{"damage":0,"enemies":"The Guardian","floor":16,"turns":6},{"damage":45,"enemies":"2 Thieves","floor":18,"turns":4},{"damage":10,"enemies":"Chosen","floor":22,"turns":4},{"damage":32,"enemies":"Slavers","floor":24,"turns":1}],"seed_played":"-2262629345064147627","potions_obtained":[{"floor":5,"key":"LiquidBronze"},{"floor":6,"key":"SteroidPotion"},{"floor":16,"key":"EssenceOfSteel"}],"is_trial":true,"path_per_floor":["M","?","?","?","M","E","R","E","T","$","E","E","?","E","R","B",null,"M","?","?","$","M","R","E"],"character_chosen":"DEFECT","items_purchased":["Capacitor","Coolheaded"],"campfire_rested":0,"item_purchase_floors":[10,10],"current_hp_per_floor":[73,73,62,62,60,50,50,48,48,48,48,36,36,22,22,47,75,30,30,30,30,20,20,0],"gold":369,"neow_bonus":"","is_prod":false,"is_daily":false,"chose_seed":false,"campfire_upgraded":3,"win_rate":0,"timestamp":1546587385,"path_taken":["M","?","?","?","?","E","R","E","T","?","E","E","?","E","R","BOSS","M","?","?","$","M","R","E"],"build_version":"2018-12-20","purchased_purges":1,"victory":false,"max_hp_per_floor":[75,75,75,75,75,75,75,75,75,75,75,75,75,75,75,75,75,75,75,75,75,75,75,75],"card_choices":[{"not_picked":["Coolheaded","Compile Driver","Streamline"],"picked":"SKIP","floor":1},{"not_picked":["Compile Driver","Streamline"],"picked":"Coolheaded","floor":1},{"not_picked":["Consume","Redo","Reprogram"],"picked":"SKIP","floor":5},{"not_picked":["Meteor Strike","Amplify"],"picked":"Rainbow","floor":6},{"not_picked":["Machine Learning","Core Surge"],"picked":"Echo Form","floor":8},{"not_picked":["Rainbow","Thunder Strike"],"picked":"Core Surge","floor":11},{"not_picked":["All For One","Thunder Strike"],"picked":"Machine Learning","floor":12},{"not_picked":["All For One","Multi-Cast"],"picked":"Seek","floor":14},{"not_picked":["Meteor Strike","Rainbow"],"picked":"Creative AI","floor":16},{"not_picked":["Reprogram","Leap"],"picked":"Ball Lightning+1","floor":18},{"not_picked":["White Noise","Fusion"],"picked":"Chill","floor":22}],"player_experience":746982,"relics_obtained":[{"floor":6,"key":"Regal Pillow"},{"floor":8,"key":"DataDisk"},{"floor":9,"key":"Bag of Marbles"},{"floor":11,"key":"Ginger"},{"floor":12,"key":"Pantograph"},{"floor":14,"key":"Mummified Hand"},{"floor":17,"key":"Juzu Bracelet"},{"floor":17,"key":"Letter Opener"},{"floor":17,"key":"Incense Burner"}],"event_choices":[{"damage_healed":0,"gold_gain":0,"player_choice":"Leave","damage_taken":0,"max_hp_gain":0,"max_hp_loss":0,"event_name":"The Cleric","floor":2,"gold_loss":0},{"damage_healed":0,"gold_gain":75,"player_choice":"Gather Gold","damage_taken":11,"max_hp_gain":0,"max_hp_loss":0,"event_name":"World of Goop","floor":3,"gold_loss":0},{"cards_removed":["Turbo"],"damage_healed":0,"gold_gain":0,"player_choice":"Card Removal","damage_taken":0,"max_hp_gain":0,"max_hp_loss":0,"event_name":"Wheel of Change","floor":4,"gold_loss":0},{"damage_healed":0,"gold_gain":69,"player_choice":"Gained Gold","damage_taken":0,"max_hp_gain":0,"max_hp_loss":0,"event_name":"Golden Wing","floor":13,"gold_loss":0},{"damage_healed":0,"gold_gain":0,"player_choice":"Ignored","damage_taken":0,"max_hp_gain":0,"max_hp_loss":0,"event_name":"Vampires","floor":19,"gold_loss":0},{"damage_healed":0,"gold_gain":0,"player_choice":"Obtained Relic","damage_taken":0,"relics_obtained":["Singing Bowl"],"max_hp_gain":0,"max_hp_loss":0,"event_name":"Addict","floor":20,"gold_loss":85}],"is_beta":false,"boss_relics":[{"not_picked":["Astrolabe","Empty Cage"],"picked":"Calling Bell"}],"items_purged_floors":[21],"is_endless":false,"potions_floor_spawned":[5,6,16,18],"killed_by":"Slavers","ascension_level":0}