{"gold_per_floor":[119,68,12,27,27,53,65,65,65,77,96,96,112,112,112,217,217,230,248,262,13,13,40,40,40,40,40,40,57,3,3,3,3],"floor_reached":33,"playtime":2197,"items_purged":[],"score":292,"play_id":"31e025cf-f736-4d49-ab81-d1b0e246c84d","local_time":"20181212180347","is_ascension_mode":false,"campfire_choices":[{"data":"Perfected Strike","floor":12,"key":"SMITH"},{"data":"Rampage","floor":15,"key":"SMITH"},{"floor":24,"key":"REST"},{"data":"True Grit","floor":27,"key":"SMITH"},{"floor":32,"key":"REST"}],"neow_cost":"NONE","seed_source_timestamp":1205531027898650,"circlet_count":0,"master_deck":["Strike_R","Strike_R","Strike_R+1","Strike_R","Strike_R","Defend_R","Defend_R+1","Defend_R","Bash","Headbutt","True Grit+1","Armaments","Rampage+1","Cleave","Perfected Strike+1","Flex","Perfected Strike","Anger+1","Headbutt+1","True Grit","Shrug It Off","True Grit","RitualDagger"],"relics":["Burning Blood","NeowsBlessing","Question Card","FossilizedHelix","Ornamental Fan","Lizard Tail","Pantograph","Mercury Hourglass","Bottled Flame"],"potions_floor_usage":[16,22,22,23],"damage_taken":[{"damage":0,"enemies":"Jaw Worm","floor":1,"turns":1},{"damage":0,"enemies":"Cultist","floor":4,"turns":1},{"damage":0,"enemies":"Gremlin Nob","floor":6,"turns":1},{"damage":0,"enemies":"Small Slimes","floor":7,"turns":2},{"damage":0,"enemies":"Exordium Wildlife","floor":10,"turns":3},{"damage":0,"enemies":"Looter","floor":11,"turns":3},{"damage":1,"enemies":"2 Fungi Beasts","floor":13,"turns":3},{"damage":72,"enemies":"Hexaghost","floor":16,"turns":11},{"damage":14,"enemies":"Spheric Guardian","floor":18,"turns":4},{"damage":21,"enemies":"Shell Parasite","floor":19,"turns":6},{"damage":0,"enemies":"Snecko","floor":20,"turns":3},{"damage":14,"enemies":"Centurion and Healer","floor":22,"turns":3},{"damage":48,"enemies":"Book of Stabbing","floor":23,"turns":6},{"damage":29,"enemies":"Sentry and Sphere","floor":29,"turns":6},{"damage":52,"enemies":"Collector","floor":33,"turns":6}],"seed_played":"8801533598330369354","potions_obtained":[{"floor":4,"key":"Explosive Potion"},{"floor":6,"key":"GamblersBrew"},{"floor":13,"key":"Fire Potion"},{"floor":19,"key":"SmokeBomb"},{"floor":29,"key":"BloodPotion"}],"is_trial":false,"path_per_floor":["M","$","?","M","?","E","M","?","T","M","M","R","M","?","R","B",null,"M","M","M","$","M","E","R","?","T","R","?","M","$","?","R","B"],"character_chosen":"IRONCLAD","items_purchased":["True Grit","Pantograph","True Grit"],"campfire_rested":2,"item_purchase_floors":[2,21,30],"current_hp_per_floor":[80,80,80,80,64,70,76,76,76,80,80,80,80,85,85,19,85,77,62,68,68,60,18,43,71,71,71,55,32,32,26,53,26],"gold":3,"neow_bonus":"THREE_ENEMY_KILL","is_prod":false,"is_daily":false,"chose_seed":false,"campfire_upgraded":3,"win_rate":0.0,"timestamp":1544637827,"path_taken":["M","$","?","?","?","E","M","?","T","?","M","R","M","?","R","BOSS","M","M","M","$","M","E","R","?","T","R","?","M","$","?","R","BOSS"],"build_version":"2018-12-06","purchased_purges":0,"victory":false,"max_hp_per_floor":[80,80,80,80,80,80,80,80,80,80,80,80,80,85,85,85,85,85,85,85,85,85,85,85,85,85,85,90,90,90,90,90,90],"card_choices":[{"not_picked":["Second Wind","Rupture"],"picked":"Headbutt","floor":1},{"not_picked":["Pommel Strike","True Grit","Ghostly Armor"],"picked":"Armaments","floor":4},{"not_picked":["Armaments","True Grit","Warcry"],"picked":"Rampage","floor":6},{"not_picked":["Rupture","Pommel Strike","Warcry"],"picked":"Cleave","floor":7},{"not_picked":["Shockwave","Power Through","Dark Embrace"],"picked":"Perfected Strike","floor":10},{"not_picked":["Infernal Blade","Sever Soul","Spot Weakness"],"picked":"Flex","floor":11},{"not_picked":["Infernal Blade","Hemokinesis","Flex","Sword Boomerang"],"picked":"SKIP","floor":13},{"not_picked":["Clash+1","Carnage+1","Sword Boomerang"],"picked":"Perfected Strike","floor":18},{"not_picked":["Disarm","Sword Boomerang","Flame Barrier+1"],"picked":"Anger+1","floor":19},{"not_picked":["Infernal Blade","Evolve","Anger"],"picked":"Headbutt+1","floor":20},{"not_picked":["Bloodletting","Headbutt","Thunderclap"],"picked":"True Grit","floor":23},{"not_picked":["Clothesline","Flex","Sword Boomerang"],"picked":"Shrug It Off","floor":29}],"player_experience":69345,"relics_obtained":[{"floor":6,"key":"FossilizedHelix"},{"floor":9,"key":"Ornamental Fan"},{"floor":23,"key":"Mercury Hourglass"},{"floor":26,"key":"Bottled Flame"}],"event_choices":[{"damage_healed":0,"gold_gain":0,"player_choice":"Paid Gold","damage_taken":0,"relics_obtained":["Question Card"],"max_hp_gain":0,"max_hp_loss":0,"event_name":"WeMeetAgain","floor":3,"gold_loss":56},{"damage_healed":0,"gold_gain":0,"player_choice":"Entered Light","damage_taken":16,"max_hp_gain":0,"max_hp_loss":0,"event_name":"Shining Light","floor":5,"gold_loss":0,"cards_upgraded":["Defend_R","Strike_R"]},{"cards_removed":["Defend_R"],"damage_healed":0,"gold_gain":0,"player_choice":"Forget","damage_taken":0,"max_hp_gain":0,"max_hp_loss":0,"event_name":"Living Wall","floor":8,"gold_loss":0},{"damage_healed":0,"gold_gain":0,"player_choice":"Donut","damage_taken":0,"max_hp_gain":5,"max_hp_loss":0,"event_name":"Big Fish","floor":14,"gold_loss":0},{"damage_healed":28,"gold_gain":0,"player_choice":"Heal","damage_taken":0,"max_hp_gain":0,"max_hp_loss":0,"event_name":"The Library","floor":25,"gold_loss":0},{"damage_healed":0,"gold_gain":0,"player_choice":"Shed Blood","damage_taken":21,"max_hp_gain":5,"max_hp_loss":0,"event_name":"Forgotten Altar","floor":28,"gold_loss":0},{"damage_healed":0,"gold_gain":0,"player_choice":"Joined the Cult","damage_taken":6,"max_hp_gain":0,"max_hp_loss":0,"event_name":"Nest","floor":31,"gold_loss":0,"cards_obtained":["RitualDagger"]}],"is_beta":false,"boss_relics":[{"not_picked":["Philosopher\u0027s Stone","Coffee Dripper"],"picked":"Lizard Tail"}],"items_purged_floors":[],"is_endless":false,"potions_floor_spawned":[4,6,13,19,22,29],"killed_by":"Collector","ascension_level":0}