{"gold_per_floor":[119,19,19,36,111,111,111,111,111,138,138,148,173,173,173,244,244,257,117,117,135,135,135,164,164,191,202,202,202,202,202,202,276,276,295,84,0,14,114,114],"floor_reached":40,"playtime":1729,"items_purged":["Strike_B","Strike_B","Defend_B"],"score":987,"play_id":"7dc10949-be71-4833-85d6-a130c0bf82a0","local_time":"20190616214456","is_ascension_mode":true,"campfire_choices":[{"data":"Streamline","floor":6.0,"key":"SMITH"},{"data":"Hologram","floor":8.0,"key":"SMITH"},{"data":"Zap","floor":15.0,"key":"SMITH"},{"data":"Coolheaded","floor":23.0,"key":"SMITH"},{"data":"Defragment","floor":25.0,"key":"SMITH"},{"data":"Hologram","floor":28.0,"key":"SMITH"},{"data":"Self Repair","floor":30.0,"key":"SMITH"},{"data":"Echo Form","floor":32.0,"key":"SMITH"}],"neow_cost":"NONE","seed_source_timestamp":0,"circlet_count":0,"master_deck":["AscendersBane","Defend_B+1","Zap+1","Dualcast+1","Streamline+1","Conserve Battery","Hologram+1","Gash","Rebound","Coolheaded+1","Echo Form+1","Self Repair+1","Glacier","Amplify","Defragment+1","Hologram+1","Machine Learning","Creative AI+1","Fusion+1","Ball Lightning+1","Genetic Algorithm"],"special_seed":0,"relics":["Cracked Core","NeowsBlessing","Juzu Bracelet","Meat on the Bone","Ancient Tea Set","Strawberry","Mango","Runic Dome","Pantograph","Boot","Astrolabe","Red Mask","Shovel"],"potions_floor_usage":[],"damage_taken":[{"damage":0.0,"enemies":"Jaw Worm","floor":1.0,"turns":1.0},{"damage":0.0,"enemies":"Cultist","floor":4.0,"turns":1.0},{"damage":0.0,"enemies":"Lagavulin","floor":10.0,"turns":1.0},{"damage":7.0,"enemies":"Small Slimes","floor":12.0,"turns":2.0},{"damage":31.0,"enemies":"Gremlin Nob","floor":13.0,"turns":4.0},{"damage":0.0,"enemies":"Slime Boss","floor":16.0,"turns":5.0},{"damage":25.0,"enemies":"Shell Parasite","floor":18.0,"turns":3.0},{"damage":0.0,"enemies":"Spheric Guardian","floor":21.0,"turns":5.0},{"damage":36.0,"enemies":"Slavers","floor":24.0,"turns":9.0},{"damage":39.0,"enemies":"Cultist and Chosen","floor":27.0,"turns":9.0},{"damage":12.0,"enemies":"Champ","floor":33.0,"turns":17.0},{"damage":0,"enemies":"3 Shapes","floor":35,"turns":7},{"damage":35,"enemies":"Orb Walker","floor":38,"turns":5},{"damage":0,"enemies":"Mind Bloom Boss Battle","floor":39,"turns":8},{"damage":111,"enemies":"Reptomancer","floor":40,"turns":3}],"seed_played":"6593843187021440174","potions_obtained":[{"floor":4.0,"key":"SteroidPotion"},{"floor":13.0,"key":"Regen Potion"},{"floor":16.0,"key":"AttackPotion"},{"floor":24.0,"key":"Block Potion"},{"floor":27.0,"key":"SkillPotion"},{"floor":38,"key":"SpeedPotion"}],"is_trial":false,"path_per_floor":["M","$","?","M","?","R","?","R","T","E","?","M","E","?","R","B",null,"M","$","?","M","?","R","E","R","T","M","R","?","R","?","R","B",null,"M","$","?","M","?","E"],"character_chosen":"DEFECT","items_purchased":["Conserve Battery","Glacier","Genetic Algorithm"],"campfire_rested":0,"item_purchase_floors":[2,19,36],"current_hp_per_floor":[64,64,71,71,60,60,49,49,49,49,56,49,44,16,16,42,80,55,55,28,54,54,54,44,44,44,31,31,31,31,31,31,76,92,97,97,97,82,97,0],"gold":114,"neow_bonus":"THREE_ENEMY_KILL","is_prod":false,"is_daily":false,"chose_seed":false,"campfire_upgraded":8,"win_rate":0,"timestamp":1560710696,"path_taken":["M","$","?","?","?","R","?","R","T","E","?","M","E","?","R","BOSS","M","$","?","M","?","R","E","R","T","M","R","?","R","?","R","BOSS","M","$","?","M","?","E"],"build_version":"2019-01-23","purchased_purges":3,"victory":false,"max_hp_per_floor":[71,71,71,71,71,71,71,71,71,71,78,78,92,92,92,92,92,92,92,97,97,97,97,97,97,97,97,97,97,97,97,97,97,97,97,97,97,97,97,97],"card_choices":[{"not_picked":["Compile Driver","Turbo"],"picked":"Streamline","floor":1.0},{"not_picked":["Barrage","Turbo"],"picked":"Hologram","floor":4.0},{"not_picked":["Redo","Static Discharge"],"picked":"Gash","floor":10.0},{"not_picked":["Darkness","Sweeping Beam"],"picked":"Rebound","floor":12.0},{"not_picked":["Chaos","Double Energy"],"picked":"Coolheaded","floor":13.0},{"not_picked":["All For One","Fission"],"picked":"Echo Form","floor":16.0},{"not_picked":["Recycle","Beam Cell+1"],"picked":"Self Repair","floor":18.0},{"not_picked":["Streamline","Turbo","Steam+1"],"picked":"SKIP","floor":21.0},{"not_picked":["Redo","Sweeping Beam"],"picked":"Defragment","floor":24.0},{"not_picked":["Steam Power","Leap+1"],"picked":"Hologram","floor":27.0},{"not_picked":["Hyperbeam","Rainbow"],"picked":"Machine Learning","floor":33.0},{"not_picked":["Stack","Gash","Sweeping Beam"],"picked":"SKIP","floor":35},{"not_picked":["Heatsinks+1","Stack","Leap"],"picked":"SKIP","floor":38}],"player_experience":1127221,"relics_obtained":[{"floor":9.0,"key":"Meat on the Bone"},{"floor":10.0,"key":"Ancient Tea Set"},{"floor":13.0,"key":"Mango"},{"floor":24.0,"key":"Pantograph"},{"floor":31.0,"key":"Boot"},{"floor":39,"key":"Shovel"}],"event_choices":[{"damage_healed":7.0,"max_hp_gain":0.0,"max_hp_loss":0.0,"gold_gain":0.0,"event_name":"Wheel of Change","player_choice":"Full Heal","floor":3.0,"gold_loss":0.0,"damage_taken":0.0},{"damage_healed":0.0,"max_hp_gain":0.0,"max_hp_loss":0.0,"gold_gain":75.0,"event_name":"World of Goop","player_choice":"Gather Gold","floor":5.0,"gold_loss":0.0,"damage_taken":11.0},{"damage_healed":0.0,"max_hp_gain":0.0,"max_hp_loss":0.0,"gold_gain":0.0,"event_name":"Scrap Ooze","player_choice":"Success","floor":7.0,"gold_loss":0.0,"damage_taken":11.0,"relics_obtained":["Juzu Bracelet"]},{"damage_healed":0.0,"max_hp_gain":0.0,"max_hp_loss":0.0,"gold_gain":0.0,"event_name":"Dead Adventurer","player_choice":"Searched \u00271\u0027 times","floor":11.0,"gold_loss":0.0,"damage_taken":0.0,"relics_obtained":["Strawberry"]},{"damage_healed":0.0,"max_hp_gain":0.0,"max_hp_loss":0.0,"gold_gain":0.0,"event_name":"Shining Light","player_choice":"Entered Light","floor":14.0,"gold_loss":0.0,"damage_taken":28.0,"cards_upgraded":["Defend_B","Dualcast"]},{"damage_healed":0.0,"max_hp_gain":5.0,"max_hp_loss":0.0,"gold_gain":0.0,"event_name":"Forgotten Altar","player_choice":"Shed Blood","floor":20.0,"gold_loss":0.0,"damage_taken":32.0},{"damage_healed":0.0,"max_hp_gain":0.0,"max_hp_loss":0.0,"gold_gain":0.0,"event_name":"The Library","player_choice":"Read","floor":22.0,"gold_loss":0.0,"damage_taken":0.0,"cards_obtained":["Amplify"]},{"cards_removed":["Strike_B"],"damage_healed":0.0,"max_hp_gain":0.0,"max_hp_loss":0.0,"gold_gain":0.0,"event_name":"Purifier","player_choice":"Purged","floor":29.0,"gold_loss":0.0,"damage_taken":0.0},{"damage_healed":0.0,"max_hp_gain":0.0,"max_hp_loss":0.0,"gold_gain":0.0,"event_name":"Wheel of Change","player_choice":"Relic","floor":31.0,"gold_loss":0.0,"damage_taken":0.0},{"damage_healed":0,"gold_gain":0,"player_choice":"Paid","damage_taken":0,"relics_obtained":["Red Mask"],"max_hp_gain":0,"max_hp_loss":0,"event_name":"Tomb of Lord Red Mask","floor":37,"gold_loss":84},{"damage_healed":0,"gold_gain":0,"player_choice":"Fight","damage_taken":0,"max_hp_gain":0,"max_hp_loss":0,"event_name":"MindBloom","floor":39,"gold_loss":0}],"is_beta":false,"boss_relics":[{"not_picked":["Calling Bell","Philosopher\u0027s Stone"],"picked":"Runic Dome"},{"not_picked":["Busted Crown","Tiny House"],"picked":"Astrolabe"}],"items_purged_floors":[2,19,36],"is_endless":false,"potions_floor_spawned":[4,13,16,24,27,33,35,38,39],"killed_by":"Reptomancer","ascension_level":20}