{"gold_per_floor":[117,117,128,278,289,320,16,35,58,89,32,32,43,72,72,147,147,163,0,16,46,6,6,17,17,17,42,42,42,62,73,73,73],"floor_reached":33,"playtime":1742,"items_purged":["Doubt"],"score":550,"play_id":"43f86273-f16a-4b01-bd7d-86bf9785a395","local_time":"20190701202927","is_ascension_mode":true,"campfire_choices":[{"data":"Zap","floor":12.0,"key":"SMITH"},{"floor":15.0,"key":"REST"},{"floor":23.0,"key":"REST"},{"floor":25.0,"key":"REST"},{"floor":28,"key":"REST"},{"data":"Go for the Eyes","floor":32,"key":"SMITH"}],"neow_cost":"NONE","seed_source_timestamp":1594728813789500,"circlet_count":0,"master_deck":["AscendersBane","Strike_B","Strike_B","Defend_B","Defend_B","Defend_B","Defend_B","Zap+1","Dualcast","Reinforced Body","Go for the Eyes+1","Rebound","Ball Lightning","Melter","Auto Shields","Echo Form","Capacitor","Conserve Battery","Steam","Cold Snap","FTL","Rainbow"],"special_seed":0,"relics":["Cracked Core","Regal Pillow","OrangePellets","Bag of Marbles","Odd Mushroom","Busted Crown","Red Mask","Matryoshka","Meat on the Bone"],"potions_floor_usage":[27,27,33],"damage_taken":[{"damage":7.0,"enemies":"Jaw Worm","floor":1.0,"turns":3.0},{"damage":0.0,"enemies":"Cultist","floor":3.0,"turns":3.0},{"damage":0.0,"enemies":"Small Slimes","floor":5.0,"turns":3.0},{"damage":33.0,"enemies":"3 Sentries","floor":6.0,"turns":10.0},{"damage":0.0,"enemies":"Exordium Wildlife","floor":8.0,"turns":3.0},{"damage":7.0,"enemies":"Lagavulin","floor":10.0,"turns":5.0},{"damage":0.0,"enemies":"2 Fungi Beasts","floor":13.0,"turns":3.0},{"damage":13.0,"enemies":"The Mushroom Lair","floor":14.0,"turns":4.0},{"damage":19.0,"enemies":"The Guardian","floor":16.0,"turns":14.0},{"damage":0.0,"enemies":"Spheric Guardian","floor":18.0,"turns":2.0},{"damage":12.0,"enemies":"2 Thieves","floor":20.0,"turns":5.0},{"damage":43.0,"enemies":"Masked Bandits","floor":21.0,"turns":5.0},{"damage":26.0,"enemies":"Snake Plant","floor":24.0,"turns":7.0},{"damage":51,"enemies":"Slavers","floor":27,"turns":8},{"damage":13,"enemies":"Centurion and Healer","floor":30,"turns":8},{"damage":12,"enemies":"Shelled Parasite and Fungi","floor":31,"turns":7},{"damage":65,"enemies":"Collector","floor":33,"turns":7}],"seed_played":"-6835805416349235863","potions_obtained":[{"floor":3.0,"key":"Strength Potion"},{"floor":5.0,"key":"AttackPotion"},{"floor":6.0,"key":"Poison Potion"},{"floor":10.0,"key":"Block Potion"},{"floor":21.0,"key":"Block Potion"},{"floor":24.0,"key":"Dexterity Potion"},{"floor":30,"key":"LiquidBronze"},{"floor":31,"key":"Block Potion"}],"is_trial":false,"path_per_floor":["M","?","M","?","M","E","$","M","T","E","$","R","M","?","R","B",null,"M","$","M","?","$","R","M","R","T","E","R","?","M","M","R","B"],"character_chosen":"DEFECT","items_purchased":["OrangePellets","PowerPotion","Capacitor","Conserve Battery","Steam","FTL"],"campfire_rested":4,"item_purchase_floors":[7,11,19,19,19,22],"current_hp_per_floor":[64,64,64,64,64,31,31,31,31,24,24,24,24,11,49,30,66,66,66,54,11,11,49,23,61,61,10,48,48,47,47,47,0],"gold":73,"neow_bonus":"TEN_PERCENT_HP_BONUS","is_prod":false,"is_daily":false,"chose_seed":false,"campfire_upgraded":2,"win_rate":0,"timestamp":1562002167,"path_taken":["M","?","?","?","M","E","$","M","T","E","?","R","M","?","R","BOSS","M","$","M","?","$","R","M","R","T","E","R","?","?","M","R","BOSS"],"build_version":"2019-01-23","purchased_purges":1,"victory":false,"max_hp_per_floor":[78,78,78,78,78,78,78,78,78,78,78,78,78,78,78,78,78,78,78,78,78,78,78,78,78,78,78,78,78,78,78,78,78],"card_choices":[{"not_picked":["Beam Cell","Turbo"],"picked":"Reinforced Body","floor":1.0},{"not_picked":["Aggregate","Force Field"],"picked":"Go for the Eyes","floor":3.0},{"not_picked":["Reinforced Body","Hello World"],"picked":"Rebound","floor":5.0},{"not_picked":["Hologram","Chaos"],"picked":"Ball Lightning","floor":6.0},{"not_picked":["Go for the Eyes","BootSequence"],"picked":"Melter","floor":8.0},{"not_picked":["Redo","Heatsinks","All For One"],"picked":"SKIP","floor":10.0},{"not_picked":["Sweeping Beam","Gash"],"picked":"Auto Shields","floor":13.0},{"not_picked":["Core Surge","Rainbow"],"picked":"Echo Form","floor":16.0},{"not_picked":["Ball Lightning"],"picked":"SKIP","floor":18.0},{"not_picked":[],"picked":"Cold Snap","floor":20.0},{"not_picked":["Steam"],"picked":"SKIP","floor":24.0},{"not_picked":[],"picked":"Rainbow","floor":27},{"not_picked":["Go for the Eyes"],"picked":"SKIP","floor":30},{"not_picked":["Rip and Tear"],"picked":"SKIP","floor":31}],"player_experience":1188383,"relics_obtained":[{"floor":6.0,"key":"Regal Pillow"},{"floor":10.0,"key":"Bag of Marbles"},{"floor":14.0,"key":"Odd Mushroom"},{"floor":21.0,"key":"Red Mask"},{"floor":26.0,"key":"Matryoshka"},{"floor":27,"key":"Meat on the Bone"}],"event_choices":[{"cards_removed":["Strike_B"],"damage_healed":0.0,"max_hp_gain":0.0,"max_hp_loss":0.0,"gold_gain":0.0,"event_name":"Purifier","player_choice":"Purged","floor":2.0,"gold_loss":0.0,"damage_taken":0.0},{"damage_healed":0.0,"max_hp_gain":0.0,"max_hp_loss":0.0,"gold_gain":150.0,"event_name":"Liars Game","player_choice":"AGREE","floor":4.0,"gold_loss":0.0,"damage_taken":0.0,"cards_obtained":["Doubt"]},{"damage_healed":0.0,"max_hp_gain":0.0,"max_hp_loss":0.0,"gold_gain":0.0,"event_name":"Mushrooms","player_choice":"Fought Mushrooms","floor":14.0,"gold_loss":0.0,"damage_taken":0.0},{"damage_healed":0.0,"max_hp_gain":0.0,"max_hp_loss":0.0,"gold_gain":0.0,"event_name":"Masked Bandits","player_choice":"Fought Bandits","floor":21.0,"gold_loss":0.0,"damage_taken":0.0},{"cards_removed":["Strike_B"],"damage_healed":0,"gold_gain":0,"player_choice":"Purged","damage_taken":0,"max_hp_gain":0,"max_hp_loss":0,"event_name":"Purifier","floor":29,"gold_loss":0}],"is_beta":false,"boss_relics":[{"not_picked":["Lizard Tail","Black Star"],"picked":"Busted Crown"}],"items_purged_floors":[7],"is_endless":false,"potions_floor_spawned":[3,5,6,10,21,24,30,31],"killed_by":"Collector","ascension_level":20}