{"gold_per_floor":[117,117,117,128,141,141,141,141,217,229,229,84,100,112,112,208,208,224,224,242,104,203,203,217,237,262,262,39,51,51,51,51,153,153,170,95,95,122,133,133,152,182,182,182,199,199,49,49,49,49],"floor_reached":51,"playtime":2472,"items_purged":["Strike_B","Strike_B","Strike_B","Strike_B"],"score":690,"play_id":"aab94522-59c5-4ba9-925d-eb11fe30a252","local_time":"20190701061754","is_ascension_mode":false,"campfire_choices":[{"data":"Static Discharge","floor":6.0,"key":"SMITH"},{"data":"BootSequence","floor":8.0,"key":"SMITH"},{"data":"White Noise","floor":11.0,"key":"SMITH"},{"data":"Static Discharge","floor":15.0,"key":"SMITH"},{"data":"Amplify","floor":23.0,"key":"SMITH"},{"data":"Thunder Strike","floor":27.0,"key":"SMITH"},{"data":"Static Discharge","floor":32.0,"key":"SMITH"},{"data":"Seek","floor":40.0,"key":"SMITH"},{"data":"Seek","floor":44.0,"key":"SMITH"},{"data":"White Noise","floor":46.0,"key":"SMITH"},{"data":"Hologram","floor":49.0,"key":"SMITH"}],"neow_cost":"NONE","seed_source_timestamp":10607381077100,"circlet_count":0,"master_deck":["Defend_B+1","Defend_B","Defend_B","Defend_B","Zap+1","Dualcast+1","Coolheaded","BootSequence+1","Static Discharge+1","White Noise+1","Static Discharge+1","Self Repair","Hologram+1","Amplify+1","Reprogram","Steam","Self Repair","Thunder Strike+1","Rebound","Static Discharge+1","Turbo","White Noise+1","Ghostly","Ghostly","Ghostly","Ghostly","Ghostly","Seek+1","Defragment+1","Reinforced Body","Seek+1"],"special_seed":0,"relics":["Eternal Feather"],"potions_floor_usage":[50,50],"damage_taken":[{"damage":2.0,"enemies":"2 Louse","floor":1.0,"turns":3.0},{"damage":2.0,"enemies":"Cultist","floor":4.0,"turns":4.0},{"damage":0.0,"enemies":"Jaw Worm","floor":5.0,"turns":3.0},{"damage":4.0,"enemies":"2 Fungi Beasts","floor":10.0,"turns":3.0},{"damage":13.0,"enemies":"3 Louse","floor":13.0,"turns":2.0},{"damage":8.0,"enemies":"Exordium Thugs","floor":14.0,"turns":6.0},{"damage":35.0,"enemies":"Slime Boss","floor":16.0,"turns":9.0},{"damage":30.0,"enemies":"2 Thieves","floor":18.0,"turns":4.0},{"damage":16.0,"enemies":"Spheric Guardian","floor":20.0,"turns":3.0},{"damage":29.0,"enemies":"Centurion and Healer","floor":24.0,"turns":5.0},{"damage":13.0,"enemies":"Snecko","floor":25.0,"turns":5.0},{"damage":14.0,"enemies":"Snake Plant","floor":29.0,"turns":3.0},{"damage":8.0,"enemies":"Automaton","floor":33.0,"turns":7.0},{"damage":3.0,"enemies":"Orb Walker","floor":35.0,"turns":4.0},{"damage":33.0,"enemies":"3 Shapes","floor":39.0,"turns":7.0},{"damage":3.0,"enemies":"Transient","floor":41.0,"turns":5.0},{"damage":36.0,"enemies":"Nemesis","floor":42.0,"turns":9.0},{"damage":3.0,"enemies":"Maw","floor":45.0,"turns":5.0},{"damage":8,"enemies":"Time Eater","floor":50,"turns":6}],"seed_played":"8430480244996432889","potions_obtained":[{"floor":4.0,"key":"SpeedPotion"},{"floor":5.0,"key":"Dexterity Potion"},{"floor":13.0,"key":"SpeedPotion"},{"floor":33.0,"key":"Block Potion"},{"floor":41.0,"key":"Explosive Potion"}],"is_trial":false,"path_per_floor":["M","?","?","M","M","R","?","R","T","M","R","$","M","M","R","B",null,"M","?","M","$","?","R","M","M","T","R","$","M","$","?","R","B",null,"M","$","?","T","M","R","M","E","T","R","M","R","$","?","R","B",null],"character_chosen":"DEFECT","items_purchased":["Static Discharge","Self Repair","Static Discharge","Turbo","Regen Potion"],"campfire_rested":0,"item_purchase_floors":[12,21,28,28,36],"current_hp_per_floor":[73,78,62,60,60,66,66,72,72,68,74,74,61,60,69,48,80,57,57,48,48,48,57,56,57,57,69,69,62,62,40,40,40,40,40,40,40,40,28,40,40,18,18,36,40,40,40,40,40,39],"gold":49,"neow_bonus":"BOSS_RELIC","is_prod":false,"is_daily":false,"chose_seed":false,"campfire_upgraded":11,"win_rate":0,"timestamp":1561929474,"path_taken":["M","?","?","M","M","R","?","R","T","?","R","$","M","M","R","BOSS","M","?","M","$","?","R","M","M","T","R","$","M","?","?","R","BOSS","M","$","?","?","M","R","?","E","T","R","?","R","?","?","R","BOSS"],"build_version":"2019-01-23","purchased_purges":4,"victory":true,"max_hp_per_floor":[75,80,80,80,80,80,80,80,80,80,80,80,80,80,80,80,80,80,80,80,80,80,80,80,80,80,80,80,80,80,40,40,40,40,40,40,40,40,40,40,40,40,40,40,40,40,40,40,40,40],"card_choices":[{"not_picked":["Barrage","Reprogram"],"picked":"Coolheaded","floor":1.0},{"not_picked":["Double Energy","Aggregate"],"picked":"BootSequence","floor":4.0},{"not_picked":["Recycle","Turbo"],"picked":"Static Discharge","floor":5.0},{"not_picked":["Hello World","Melter"],"picked":"White Noise","floor":10.0},{"not_picked":["Redo","Hologram"],"picked":"Self Repair","floor":13.0},{"not_picked":["Steam Power","Barrage"],"picked":"Hologram","floor":14.0},{"not_picked":["Reboot","Fission"],"picked":"Amplify","floor":16.0},{"not_picked":["Compile Driver","Go for the Eyes"],"picked":"Reprogram","floor":18.0},{"not_picked":["Streamline","Beam Cell"],"picked":"Steam","floor":20.0},{"not_picked":["Self Repair","Rebound"],"picked":"Thunder Strike","floor":24.0},{"not_picked":["Beam Cell","Hello World+1"],"picked":"Rebound","floor":25.0},{"not_picked":["Coolheaded","Auto Shields"],"picked":"White Noise","floor":29.0},{"not_picked":["Core Surge","Buffer"],"picked":"Seek","floor":33.0},{"not_picked":["Hologram","Rebound+1"],"picked":"Defragment+1","floor":35.0},{"not_picked":["Auto Shields","Coolheaded","Barrage+1"],"picked":"SKIP","floor":39.0},{"not_picked":["Sweeping Beam","Gash"],"picked":"Reinforced Body","floor":41.0},{"not_picked":["Chill+1","Go for the Eyes"],"picked":"Seek","floor":42.0},{"not_picked":["Conserve Battery+1","Steam","Stack"],"picked":"SKIP","floor":45.0}],"player_experience":1067649,"relics_obtained":[],"event_choices":[{"damage_healed":0.0,"max_hp_gain":5.0,"max_hp_loss":0.0,"gold_gain":0.0,"event_name":"Big Fish","player_choice":"Donut","floor":2.0,"gold_loss":0.0,"damage_taken":0.0},{"damage_healed":0.0,"max_hp_gain":0.0,"max_hp_loss":0.0,"gold_gain":0.0,"event_name":"Shining Light","player_choice":"Entered Light","floor":3.0,"gold_loss":0.0,"damage_taken":16.0,"cards_upgraded":["Defend_B","Dualcast"]},{"damage_healed":0.0,"max_hp_gain":0.0,"max_hp_loss":0.0,"gold_gain":0.0,"event_name":"Upgrade Shrine","player_choice":"Upgraded","floor":7.0,"gold_loss":0.0,"damage_taken":0.0,"cards_upgraded":["Zap"]},{"damage_healed":0.0,"max_hp_gain":0.0,"max_hp_loss":0.0,"gold_gain":99.0,"event_name":"Nest","player_choice":"Stole From Cult","floor":22.0,"gold_loss":0.0,"damage_taken":0.0},{"damage_healed":0.0,"max_hp_gain":0.0,"max_hp_loss":40.0,"gold_gain":0.0,"event_name":"Ghosts","player_choice":"Became a Ghost","floor":31.0,"gold_loss":0.0,"damage_taken":0.0,"cards_obtained":["Ghostly","Ghostly","Ghostly","Ghostly","Ghostly"]},{"damage_healed":0.0,"max_hp_gain":0.0,"max_hp_loss":0.0,"gold_gain":0.0,"event_name":"SensoryStone","player_choice":"Memory 1","floor":37.0,"gold_loss":0.0,"damage_taken":0.0},{"damage_healed":0.0,"max_hp_gain":0.0,"max_hp_loss":0.0,"gold_gain":0.0,"event_name":"Mysterious Sphere","player_choice":"Ignored","floor":48.0,"gold_loss":0.0,"damage_taken":0.0}],"is_beta":false,"boss_relics":[{"not_picked":["Tiny House","Inserter","Black Star"]},{"not_picked":["Tiny House","Inserter","Black Star"]}],"items_purged_floors":[12,21,28,47],"is_endless":false,"potions_floor_spawned":[4,5,13,16,25,33,35,41],"ascension_level":0}