{"gold_per_floor":[111,111,111,134,134,134,157,177,177,198,211,211,225,240,240,240],"floor_reached":16,"playtime":790,"items_purged":[],"score":163,"play_id":"953b8361-0b7e-4eda-9bd2-3ca62fdd02e3","local_time":"20190612040204","is_ascension_mode":true,"campfire_choices":[{"data":"Neutralize","floor":6,"key":"SMITH"},{"data":"Leg Sweep","floor":12,"key":"SMITH"},{"data":"Accuracy","floor":15,"key":"SMITH"}],"neow_cost":"NONE","seed_source_timestamp":1026594600863730,"circlet_count":0,"master_deck":["AscendersBane","Defend_G","Defend_G","Defend_G","Defend_G","Defend_G","Strike_G","Strike_G","Strike_G","Strike_G","Survivor","Neutralize+1","Dodge and Roll","Leg Sweep+1","Predator","Envenom","Accuracy+1","Cloak And Dagger","Blade Dance","Backflip","Blur"],"relics":["White Beast Statue","Golden Idol","Ice Cream","Ornamental Fan"],"potions_floor_usage":[11,16,16],"damage_taken":[{"damage":2,"enemies":"2 Louse","floor":1,"turns":3},{"damage":0,"enemies":"Jaw Worm","floor":4,"turns":5},{"damage":0,"enemies":"Cultist","floor":7,"turns":4},{"damage":1,"enemies":"Blue Slaver","floor":8,"turns":6},{"damage":4,"enemies":"Exordium Wildlife","floor":10,"turns":9},{"damage":1,"enemies":"2 Fungi Beasts","floor":11,"turns":5},{"damage":15,"enemies":"Large Slime","floor":13,"turns":8},{"damage":1,"enemies":"Exordium Wildlife","floor":14,"turns":6},{"damage":13,"enemies":"Slime Boss","floor":16,"turns":12}],"seed_played":"-6781741224260637719","potions_obtained":[{"floor":1,"key":"Explosive Potion"},{"floor":4,"key":"Swift Potion"},{"floor":7,"key":"GhostInAJar"},{"floor":8,"key":"Energy Potion"},{"floor":10,"key":"GhostInAJar"},{"floor":11,"key":"Poison Potion"},{"floor":14,"key":"SpeedPotion"}],"is_trial":false,"path_per_floor":["M","?","?","M","?","R","M","M","T","M","M","R","M","M","R","B"],"character_chosen":"THE_SILENT","items_purchased":[],"campfire_rested":0,"item_purchase_floors":[],"current_hp_per_floor":[57,41,29,29,29,29,29,28,28,24,23,23,8,7,7,0],"gold":240,"neow_bonus":"BOSS_RELIC","is_prod":false,"is_daily":false,"chose_seed":false,"campfire_upgraded":3,"win_rate":0,"timestamp":1560279724,"path_taken":["M","?","?","M","?","R","M","M","T","M","?","R","M","M","R","BOSS"],"build_version":"2019-01-23","purchased_purges":0,"victory":false,"max_hp_per_floor":[66,66,66,66,66,66,66,66,66,66,66,66,66,66,66,66],"card_choices":[{"not_picked":["Cloak And Dagger","Poisoned Stab"],"picked":"Dodge and Roll","floor":1},{"not_picked":["Dagger Spray","Blade Dance"],"picked":"Leg Sweep","floor":4},{"not_picked":["Deadly Poison","Bane"],"picked":"Envenom","floor":7},{"not_picked":["Distraction","Blade Dance"],"picked":"Accuracy","floor":8},{"not_picked":["Dodge and Roll","Calculated Gamble"],"picked":"Cloak And Dagger","floor":10},{"not_picked":["Quick Slash","Outmaneuver"],"picked":"Blade Dance","floor":11},{"not_picked":["Quick Slash","Skewer"],"picked":"Backflip","floor":13},{"not_picked":["PiercingWail","Concentrate"],"picked":"Blur","floor":14}],"player_experience":1030723,"relics_obtained":[{"floor":9,"key":"Ornamental Fan"}],"event_choices":[{"damage_healed":0,"gold_gain":0,"player_choice":"Take Damage","damage_taken":16,"relics_obtained":["Golden Idol"],"max_hp_gain":0,"max_hp_loss":0,"event_name":"Golden Idol","floor":2,"gold_loss":0},{"damage_healed":0,"gold_gain":0,"player_choice":"Success","damage_taken":12,"relics_obtained":["Ice Cream"],"max_hp_gain":0,"max_hp_loss":0,"event_name":"Scrap Ooze","floor":3,"gold_loss":0},{"damage_healed":0,"gold_gain":0,"cards_transformed":["Strike_G"],"player_choice":"Change","damage_taken":0,"max_hp_gain":0,"max_hp_loss":0,"event_name":"Living Wall","floor":5,"gold_loss":0,"cards_obtained":["Predator"]}],"is_beta":false,"boss_relics":[],"items_purged_floors":[],"is_endless":false,"potions_floor_spawned":[1,4,7,8,10,11,13,14],"killed_by":"Slime Boss","ascension_level":14}