{"gold_per_floor":[113,131,151,163,163,163,191,191,218,218,0,0,20,32,32,32],"floor_reached":16,"playtime":961,"items_purged":[],"score":204,"play_id":"f46a6502-4c90-40ff-896e-1384b64f3478","local_time":"20190323090947","is_ascension_mode":true,"campfire_choices":[{"floor":6,"key":"REST"},{"data":"Crippling Poison","floor":8,"key":"SMITH"},{"floor":12,"key":"REST"},{"data":"Caltrops","floor":15,"key":"SMITH"}],"neow_cost":"NONE","seed_source_timestamp":694099202959000,"circlet_count":0,"master_deck":["AscendersBane","Defend_G","Defend_G+1","Defend_G+1","Defend_G","Defend_G+1","Strike_G","Strike_G","Strike_G","Strike_G","Strike_G","Survivor+1","Neutralize","PiercingWail","Crippling Poison+1","Caltrops+1","Dodge and Roll","Dagger Spray","Cloak And Dagger"],"relics":["Ring of the Snake","Art of War","War Paint","Happy Flower","Ice Cream","Membership Card"],"potions_floor_usage":[7,7,16],"damage_taken":[{"damage":0,"enemies":"Cultist","floor":1,"turns":4},{"damage":7,"enemies":"Small Slimes","floor":2,"turns":5},{"damage":4,"enemies":"Jaw Worm","floor":3,"turns":8},{"damage":5,"enemies":"Blue Slaver","floor":4,"turns":6},{"damage":19,"enemies":"Lagavulin","floor":7,"turns":8},{"damage":10,"enemies":"Large Slime","floor":13,"turns":10},{"damage":5,"enemies":"Exordium Thugs","floor":14,"turns":4},{"damage":32,"enemies":"Hexaghost","floor":16,"turns":11}],"seed_played":"-8337908086311561345","potions_obtained":[{"floor":1,"key":"Fire Potion"},{"floor":3,"key":"Poison Potion"},{"floor":7,"key":"SteroidPotion"},{"floor":13,"key":"SpeedPotion"}],"is_trial":false,"path_per_floor":["M","M","M","M","?","R","E","R","T","T","$","R","M","M","R","B"],"character_chosen":"THE_SILENT","items_purchased":["Membership Card"],"campfire_rested":2,"item_purchase_floors":[11],"current_hp_per_floor":[59,52,48,43,23,42,23,23,23,23,23,42,32,27,27,0],"gold":32,"neow_bonus":"RANDOM_COMMON_RELIC","is_prod":false,"is_daily":false,"chose_seed":false,"campfire_upgraded":2,"win_rate":0,"timestamp":1553324987,"path_taken":["M","M","?","M","?","R","E","R","T","?","?","R","M","M","R","BOSS"],"build_version":"2019-01-23","purchased_purges":0,"victory":false,"max_hp_per_floor":[66,66,66,66,66,66,66,66,66,66,66,66,66,66,66,66],"card_choices":[{"not_picked":["Distraction","Endless Agony"],"picked":"PiercingWail","floor":1},{"not_picked":["Poisoned Stab","Sucker Punch"],"picked":"Crippling Poison","floor":2},{"not_picked":["Acrobatics","Slice","Outmaneuver"],"picked":"SKIP","floor":3},{"not_picked":["Terror","Poisoned Stab"],"picked":"Caltrops","floor":4},{"not_picked":["Endless Agony","Sucker Punch"],"picked":"Dodge and Roll","floor":7},{"not_picked":["Deflect","Caltrops"],"picked":"Dagger Spray","floor":13},{"not_picked":["Eviscerate","Bullet Time"],"picked":"Cloak And Dagger","floor":14}],"player_experience":938629,"relics_obtained":[{"floor":7,"key":"War Paint"},{"floor":9,"key":"Happy Flower"},{"floor":10,"key":"Ice Cream"}],"event_choices":[{"damage_healed":0,"gold_gain":0,"player_choice":"Entered Light","damage_taken":20,"max_hp_gain":0,"max_hp_loss":0,"event_name":"Shining Light","floor":5,"gold_loss":0,"cards_upgraded":["Defend_G","Survivor"]}],"is_beta":false,"boss_relics":[],"items_purged_floors":[],"is_endless":false,"potions_floor_spawned":[1,3,7,13],"killed_by":"Hexaghost","ascension_level":20}