{"gold_per_floor":[116,130,130,1,1,1,18,18,18,44,58,72,99,115,115,192,192,212,212,191,30,30,55,68,81,81,81,81,81,106,53,53,53],"floor_reached":33,"playtime":1732,"items_purged":[],"score":620,"play_id":"7cb7167b-5192-4d64-a638-db92f1fddf54","local_time":"20190601104419","is_ascension_mode":true,"campfire_choices":[{"floor":6,"key":"REST"},{"data":"Noxious Fumes","floor":15,"key":"SMITH"},{"floor":27,"key":"REST"},{"floor":32,"key":"REST"}],"neow_cost":"NONE","seed_source_timestamp":870824047732300,"circlet_count":0,"master_deck":["AscendersBane","Defend_G","Defend_G+1","Defend_G","Defend_G","Defend_G","Strike_G+1","Strike_G","Strike_G","Strike_G","Strike_G","Survivor","Neutralize","Dagger Throw","Noxious Fumes+1","Escape Plan","Footwork","Deflect","Backstab","Die Die Die","Deadly Poison","Bouncing Flask+1","Footwork","Malaise+1","Crippling Poison+1","Adrenaline","Footwork","Dodge and Roll","Ghostly","Ghostly","Ghostly","PiercingWail"],"relics":["Ring of the Snake","PreservedInsect","Ginger","Bag of Preparation","Fusion Hammer","War Paint","Centennial Puzzle","Happy Flower","Singing Bowl","Nilry\u0027s Codex","Lantern"],"potions_floor_usage":[16],"damage_taken":[{"damage":16,"enemies":"Jaw Worm","floor":1,"turns":7},{"damage":0,"enemies":"Cultist","floor":2,"turns":4},{"damage":0,"enemies":"2 Louse","floor":7,"turns":3},{"damage":14,"enemies":"3 Sentries","floor":10,"turns":9},{"damage":1,"enemies":"Looter","floor":11,"turns":3},{"damage":9,"enemies":"Red Slaver","floor":12,"turns":5},{"damage":0,"enemies":"Large Slime","floor":14,"turns":3},{"damage":16,"enemies":"The Guardian","floor":16,"turns":9},{"damage":7,"enemies":"3 Byrds","floor":18,"turns":5},{"damage":12,"enemies":"2 Thieves","floor":20,"turns":4},{"damage":26,"enemies":"Gremlin Leader","floor":23,"turns":4},{"damage":0,"enemies":"Cultist and Chosen","floor":24,"turns":6},{"damage":4,"enemies":"Centurion and Healer","floor":25,"turns":8},{"damage":0,"enemies":"Slavers","floor":30,"turns":4},{"damage":17,"enemies":"Collector","floor":33,"turns":7}],"seed_played":"-4003949264615363249","potions_obtained":[{"floor":7,"key":"Strength Potion"},{"floor":10,"key":"Dexterity Potion"},{"floor":11,"key":"Regen Potion"},{"floor":23,"key":"Energy Potion"},{"floor":30,"key":"Strength Potion"}],"is_trial":false,"path_per_floor":["M","M","?","$","?","R","M","$","T","E","M","M","T","M","R","B",null,"M","?","M","$","?","E","M","M","T","R","?","?","E","$","R","B"],"character_chosen":"THE_SILENT","items_purchased":["Footwork","Deflect","War Paint","PiercingWail"],"campfire_rested":3,"item_purchase_floors":[4,4,21,31],"current_hp_per_floor":[43,43,23,23,23,42,42,42,42,28,27,18,18,18,18,17,54,47,47,35,35,35,9,9,5,5,24,3,3,5,5,15,0],"gold":53,"neow_bonus":"THREE_CARDS","is_prod":false,"is_daily":false,"chose_seed":false,"campfire_upgraded":1,"win_rate":0,"timestamp":1559375059,"path_taken":["M","M","?","$","?","R","M","?","T","E","M","?","?","M","R","BOSS","M","?","M","$","?","E","?","M","T","R","?","?","E","$","R","BOSS"],"build_version":"2019-01-23","purchased_purges":0,"victory":false,"max_hp_per_floor":[66,66,66,66,66,66,66,66,66,66,66,66,66,66,66,66,66,66,66,66,66,66,66,66,66,66,66,66,33,35,35,35,35],"card_choices":[{"not_picked":["Bane","Escape Plan"],"picked":"Dagger Throw","floor":0},{"not_picked":["Deadly Poison","Dodge and Roll"],"picked":"Noxious Fumes","floor":1},{"not_picked":["Riddle With Holes","Dagger Throw"],"picked":"Escape Plan","floor":2},{"not_picked":["Dagger Throw","Quick Slash"],"picked":"Backstab","floor":7},{"not_picked":["Quick Slash","Underhanded Strike"],"picked":"Die Die Die","floor":10},{"not_picked":["Deflect","Dodge and Roll"],"picked":"Deadly Poison","floor":11},{"not_picked":["Blade Dance","Underhanded Strike"],"picked":"Bouncing Flask","floor":12},{"not_picked":["Underhanded Strike","Bane"],"picked":"Footwork","floor":14},{"not_picked":["Glass Knife","Unload"],"picked":"Malaise","floor":16},{"not_picked":["Riddle With Holes","Blade Dance","Sucker Punch"],"picked":"SKIP","floor":18},{"not_picked":["Dodge and Roll","Reflex"],"picked":"Crippling Poison+1","floor":20},{"not_picked":["Cloak And Dagger","Deadly Poison"],"picked":"Adrenaline","floor":23},{"not_picked":["Outmaneuver","Sucker Punch"],"picked":"Footwork","floor":24},{"not_picked":["Underhanded Strike","Poisoned Stab"],"picked":"Dodge and Roll","floor":25},{"not_picked":["Slice","Bane","Venomology"],"picked":"Singing Bowl","floor":30}],"player_experience":1048478,"relics_obtained":[{"floor":9,"key":"PreservedInsect"},{"floor":10,"key":"Ginger"},{"floor":13,"key":"Bag of Preparation"},{"floor":23,"key":"Happy Flower"},{"floor":26,"key":"Singing Bowl"},{"floor":28,"key":"Nilry\u0027s Codex"},{"floor":30,"key":"Lantern"}],"event_choices":[{"damage_healed":0,"gold_gain":0,"player_choice":"Entered Light","damage_taken":20,"max_hp_gain":0,"max_hp_loss":0,"event_name":"Shining Light","floor":3,"gold_loss":0,"cards_upgraded":["Strike_G","Defend_G"]},{"damage_healed":0,"gold_gain":0,"player_choice":"Leave","damage_taken":0,"max_hp_gain":0,"max_hp_loss":0,"event_name":"The Cleric","floor":5,"gold_loss":0},{"damage_healed":0,"gold_gain":0,"player_choice":"Ignored","damage_taken":0,"max_hp_gain":0,"max_hp_loss":0,"event_name":"Vampires","floor":19,"gold_loss":0},{"damage_healed":0,"gold_gain":0,"player_choice":"Gave Potion","damage_taken":0,"relics_obtained":["Centennial Puzzle"],"max_hp_gain":0,"max_hp_loss":0,"event_name":"WeMeetAgain","floor":22,"gold_loss":0},{"damage_healed":0,"gold_gain":0,"player_choice":"Obtained Book","damage_taken":21,"max_hp_gain":0,"max_hp_loss":0,"event_name":"Cursed Tome","floor":28,"gold_loss":0},{"damage_healed":0,"gold_gain":0,"player_choice":"Became a Ghost","damage_taken":0,"max_hp_gain":0,"max_hp_loss":33,"event_name":"Ghosts","floor":29,"gold_loss":0,"cards_obtained":["Ghostly","Ghostly","Ghostly"]}],"is_beta":false,"boss_relics":[{"not_picked":["Philosopher\u0027s Stone","Snecko Eye"],"picked":"Fusion Hammer"}],"items_purged_floors":[],"is_endless":false,"potions_floor_spawned":[7,10,11,12,14,23,30],"killed_by":"Collector","ascension_level":20}