{"gold_per_floor":[115,130,130,205,205,205,224,252,252,31,31,47,71,90,90,90],"floor_reached":16,"playtime":1566,"items_purged":[],"score":100,"play_id":"e2685eef-6a34-4ab0-a0f6-ae6d5e3aa8ee","local_time":"20190701231347","is_ascension_mode":false,"campfire_choices":[{"data":"Uppercut","floor":6,"key":"SMITH"},{"data":"Whirlwind","floor":11,"key":"SMITH"},{"data":"Metallicize","floor":15,"key":"SMITH"}],"neow_cost":"TEN_PERCENT_HP_LOSS","seed_source_timestamp":72711396649300,"circlet_count":0,"master_deck":["Strike_R","Strike_R+1","Strike_R","Strike_R+1","Strike_R","Defend_R","Defend_R","Defend_R","Defend_R","Bash","Juggernaut","Uppercut+1","Body Slam","Feel No Pain","Whirlwind+1","Metallicize+1","Shockwave","Intimidate"],"relics":["Burning Blood","CultistMask","WingedGreaves","Bottled Flame","Anchor","Odd Mushroom"],"potions_floor_usage":[16],"damage_taken":[{"damage":6,"enemies":"Cultist","floor":1,"turns":3},{"damage":16,"enemies":"Jaw Worm","floor":2,"turns":4},{"damage":6,"enemies":"2 Louse","floor":7,"turns":3},{"damage":20,"enemies":"Lagavulin","floor":8,"turns":7},{"damage":0,"enemies":"Lots of Slimes","floor":12,"turns":1},{"damage":0,"enemies":"The Mushroom Lair","floor":13,"turns":2},{"damage":8,"enemies":"Large Slime","floor":14,"turns":5},{"damage":34,"enemies":"Hexaghost","floor":16,"turns":12}],"seed_played":"7781332948773841759","potions_obtained":[{"floor":1,"key":"Regen Potion"},{"floor":8,"key":"Energy Potion"},{"floor":13,"key":"AttackPotion"}],"is_trial":false,"path_per_floor":["M","M","?","?","?","R","M","E","T","$","R","M","?","M","R","B"],"character_chosen":"IRONCLAD","items_purchased":["Metallicize","Anchor"],"campfire_rested":0,"item_purchase_floors":[10,10],"current_hp_per_floor":[72,62,48,37,37,37,37,23,23,23,23,29,35,33,33,0],"gold":90,"neow_bonus":"THREE_RARE_CARDS","is_prod":false,"is_daily":false,"chose_seed":false,"campfire_upgraded":3,"win_rate":0,"timestamp":1561990427,"path_taken":["M","M","?","?","?","R","M","E","T","$","R","?","?","M","R","BOSS"],"build_version":"2019-01-23","purchased_purges":0,"victory":false,"max_hp_per_floor":[72,72,72,72,72,72,72,72,72,72,72,72,72,72,72,72],"card_choices":[{"not_picked":["Brutality","Fiend Fire"],"picked":"Juggernaut","floor":0},{"not_picked":["Blood for Blood","Clash"],"picked":"Uppercut","floor":1},{"not_picked":["Second Wind","Wild Strike"],"picked":"Body Slam","floor":2},{"not_picked":["Wild Strike","True Grit"],"picked":"Feel No Pain","floor":7},{"not_picked":["Spot Weakness","Warcry"],"picked":"Whirlwind","floor":8},{"not_picked":["Rampage","Headbutt"],"picked":"Shockwave","floor":12},{"not_picked":["Cleave","Clothesline"],"picked":"Intimidate","floor":14}],"player_experience":1072994,"relics_obtained":[{"floor":8,"key":"WingedGreaves"},{"floor":9,"key":"Bottled Flame"},{"floor":13,"key":"Odd Mushroom"}],"event_choices":[{"damage_healed":0,"gold_gain":0,"player_choice":"Entered Light","damage_taken":14,"max_hp_gain":0,"max_hp_loss":0,"event_name":"Shining Light","floor":3,"gold_loss":0,"cards_upgraded":["Strike_R","Strike_R"]},{"damage_healed":0,"gold_gain":75,"player_choice":"Gather Gold","damage_taken":11,"max_hp_gain":0,"max_hp_loss":0,"event_name":"World of Goop","floor":4,"gold_loss":0},{"damage_healed":0,"gold_gain":0,"player_choice":"Trade","damage_taken":0,"relics_obtained":["CultistMask"],"max_hp_gain":0,"max_hp_loss":0,"event_name":"FaceTrader","floor":5,"gold_loss":0},{"damage_healed":0,"gold_gain":0,"player_choice":"Fought Mushrooms","damage_taken":0,"max_hp_gain":0,"max_hp_loss":0,"event_name":"Mushrooms","floor":13,"gold_loss":0}],"is_beta":false,"boss_relics":[],"items_purged_floors":[],"is_endless":false,"potions_floor_spawned":[1,8,13,14],"killed_by":"Hexaghost","ascension_level":0}