{"gold_per_floor":[119,129,304,254,274,274,274,274,297,372,389,389,409,419,419,522,522,534,534,226,239,257,257,269,269,269,283,20,33,51,76,76,180,180,198,54,54,67,67,67,30,30,53,72,85,85,104,121,121,121],"floor_reached":51,"playtime":1406,"items_purged":["Doubt"],"score":713,"play_id":"8d38bb23-4e8e-4c19-8609-5290d4b99157","local_time":"20190702055335","is_ascension_mode":false,"campfire_choices":[{"data":"Zap","floor":6,"key":"SMITH"},{"data":"Dualcast","floor":8,"key":"SMITH"},{"data":"Consume","floor":12,"key":"SMITH"},{"data":"Buffer","floor":15,"key":"SMITH"},{"data":"Storm","floor":23,"key":"SMITH"},{"data":"Storm","floor":25,"key":"SMITH"},{"data":"Defragment","floor":32,"key":"SMITH"},{"data":"Amplify","floor":40,"key":"SMITH"},{"data":"Machine Learning","floor":42,"key":"SMITH"},{"data":"Biased Cognition","floor":46,"key":"SMITH"},{"floor":49,"key":"REST"}],"neow_cost":"CURSE","seed_source_timestamp":96851866709200,"circlet_count":0,"master_deck":["Zap+1","Dualcast+1","Echo Form","Consume+1","Storm+1","Cold Snap","Hologram","Buffer+1","BootSequence","Electrodynamics","Auto Shields","Turbo","Ball Lightning+1","Cold Snap","Amplify+1","Go for the Eyes+1","Creative AI","Reinforced Body","Loop","Storm+1","BootSequence","Capacitor","Loop","Storm+1","Defragment+1","Biased Cognition+1","Defragment+1","Machine Learning+1","Loop","Capacitor"],"relics":["Cracked Core","Matryoshka","Strawberry","Oddly Smooth Stone","Pandora\u0027s Box","Orichalcum","Membership Card","Lantern","Whetstone","Torii","Runic Capacitor","Mummified Hand","Incense Burner","Inserter","Happy Flower","Bag of Marbles"],"potions_floor_usage":[44,50,50],"damage_taken":[{"damage":6,"enemies":"Jaw Worm","floor":1,"turns":5},{"damage":3,"enemies":"Small Slimes","floor":2,"turns":3},{"damage":0,"enemies":"2 Louse","floor":5,"turns":2},{"damage":7,"enemies":"Red Slaver","floor":11,"turns":3},{"damage":11,"enemies":"Lots of Slimes","floor":13,"turns":6},{"damage":0,"enemies":"Large Slime","floor":14,"turns":4},{"damage":32,"enemies":"The Guardian","floor":16,"turns":12},{"damage":0,"enemies":"Spheric Guardian","floor":18,"turns":4},{"damage":9,"enemies":"2 Thieves","floor":21,"turns":2},{"damage":5,"enemies":"Snake Plant","floor":22,"turns":4},{"damage":12,"enemies":"Centurion and Healer","floor":24,"turns":4},{"damage":0,"enemies":"Chosen and Byrds","floor":27,"turns":3},{"damage":0,"enemies":"3 Cultists","floor":29,"turns":3},{"damage":0,"enemies":"Snecko","floor":30,"turns":3},{"damage":12,"enemies":"Gremlin Leader","floor":31,"turns":3},{"damage":0,"enemies":"Champ","floor":33,"turns":4},{"damage":7,"enemies":"3 Shapes","floor":35,"turns":2},{"damage":0,"enemies":"Orb Walker","floor":38,"turns":2},{"damage":20,"enemies":"Jaw Worm Horde","floor":44,"turns":2},{"damage":0,"enemies":"4 Shapes","floor":45,"turns":2},{"damage":0,"enemies":"3 Darklings","floor":47,"turns":3},{"damage":0,"enemies":"Spire Growth","floor":48,"turns":3},{"damage":25,"enemies":"Time Eater","floor":50,"turns":5}],"seed_played":"2475220569807081105","potions_obtained":[{"floor":2,"key":"Block Potion"},{"floor":11,"key":"SpeedPotion"},{"floor":14,"key":"Weak Potion"},{"floor":21,"key":"FearPotion"},{"floor":27,"key":"PowerPotion"},{"floor":29,"key":"Ancient Potion"},{"floor":44,"key":"AttackPotion"},{"floor":45,"key":"FairyPotion"}],"is_trial":false,"path_per_floor":["M","M","?","?","M","R","T","R","T","?","M","R","M","M","R","B",null,"M","?","$","M","M","R","M","R","T","M","$","M","M","E","R","B",null,"M","$","?","M","$","R","$","R","T","M","M","R","M","M","R","B",null],"character_chosen":"DEFECT","items_purchased":["Membership Card","Lantern","Loop","Runic Capacitor","Mummified Hand","Machine Learning","Happy Flower","Loop"],"campfire_rested":1,"item_purchase_floors":[20,20,28,28,28,36,36,41],"current_hp_per_floor":[69,66,66,66,66,66,66,66,73,62,55,55,44,44,44,12,82,82,82,82,73,68,68,56,56,56,56,56,56,56,44,44,44,82,75,75,67,67,67,67,67,67,67,47,47,47,47,47,71,46],"gold":121,"neow_bonus":"THREE_RARE_CARDS","is_prod":false,"is_daily":false,"chose_seed":false,"campfire_upgraded":10,"win_rate":0,"timestamp":1562014415,"path_taken":["M","M","?","?","M","R","?","R","T","?","M","R","?","M","R","BOSS","M","?","$","?","M","R","M","R","T","M","?","M","M","E","R","BOSS","M","$","?","?","$","R","?","R","T","M","M","R","?","M","R","BOSS"],"build_version":"2019-01-23","purchased_purges":1,"victory":true,"max_hp_per_floor":[75,75,75,75,75,75,75,75,82,82,82,82,82,82,82,82,82,82,82,82,82,82,82,82,82,82,82,82,82,82,82,82,82,82,82,82,82,82,82,82,82,82,82,82,82,82,82,82,82,82],"card_choices":[{"not_picked":["Seek","Creative AI"],"picked":"Echo Form","floor":0},{"not_picked":["Chill","Ball Lightning"],"picked":"Consume","floor":1},{"not_picked":["Leap","Melter"],"picked":"Storm","floor":2},{"not_picked":["Chill","Scrape"],"picked":"Cold Snap","floor":5},{"not_picked":["Beam Cell","Stack"],"picked":"Hologram","floor":11},{"not_picked":["Sweeping Beam","Redo"],"picked":"Buffer","floor":13},{"not_picked":["Force Field","Conserve Battery"],"picked":"BootSequence","floor":14},{"not_picked":["Machine Learning","Amplify"],"picked":"Electrodynamics","floor":16},{"not_picked":["Barrage","Coolheaded"],"picked":"Loop","floor":18},{"not_picked":["Gash","Go for the Eyes","Sweeping Beam"],"picked":"SKIP","floor":21},{"not_picked":["Streamline","Coolheaded+1"],"picked":"Storm","floor":22},{"not_picked":["Recycle+1","Barrage+1"],"picked":"BootSequence","floor":24},{"not_picked":["Hello World","Sweeping Beam+1"],"picked":"Capacitor","floor":27},{"not_picked":["Darkness","Turbo","Steam"],"picked":"SKIP","floor":29},{"not_picked":["Reboot","Stack+1"],"picked":"Storm+1","floor":30},{"not_picked":["Barrage+1","Loop+1"],"picked":"Defragment","floor":31},{"not_picked":["Echo Form","Core Surge"],"picked":"Biased Cognition","floor":33},{"not_picked":["Go for the Eyes+1","Hologram+1"],"picked":"Defragment+1","floor":35},{"not_picked":["Streamline","Auto Shields","Ball Lightning+1"],"picked":"SKIP","floor":38},{"not_picked":["Sunder","Coolheaded","Gash"],"picked":"SKIP","floor":44},{"not_picked":["Barrage+1","Hello World+1"],"picked":"Capacitor","floor":45},{"not_picked":["Genetic Algorithm+1","Turbo+1","Lockon+1"],"picked":"SKIP","floor":47},{"not_picked":["Stack","Scrape+1","Barrage"],"picked":"SKIP","floor":48}],"player_experience":1090472,"relics_obtained":[{"floor":7,"key":"Matryoshka"},{"floor":9,"key":"Strawberry"},{"floor":9,"key":"Oddly Smooth Stone"},{"floor":26,"key":"Whetstone"},{"floor":26,"key":"Torii"},{"floor":31,"key":"Incense Burner"},{"floor":43,"key":"Bag of Marbles"}],"event_choices":[{"damage_healed":0,"gold_gain":175,"player_choice":"AGREE","damage_taken":0,"max_hp_gain":0,"max_hp_loss":0,"event_name":"Liars Game","floor":3,"gold_loss":0,"cards_obtained":["Doubt"]},{"cards_removed":["Pain"],"damage_healed":0,"gold_gain":0,"player_choice":"Card Removal","damage_taken":0,"max_hp_gain":0,"max_hp_loss":0,"event_name":"The Cleric","floor":4,"gold_loss":50},{"damage_healed":0,"gold_gain":75,"player_choice":"Gather Gold","damage_taken":11,"max_hp_gain":0,"max_hp_loss":0,"event_name":"World of Goop","floor":10,"gold_loss":0},{"damage_healed":0,"gold_gain":0,"player_choice":"Gave Potion","damage_taken":0,"relics_obtained":["Orichalcum"],"max_hp_gain":0,"max_hp_loss":0,"event_name":"WeMeetAgain","floor":19,"gold_loss":0},{"damage_healed":0,"gold_gain":0,"player_choice":"Damaged","damage_taken":8,"max_hp_gain":0,"max_hp_loss":0,"event_name":"Wheel of Change","floor":37,"gold_loss":0}],"is_beta":false,"boss_relics":[{"not_picked":["Tiny House","Coffee Dripper"],"picked":"Pandora\u0027s Box"},{"not_picked":["Lizard Tail","Runic Pyramid"],"picked":"Inserter"}],"items_purged_floors":[20],"is_endless":false,"potions_floor_spawned":[2,11,14,16,21,27,29,33,44,45,48],"ascension_level":0}