{"gold_per_floor":[109,284,284,284,304,332,332,358,434,434,449,462,476,102,102,205,205,219,144,111,29,47,72,84,101,124,135,135,135],"floor_reached":29,"playtime":1797,"items_purged":["Doubt"],"score":257,"play_id":"4798c7cf-7b1e-4955-838a-e6fe6977e98f","local_time":"20180928153719","is_ascension_mode":false,"campfire_choices":[{"floor":7,"key":"REST"},{"data":"Armaments","floor":15,"key":"SMITH"},{"floor":28,"key":"REST"}],"neow_cost":"NONE","seed_source_timestamp":5547374567782,"circlet_count":0,"master_deck":["Strike_R","Strike_R","Strike_R+1","Defend_R","Defend_R+1","Defend_R","Defend_R","Bash","Iron Wave","Flex+1","Iron Wave","Armaments+1","Entrench","Inflame","Panacea","Berserk","Armaments+1","Spot Weakness","Intimidate","Battle Trance","Ghostly Armor+1"],"relics":["Burning Blood","Orichalcum","Potion Belt","Sundial","ClockworkSouvenir","White Beast Statue","Oddly Smooth Stone","Lantern"],"potions_floor_usage":[8,23,25,25,27,29,29],"damage_taken":[{"damage":0,"enemies":"Small Slimes","floor":1,"turns":5},{"damage":0,"enemies":"2 Louse","floor":5,"turns":3},{"damage":50,"enemies":"Lagavulin","floor":6,"turns":6},{"damage":1,"enemies":"Gremlin Nob","floor":8,"turns":6},{"damage":6,"enemies":"Jaw Worm","floor":11,"turns":3},{"damage":4,"enemies":"Looter","floor":12,"turns":3},{"damage":10,"enemies":"Exordium Thugs","floor":13,"turns":6},{"damage":16,"enemies":"The Guardian","floor":16,"turns":10},{"damage":7,"enemies":"Spheric Guardian","floor":18,"turns":8},{"damage":25,"enemies":"2 Thieves","floor":20,"turns":5},{"damage":30,"enemies":"Chosen and Byrds","floor":22,"turns":6},{"damage":14,"enemies":"Gremlin Leader","floor":23,"turns":9},{"damage":21,"enemies":"Snake Plant","floor":24,"turns":6},{"damage":28,"enemies":"Cultist and Chosen","floor":25,"turns":8},{"damage":1,"enemies":"Sentry and Sphere","floor":27,"turns":7},{"damage":40,"enemies":"Slavers","floor":29,"turns":6}],"seed_played":"-3337002888332483909","potions_obtained":[{"floor":1,"key":"Energy Potion"},{"floor":3,"key":"EssenceOfSteel"},{"floor":3,"key":"Dexterity Potion"},{"floor":5,"key":"PowerPotion"},{"floor":12,"key":"AttackPotion"},{"floor":13,"key":"Ancient Potion"},{"floor":18,"key":"Energy Potion"},{"floor":20,"key":"FairyPotion"},{"floor":23,"key":"GamblersBrew"},{"floor":24,"key":"Fruit Juice"},{"floor":25,"key":"FearPotion"},{"floor":27,"key":"PowerPotion"}],"is_trial":false,"path_per_floor":["M","?","?","?","M","E","R","E","T","?","M","M","M","$","R","B",null,"M","?","M","$","M","E","M","M","T","M","R"],"character_chosen":"IRONCLAD","items_purchased":["ClockworkSouvenir","Panacea","Spot Weakness"],"campfire_rested":2,"item_purchase_floors":[14,14,21],"current_hp_per_floor":[80,80,80,64,70,26,50,55,55,55,55,57,53,53,53,43,80,79,79,60,60,36,28,13,10,10,15,40,0],"gold":135,"neow_bonus":"REMOVE_CARD","is_prod":false,"is_daily":false,"chose_seed":false,"campfire_upgraded":1,"win_rate":0,"timestamp":1538116639,"path_taken":["M","?","?","?","M","E","R","E","T","?","M","?","M","$","R","BOSS","M","?","M","?","?","E","M","?","T","M","R","E"],"build_version":"2018-09-26v2","purchased_purges":1,"victory":false,"max_hp_per_floor":[80,80,80,80,80,80,80,80,80,80,80,80,80,80,80,80,80,80,80,80,80,80,80,80,85,85,85,85,85],"card_choices":[{"not_picked":["Infernal Blade","True Grit"],"picked":"Iron Wave","floor":1},{"not_picked":["Cleave","Rage"],"picked":"Flex","floor":5},{"not_picked":["True Grit","Carnage","Heavy Blade"],"picked":"SKIP","floor":6},{"not_picked":["Ghostly Armor","Whirlwind"],"picked":"Iron Wave","floor":8},{"not_picked":["Thunderclap","Heavy Blade"],"picked":"Armaments","floor":11},{"not_picked":["Havoc","Clothesline"],"picked":"Entrench","floor":12},{"not_picked":["Rampage","True Grit"],"picked":"Inflame","floor":13},{"not_picked":["Juggernaut","Brutality"],"picked":"Berserk","floor":16},{"not_picked":["Shrug It Off","Clash+1"],"picked":"Armaments+1","floor":18},{"not_picked":["Armaments","Dropkick","Evolve"],"picked":"SKIP","floor":20},{"not_picked":["Thunderclap","Clothesline"],"picked":"Intimidate","floor":22},{"not_picked":["Dual Wield+1","Sentinel+1","Clash"],"picked":"SKIP","floor":23},{"not_picked":["Armaments+1","Ghostly Armor"],"picked":"Battle Trance","floor":24},{"not_picked":["Sword Boomerang","Pommel Strike","Evolve"],"picked":"SKIP","floor":25},{"not_picked":["Heavy Blade","Fire Breathing"],"picked":"Ghostly Armor+1","floor":27}],"player_experience":457451,"relics_obtained":[{"floor":6,"key":"Orichalcum"},{"floor":8,"key":"Potion Belt"},{"floor":9,"key":"Sundial"},{"floor":23,"key":"Oddly Smooth Stone"},{"floor":26,"key":"Lantern"}],"event_choices":[{"event_name":"Liars Game","player_choice":"agreed","floor":2,"damage_taken":0},{"event_name":"The Lab","player_choice":"Got Potions","floor":3,"damage_taken":0},{"event_name":"Shining Light","player_choice":"Entered Light","floor":4,"damage_taken":0},{"event_name":"Accursed Blacksmith","player_choice":"Forge","floor":10,"damage_taken":0},{"event_name":"Beggar","player_choice":"Gave Gold","floor":19,"damage_taken":0}],"is_beta":true,"boss_relics":[{"not_picked":["Black Blood","Coffee Dripper"],"picked":"White Beast Statue"}],"items_purged_floors":[14],"is_endless":false,"potions_floor_spawned":[1,5,12,13,18,20,22,23,24,25,27],"killed_by":"Slavers","ascension_level":0}