{"gold_per_floor":[111,111,186,186,202,202,228,228,228,7,34,46,76,0,0,77,77,88,88,135,60,76,108,108,124,178,178,178,212,50,83,83,160,160,173,448,281,292,303,322,349,349,649,682,93,109,122,156,156,156,156],"floor_reached":51,"playtime":3875,"items_purged":["Regret","Strike_G"],"score":1643,"play_id":"15cea4bf-5aaf-419e-b974-7ee4cea80b33","local_time":"20190609134557","is_ascension_mode":true,"campfire_choices":[{"data":"Neutralize","floor":6.0,"key":"SMITH"},{"data":"Dagger Spray","floor":8.0,"key":"SMITH"},{"floor":15.0,"key":"REST"},{"floor":24.0,"key":"REST"},{"floor":27.0,"key":"REST"},{"floor":32.0,"key":"REST"},{"floor":49.0,"key":"REST"}],"neow_cost":"NONE","seed_source_timestamp":0,"circlet_count":0,"master_deck":["AscendersBane","Defend_G","Defend_G","Defend_G","Defend_G","Defend_G","Strike_G","Strike_G","Strike_G","Survivor","Neutralize+1","Dagger Spray+1","Quick Slash","Deadly Poison","Skewer","Leg Sweep","Envenom","Blur+1","Flying Knee","Quick Slash","Flying Knee+1","Venomology","Crippling Poison","Footwork","Blade Dance","Backflip+1","Cloak And Dagger","Cloak And Dagger+1","Writhe","Finisher","Dodge and Roll","Dark Shackles","Choke","Riddle With Holes+1"],"special_seed":0,"relics":["Ring of the Snake","NeowsBlessing","Matryoshka","Kunai","Anchor","The Specimen","Shuriken","Snecko Eye","Enchiridion","Ancient Tea Set","Centennial Puzzle","Art of War","Tiny Chest","Bag of Marbles","Bronze Scales","Regal Pillow","Philosopher\u0027s Stone","Blood Vial","Old Coin","Mercury Hourglass","Oddly Smooth Stone","Happy Flower","Bag of Preparation"],"potions_floor_usage":[50,50,51],"damage_taken":[{"damage":0.0,"enemies":"Small Slimes","floor":1.0,"turns":1.0},{"damage":0.0,"enemies":"2 Louse","floor":5.0,"turns":1.0},{"damage":0.0,"enemies":"Lagavulin","floor":7.0,"turns":1.0},{"damage":9.0,"enemies":"3 Sentries","floor":11.0,"turns":7.0},{"damage":0.0,"enemies":"Jaw Worm","floor":12.0,"turns":4.0},{"damage":27.0,"enemies":"Gremlin Nob","floor":13.0,"turns":4.0},{"damage":2.0,"enemies":"The Guardian","floor":16.0,"turns":13.0},{"damage":0.0,"enemies":"3 Byrds","floor":18.0,"turns":6.0},{"damage":12.0,"enemies":"Chosen","floor":22.0,"turns":5.0},{"damage":20.0,"enemies":"Book of Stabbing","floor":23.0,"turns":7.0},{"damage":9.0,"enemies":"Snake Plant","floor":25.0,"turns":5.0},{"damage":0.0,"enemies":"Slavers","floor":29.0,"turns":4.0},{"damage":16.0,"enemies":"Book of Stabbing","floor":31.0,"turns":4.0},{"damage":46.0,"enemies":"Automaton","floor":33.0,"turns":12.0},{"damage":6.0,"enemies":"Orb Walker","floor":35.0,"turns":3.0},{"damage":0.0,"enemies":"3 Shapes","floor":38.0,"turns":5.0},{"damage":9.0,"enemies":"Sphere and 2 Shapes","floor":39.0,"turns":5.0},{"damage":11.0,"enemies":"Spire Growth","floor":40.0,"turns":7.0},{"damage":43.0,"enemies":"Reptomancer","floor":41.0,"turns":5.0},{"damage":2.0,"enemies":"Nemesis","floor":44.0,"turns":7.0},{"damage":4.0,"enemies":"3 Darklings","floor":46.0,"turns":3.0},{"damage":0.0,"enemies":"4 Shapes","floor":47.0,"turns":4.0},{"damage":11.0,"enemies":"Reptomancer","floor":48.0,"turns":4.0},{"damage":39,"enemies":"Time Eater","floor":50,"turns":12},{"damage":32,"enemies":"Awakened One","floor":51,"turns":3}],"seed_played":"2387588645526730688","potions_obtained":[{"floor":1.0,"key":"PowerPotion"},{"floor":12.0,"key":"Dexterity Potion"},{"floor":13.0,"key":"Poison Potion"},{"floor":16.0,"key":"Fire Potion"},{"floor":28.0,"key":"Explosive Potion"},{"floor":29.0,"key":"FairyPotion"},{"floor":33.0,"key":"Poison Potion"},{"floor":35.0,"key":"Swift Potion"},{"floor":41.0,"key":"GamblersBrew"},{"floor":47.0,"key":"SpeedPotion"},{"floor":48.0,"key":"Fruit Juice"}],"is_trial":false,"path_per_floor":["M","?","?","?","M","R","E","R","T","$","E","M","E","$","R","B",null,"M","?","T","?","M","E","R","M","T","R","?","E","$","E","R","B",null,"M","?","$","M","M","M","E","?","T","E","$","M","M","E","R","B","B"],"character_chosen":"THE_SILENT","items_purchased":["Anchor","Energy Potion","Leg Sweep","Bronze Scales","Footwork","Blade Dance","Dodge and Roll","Oddly Smooth Stone","Dark Shackles","Happy Flower"],"campfire_rested":5,"item_purchase_floors":[10,10,14,30,37,37,45,45,45,45],"current_hp_per_floor":[59,64,53,53,53,53,53,53,53,53,44,44,17,17,38,36,62,62,41,41,41,29,9,30,21,21,42,42,42,42,26,62,16,57,51,51,51,51,42,46,3,17,17,17,17,15,17,8,44,12,0],"gold":156,"neow_bonus":"THREE_ENEMY_KILL","is_prod":false,"is_daily":false,"chose_seed":false,"campfire_upgraded":2,"win_rate":0,"timestamp":1560077157,"path_taken":["M","?","?","?","M","R","E","R","T","$","E","M","E","?","R","BOSS","M","?","?","?","?","E","R","M","T","R","?","E","?","E","R","BOSS","M","?","$","?","M","M","E","?","T","E","$","M","M","E","R","BOSS","BOSS"],"build_version":"2019-01-23","purchased_purges":2,"victory":false,"max_hp_per_floor":[66,71,71,71,71,71,71,71,71,71,71,71,71,71,71,71,71,71,71,71,71,71,71,71,71,71,71,71,71,71,71,71,71,71,71,71,71,71,71,71,71,71,71,71,71,71,71,71,71,76,76],"card_choices":[{"not_picked":["Accuracy","Deflect","PiercingWail"],"picked":"SKIP","floor":1.0},{"not_picked":["Outmaneuver","Acrobatics"],"picked":"Dagger Spray","floor":5.0},{"not_picked":["Cloak And Dagger","Grand Finale"],"picked":"Quick Slash","floor":7.0},{"not_picked":["Escape Plan","Terror"],"picked":"Deadly Poison","floor":11.0},{"not_picked":["Dagger Throw","Acrobatics","Deadly Poison"],"picked":"SKIP","floor":12.0},{"not_picked":["Reflex","Concentrate"],"picked":"Skewer","floor":13.0},{"not_picked":["Glass Knife","Tools of the Trade"],"picked":"Envenom","floor":16.0},{"not_picked":["Sucker Punch","Outmaneuver"],"picked":"Blur+1","floor":18.0},{"not_picked":["Acrobatics","Endless Agony","Poisoned Stab"],"picked":"SKIP","floor":22.0},{"not_picked":["Deadly Poison","Dagger Throw"],"picked":"Flying Knee","floor":23.0},{"not_picked":["Bane","Prepared"],"picked":"Quick Slash","floor":25.0},{"not_picked":["Dagger Spray","Tools of the Trade","Bane"],"picked":"SKIP","floor":29.0},{"not_picked":["Unload","Masterful Stab"],"picked":"Flying Knee+1","floor":31.0},{"not_picked":["Unload","Grand Finale"],"picked":"Venomology","floor":33.0},{"not_picked":["Blade Dance","Catalyst"],"picked":"Crippling Poison","floor":35.0},{"not_picked":["Setup","Caltrops"],"picked":"Backflip+1","floor":38.0},{"not_picked":["Heel Hook","Setup","Bane"],"picked":"SKIP","floor":39.0},{"not_picked":["Dagger Throw","Dagger Spray"],"picked":"Cloak And Dagger","floor":40.0},{"not_picked":["Underhanded Strike+1","Caltrops+1"],"picked":"Cloak And Dagger+1","floor":41.0},{"not_picked":["Eviscerate","All Out Attack"],"picked":"Finisher","floor":44.0},{"not_picked":["Underhanded Strike","Glass Knife","Dagger Throw+1"],"picked":"SKIP","floor":46.0},{"not_picked":["Cloak And Dagger","Blur"],"picked":"Choke","floor":47.0},{"not_picked":["Escape Plan","Eviscerate"],"picked":"Riddle With Holes+1","floor":48.0}],"player_experience":1069033,"relics_obtained":[{"floor":7.0,"key":"Matryoshka"},{"floor":9.0,"key":"Kunai"},{"floor":11.0,"key":"The Specimen"},{"floor":13.0,"key":"Shuriken"},{"floor":19.0,"key":"Enchiridion"},{"floor":20.0,"key":"Ancient Tea Set"},{"floor":20.0,"key":"Centennial Puzzle"},{"floor":23.0,"key":"Art of War"},{"floor":26.0,"key":"Tiny Chest"},{"floor":29.0,"key":"Bag of Marbles"},{"floor":31.0,"key":"Regal Pillow"},{"floor":41.0,"key":"Blood Vial"},{"floor":43.0,"key":"Old Coin"},{"floor":44.0,"key":"Mercury Hourglass"},{"floor":48.0,"key":"Bag of Preparation"}],"event_choices":[{"damage_healed":0.0,"max_hp_gain":5.0,"max_hp_loss":0.0,"gold_gain":0.0,"event_name":"Big Fish","player_choice":"Donut","floor":2.0,"gold_loss":0.0,"damage_taken":0.0},{"damage_healed":0.0,"max_hp_gain":0.0,"max_hp_loss":0.0,"gold_gain":75.0,"event_name":"World of Goop","player_choice":"Gather Gold","floor":3.0,"gold_loss":0.0,"damage_taken":11.0},{"damage_healed":0.0,"max_hp_gain":0.0,"max_hp_loss":0.0,"gold_gain":0.0,"event_name":"Liars Game","player_choice":"Ignored","floor":4.0,"gold_loss":0.0,"damage_taken":0.0},{"damage_healed":0.0,"max_hp_gain":0.0,"max_hp_loss":0.0,"gold_gain":0.0,"event_name":"Cursed Tome","player_choice":"Obtained Book","floor":19.0,"gold_loss":0.0,"damage_taken":21.0},{"cards_removed":["Strike_G"],"damage_healed":0.0,"max_hp_gain":0.0,"max_hp_loss":0.0,"gold_gain":0.0,"event_name":"Beggar","player_choice":"Gave Gold","floor":21.0,"gold_loss":75.0,"damage_taken":0.0},{"damage_healed":0.0,"max_hp_gain":0.0,"max_hp_loss":0.0,"gold_gain":0.0,"event_name":"Lab","player_choice":"Got Potions","floor":28.0,"gold_loss":0.0,"damage_taken":0.0},{"damage_healed":0.0,"max_hp_gain":0.0,"max_hp_loss":0.0,"gold_gain":275.0,"event_name":"Golden Shrine","player_choice":"Desecrate","floor":36.0,"gold_loss":0.0,"damage_taken":0.0,"cards_obtained":["Regret"]},{"damage_healed":14.0,"max_hp_gain":0.0,"max_hp_loss":0.0,"gold_gain":0.0,"event_name":"Winding Halls","player_choice":"Writhe","floor":42.0,"gold_loss":0.0,"damage_taken":0.0,"cards_obtained":["Writhe"]}],"is_beta":false,"boss_relics":[{"not_picked":["Cursed Key","Busted Crown"],"picked":"Snecko Eye"},{"not_picked":["Tiny House","Pandora\u0027s Box"],"picked":"Philosopher\u0027s Stone"}],"items_purged_floors":[37,45],"is_endless":false,"potions_floor_spawned":[1,12,13,16,18,29,31,33,35,41,47,48],"killed_by":"Awakened One","ascension_level":20}