{"gold_per_floor":[119,119,138,138,138,138,156,156,208,231,255,255,291,4,4,100,100,123,43,56,56,56],"floor_reached":22,"playtime":1053,"items_purged":["Strike_B"],"score":350,"play_id":"60595a3e-c4e4-4239-9b1f-5b58924f9af0","local_time":"20190311223745","is_ascension_mode":true,"campfire_choices":[{"data":"Zap","floor":6.0,"key":"SMITH"},{"data":"Zap","floor":8.0,"key":"SMITH"},{"floor":12.0,"key":"REST"},{"floor":15.0,"key":"REST"}],"neow_cost":"PERCENT_DAMAGE","seed_source_timestamp":0,"circlet_count":0,"master_deck":["AscendersBane","Strike_B","Strike_B","Defend_B","Defend_B","Defend_B","Defend_B","Zap+1","Dualcast","Go for the Eyes","Zap+1","Self Repair","Undo","Steam","Sunder","Apotheosis","Echo Form","Storm"],"special_seed":0,"relics":["Cracked Core","Golden Idol","Boot","Orichalcum","Velvet Choker","Nilry\u0027s Codex"],"potions_floor_usage":[],"damage_taken":[{"damage":10.0,"enemies":"Small Slimes","floor":1.0,"turns":3.0},{"damage":4.0,"enemies":"2 Louse","floor":3.0,"turns":3.0},{"damage":1.0,"enemies":"Cultist","floor":7.0,"turns":4.0},{"damage":18.0,"enemies":"Large Slime","floor":10.0,"turns":5.0},{"damage":23.0,"enemies":"3 Louse","floor":11.0,"turns":3.0},{"damage":29.0,"enemies":"3 Sentries","floor":13.0,"turns":7.0},{"damage":17,"enemies":"The Guardian","floor":16,"turns":12},{"damage":23,"enemies":"Shell Parasite","floor":18,"turns":9},{"damage":22,"enemies":"2 Thieves","floor":19,"turns":4},{"damage":37,"enemies":"Centurion and Healer","floor":20,"turns":8},{"damage":18,"enemies":"Snecko","floor":22,"turns":4}],"seed_played":"-4331458054560305958","potions_obtained":[{"floor":1.0,"key":"PowerPotion"},{"floor":7.0,"key":"Explosive Potion"},{"floor":16,"key":"Fire Potion"}],"is_trial":false,"path_per_floor":["M","?","M","?","?","R","M","R","T","M","M","R","E","$","R","B",null,"M","M","M","?","M"],"character_chosen":"DEFECT","items_purchased":["Apotheosis"],"campfire_rested":2,"item_purchase_floors":[14],"current_hp_per_floor":[50,50,46,39,39,39,38,38,38,27,11,34,12,12,35,25,64,61,49,32,11,0],"gold":56,"neow_bonus":"TWENTY_PERCENT_HP_BONUS","is_prod":false,"is_daily":false,"chose_seed":false,"campfire_upgraded":2,"win_rate":0,"timestamp":1552336665,"path_taken":["M","?","M","?","?","R","M","R","T","M","M","R","E","$","R","BOSS","M","M","?","?","M"],"build_version":"2019-01-23","purchased_purges":1,"victory":false,"max_hp_per_floor":[85,77,77,77,77,77,77,77,77,77,77,77,77,77,77,77,77,77,77,77,77,77],"card_choices":[{"not_picked":["Lockon","Tempest","Skim"],"picked":"SKIP","floor":1.0},{"not_picked":["Hologram","Stack"],"picked":"Go for the Eyes","floor":3.0},{"not_picked":["Conserve Battery","White Noise"],"picked":"Self Repair","floor":7.0},{"not_picked":["Turbo","Steam"],"picked":"Undo","floor":10.0},{"not_picked":["Redo","Barrage"],"picked":"Steam","floor":11.0},{"not_picked":["Barrage","Redo"],"picked":"Sunder","floor":13.0},{"not_picked":["Buffer","All For One"],"picked":"Echo Form","floor":16},{"not_picked":["Tempest","Redo"],"picked":"Storm","floor":18},{"not_picked":["Aggregate","Turbo+1","Rebound+1"],"picked":"SKIP","floor":19},{"not_picked":["Turbo","Compile Driver","Steam"],"picked":"SKIP","floor":20}],"player_experience":909861,"relics_obtained":[{"floor":9.0,"key":"Boot"},{"floor":13.0,"key":"Orichalcum"},{"floor":21,"key":"Nilry\u0027s Codex"}],"event_choices":[{"damage_healed":0.0,"max_hp_gain":0.0,"max_hp_loss":8.0,"gold_gain":0.0,"event_name":"Golden Idol","player_choice":"Lose Max HP","floor":2.0,"gold_loss":0.0,"damage_taken":0.0,"relics_obtained":["Golden Idol"]},{"cards_removed":["Strike_B"],"damage_healed":0.0,"max_hp_gain":0.0,"max_hp_loss":0.0,"gold_gain":0.0,"event_name":"Golden Wing","player_choice":"Card Removal","floor":4.0,"gold_loss":0.0,"damage_taken":7.0},{"damage_healed":0.0,"max_hp_gain":0.0,"max_hp_loss":0.0,"gold_gain":0.0,"event_name":"Match and Keep!","player_choice":"1 cards matched","floor":5.0,"gold_loss":0.0,"damage_taken":0.0,"cards_obtained":["Zap"]},{"damage_healed":0,"gold_gain":0,"player_choice":"Obtained Book","damage_taken":21,"max_hp_gain":0,"max_hp_loss":0,"event_name":"Cursed Tome","floor":21,"gold_loss":0}],"is_beta":false,"boss_relics":[{"not_picked":["Orrery","Coffee Dripper"],"picked":"Velvet Choker"}],"items_purged_floors":[14],"is_endless":false,"potions_floor_spawned":[1,7,16,20],"killed_by":"Snecko","ascension_level":18}