{"gold_per_floor":[111,124,141,156,169,169,188,222,247,282,8,108,139,150,150,227,227,245,23,40,55,67,67,97,97,97,97,117,117],"floor_reached":29,"playtime":1827,"items_purged":[],"score":523,"play_id":"5d58fa79-c6b1-4894-a232-2c738504b3b2","local_time":"20190126153419","is_ascension_mode":true,"campfire_choices":[{"data":"Hologram","floor":6,"key":"SMITH"},{"data":"Beam Cell","floor":15,"key":"SMITH"},{"floor":23,"key":"REST"},{"floor":25,"key":"REST"}],"neow_cost":"NONE","seed_source_timestamp":456262085709900,"circlet_count":0,"master_deck":["AscendersBane","Strike_B","Strike_B","Strike_B","Strike_B","Defend_B","Defend_B","Defend_B","Defend_B","Zap","Dualcast","Streamline","Leap","Beam Cell+1","Hologram+1","Gash","Gash","Gash","Gash","FTL","Core Surge","Undo","Biased Cognition","Capacitor+1","Leap+1","Defragment","Hologram","BootSequence"],"relics":["Cracked Core","Anchor","Strawberry","Lantern","DataDisk","Boot","Cursed Key","ClockworkSouvenir","Potion Belt"],"potions_floor_usage":[5,8,13,13,16,22,22,29],"damage_taken":[{"damage":1,"enemies":"Cultist","floor":1,"turns":4},{"damage":4,"enemies":"Jaw Worm","floor":2,"turns":4},{"damage":1,"enemies":"Small Slimes","floor":3,"turns":3},{"damage":1,"enemies":"Looter","floor":4,"turns":2},{"damage":5,"enemies":"Gremlin Gang","floor":5,"turns":3},{"damage":9,"enemies":"Exordium Wildlife","floor":7,"turns":4},{"damage":21,"enemies":"Gremlin Nob","floor":8,"turns":5},{"damage":15,"enemies":"3 Sentries","floor":10,"turns":6},{"damage":14,"enemies":"Lagavulin","floor":13,"turns":6},{"damage":0,"enemies":"2 Fungi Beasts","floor":14,"turns":3},{"damage":21,"enemies":"The Guardian","floor":16,"turns":9},{"damage":2,"enemies":"Chosen","floor":18,"turns":3},{"damage":2,"enemies":"Spheric Guardian","floor":20,"turns":5},{"damage":1,"enemies":"Snecko","floor":21,"turns":4},{"damage":32,"enemies":"3 Cultists","floor":22,"turns":6},{"damage":51,"enemies":"Gremlin Leader","floor":24,"turns":9},{"damage":24,"enemies":"Chosen and Byrds","floor":28,"turns":6},{"damage":8,"enemies":"Cultist and Chosen","floor":29,"turns":3}],"seed_played":"-2196435902480711211","potions_obtained":[{"floor":1,"key":"SkillPotion"},{"floor":2,"key":"Explosive Potion"},{"floor":4,"key":"Weak Potion"},{"floor":10,"key":"EssenceOfSteel"},{"floor":13,"key":"EssenceOfSteel"},{"floor":16,"key":"Block Potion"},{"floor":20,"key":"AttackPotion"},{"floor":28,"key":"SpeedPotion"}],"is_trial":false,"path_per_floor":["M","M","M","M","M","R","M","E","T","E","$","?","E","M","R","B",null,"M","$","M","M","M","R","E","R","T","?","M","M"],"character_chosen":"DEFECT","items_purchased":["DataDisk","FTL","Regen Potion","ClockworkSouvenir"],"campfire_rested":2,"item_purchase_floors":[11,11,11,19],"current_hp_per_floor":[70,66,65,64,59,59,50,29,36,21,21,21,22,22,22,1,64,62,62,60,59,27,52,1,26,26,26,2,0],"gold":117,"neow_bonus":"TEN_PERCENT_HP_BONUS","is_prod":false,"is_daily":false,"chose_seed":false,"campfire_upgraded":2,"win_rate":0,"timestamp":1548509659,"path_taken":["M","M","M","?","M","R","M","E","T","E","$","?","E","M","R","BOSS","M","$","M","M","M","R","E","R","T","?","M","M"],"build_version":"2019-01-23","purchased_purges":0,"victory":false,"max_hp_per_floor":[78,78,78,78,78,78,78,78,85,85,85,85,85,85,85,85,85,85,85,85,85,85,85,85,85,85,85,85,85],"card_choices":[{"not_picked":["Aggregate","Rip and Tear"],"picked":"Streamline","floor":1},{"not_picked":["Hello World","Stack"],"picked":"Leap","floor":2},{"not_picked":["Compile Driver","Rebound"],"picked":"Beam Cell","floor":3},{"not_picked":["Thunder Strike","Barrage"],"picked":"Hologram","floor":4},{"not_picked":["Stack","Beam Cell"],"picked":"Gash","floor":5},{"not_picked":["Go for the Eyes","Coolheaded"],"picked":"Gash","floor":7},{"not_picked":["Reinforced Body","Blizzard"],"picked":"Gash","floor":8},{"not_picked":["Sweeping Beam","Steam"],"picked":"Gash","floor":10},{"not_picked":["Fusion","Beam Cell"],"picked":"Core Surge","floor":13},{"not_picked":["Redo","Leap"],"picked":"Undo","floor":14},{"not_picked":["Amplify","Reboot"],"picked":"Biased Cognition","floor":16},{"not_picked":["Leap","Steam"],"picked":"Capacitor+1","floor":18},{"not_picked":["Beam Cell","Lockon"],"picked":"Leap+1","floor":20},{"not_picked":["Sweeping Beam","Self Repair"],"picked":"Defragment","floor":21},{"not_picked":["Doom and Gloom","Redo"],"picked":"Hologram","floor":22},{"not_picked":["Heatsinks","Rebound+1"],"picked":"BootSequence","floor":24},{"not_picked":["Beam Cell","Conserve Battery","Capacitor"],"picked":"SKIP","floor":28}],"player_experience":843686,"relics_obtained":[{"floor":8,"key":"Anchor"},{"floor":9,"key":"Strawberry"},{"floor":10,"key":"Lantern"},{"floor":13,"key":"Boot"},{"floor":24,"key":"Potion Belt"}],"event_choices":[{"damage_healed":0,"gold_gain":100,"player_choice":"Gold","damage_taken":0,"max_hp_gain":0,"max_hp_loss":0,"event_name":"Wheel of Change","floor":12,"gold_loss":0},{"damage_healed":0,"gold_gain":0,"player_choice":"0 cards matched","damage_taken":0,"max_hp_gain":0,"max_hp_loss":0,"event_name":"Match and Keep!","floor":27,"gold_loss":0,"cards_obtained":[]}],"is_beta":false,"boss_relics":[{"not_picked":["Black Star","Runic Dome"],"picked":"Cursed Key"}],"items_purged_floors":[],"is_endless":false,"potions_floor_spawned":[1,2,4,10,13,16,20,28],"killed_by":"Cultist and Chosen","ascension_level":17}