{"gold_per_floor":[113,123,298,315,315,315,334,334,334,76,89,106,106,46,46,150,150,160,160,160,259,278,278,278],"floor_reached":24,"playtime":1213,"items_purged":["Strike_G"],"score":205,"play_id":"e8b3ede3-569c-45d8-90ce-4dcb582fa809","local_time":"20190416195209","is_ascension_mode":true,"campfire_choices":[{"floor":6.0,"key":"REST"},{"data":"After Image","floor":8.0,"key":"SMITH"},{"data":"Catalyst","floor":13.0,"key":"SMITH"},{"data":"Noxious Fumes","floor":15.0,"key":"SMITH"},{"data":"Doubt","floor":23.0,"key":"PURGE"}],"neow_cost":"NONE","seed_source_timestamp":1036994439932807,"circlet_count":0,"master_deck":["Defend_G","Defend_G","Defend_G","Defend_G","Strike_G","Strike_G","Strike_G","Strike_G","Survivor","Neutralize","Poisoned Stab","Dagger Spray","Sucker Punch","Catalyst+1","After Image+1","Noxious Fumes+1","Dodge and Roll","Noxious Fumes","Blur","Adrenaline","Footwork"],"special_seed":0,"relics":["Ring of the Snake","Kunai","The Courier","Anchor","Black Star","Peace Pipe"],"potions_floor_usage":[24],"damage_taken":[{"damage":4.0,"enemies":"Jaw Worm","floor":1.0,"turns":5.0},{"damage":0.0,"enemies":"Small Slimes","floor":2.0,"turns":3.0},{"damage":0.0,"enemies":"Cultist","floor":4.0,"turns":3.0},{"damage":3.0,"enemies":"Looter","floor":7.0,"turns":4.0},{"damage":0.0,"enemies":"Exordium Wildlife","floor":11.0,"turns":3.0},{"damage":1.0,"enemies":"Blue Slaver","floor":12.0,"turns":5.0},{"damage":5.0,"enemies":"Slime Boss","floor":16.0,"turns":9.0},{"damage":27.0,"enemies":"2 Thieves","floor":18.0,"turns":5.0},{"damage":13.0,"enemies":"Spheric Guardian","floor":22.0,"turns":4.0},{"damage":56,"enemies":"Slavers","floor":24,"turns":4}],"seed_played":"-864682698771313330","potions_obtained":[{"floor":7.0,"key":"EssenceOfSteel"},{"floor":11.0,"key":"Energy Potion"},{"floor":18.0,"key":"Poison Potion"}],"is_trial":false,"path_per_floor":["M","M","?","M","?","R","M","R","T","$","M","M","R","$","R","B",null,"M","?","?","?","M","R","E"],"character_chosen":"THE_SILENT","items_purchased":["Noxious Fumes","Anchor","Dodge and Roll","Noxious Fumes"],"campfire_rested":1,"item_purchase_floors":[10,10,10,10],"current_hp_per_floor":[66,66,66,66,41,62,59,59,59,59,59,58,58,58,58,53,70,43,66,66,66,53,53,0],"gold":278,"neow_bonus":"TRANSFORM_CARD","is_prod":false,"is_daily":false,"chose_seed":false,"campfire_upgraded":3,"win_rate":0,"timestamp":1555440729,"path_taken":["M","M","?","M","?","R","M","R","T","?","?","M","R","?","R","BOSS","M","?","?","?","M","R","E"],"build_version":"2019-01-23","purchased_purges":1,"victory":false,"max_hp_per_floor":[70,70,70,70,70,70,70,70,70,70,70,70,70,70,70,70,70,70,70,70,70,70,70,70],"card_choices":[{"not_picked":["Poisoned Stab","Bane"],"picked":"Dagger Spray","floor":1.0},{"not_picked":["Heel Hook","Slice"],"picked":"Sucker Punch","floor":2.0},{"not_picked":["Blade Dance","Setup"],"picked":"Catalyst","floor":4.0},{"not_picked":["Outmaneuver","Cloak And Dagger"],"picked":"After Image","floor":7.0},{"not_picked":["Blade Dance","Prepared"],"picked":"Blur","floor":11.0},{"not_picked":["Outmaneuver","Finisher","Riddle With Holes"],"picked":"SKIP","floor":12.0},{"not_picked":["Glass Knife","Venomology"],"picked":"Adrenaline","floor":16.0},{"not_picked":["Flying Knee+1","Terror"],"picked":"Footwork","floor":18.0},{"not_picked":["Accuracy+1","Riddle With Holes","Underhanded Strike+1"],"picked":"SKIP","floor":22.0}],"player_experience":232281,"relics_obtained":[{"floor":9.0,"key":"The Courier"}],"event_choices":[{"damage_healed":0.0,"max_hp_gain":0.0,"max_hp_loss":0.0,"gold_gain":175.0,"event_name":"Liars Game","player_choice":"AGREE","floor":3.0,"gold_loss":0.0,"damage_taken":0.0,"cards_obtained":["Doubt"]},{"damage_healed":0.0,"max_hp_gain":0.0,"max_hp_loss":0.0,"gold_gain":0.0,"event_name":"Scrap Ooze","player_choice":"Success","floor":5.0,"gold_loss":0.0,"damage_taken":25.0,"relics_obtained":["Kunai"]},{"damage_healed":23.0,"max_hp_gain":0.0,"max_hp_loss":0.0,"gold_gain":0.0,"event_name":"The Library","player_choice":"Heal","floor":19.0,"gold_loss":0.0,"damage_taken":0.0},{"damage_healed":0.0,"max_hp_gain":0.0,"max_hp_loss":0.0,"gold_gain":0.0,"event_name":"The Mausoleum","player_choice":"Opened","floor":20.0,"gold_loss":0.0,"damage_taken":0.0,"relics_obtained":["Peace Pipe"]},{"damage_healed":0.0,"max_hp_gain":0.0,"max_hp_loss":0.0,"gold_gain":99.0,"event_name":"Nest","player_choice":"Stole From Cult","floor":21.0,"gold_loss":0.0,"damage_taken":0.0}],"is_beta":false,"boss_relics":[{"not_picked":["Eternal Feather","Calling Bell"],"picked":"Black Star"}],"items_purged_floors":[14],"is_endless":false,"potions_floor_spawned":[7,11,18],"killed_by":"Slavers","ascension_level":2}