{"gold_per_floor":[115,125,125,125,146,146,162,176,247,266,280,55,75,75],"floor_reached":14,"playtime":645,"items_purged":["Regret"],"score":146,"play_id":"c3d9c915-9763-4094-a022-9f5171fcc77a","local_time":"20190612025600","is_ascension_mode":true,"campfire_choices":[{"data":"Neutralize","floor":6,"key":"SMITH"}],"neow_cost":"TEN_PERCENT_HP_LOSS","seed_source_timestamp":1022776222845889,"circlet_count":0,"master_deck":["AscendersBane","Defend_G","Defend_G","Defend_G","Defend_G","Defend_G","Strike_G","Strike_G","Strike_G","Survivor","Neutralize+1","Footwork","Predator","Dagger Spray","Terror","Catalyst","Doppelganger","Deadly Poison","Cloak And Dagger","Storm of Steel","Escape Plan"],"relics":["Ring of the Snake","Tough Bandages","Golden Idol","Bottled Flame"],"potions_floor_usage":[14],"damage_taken":[{"damage":0,"enemies":"Jaw Worm","floor":1,"turns":6},{"damage":2,"enemies":"Small Slimes","floor":2,"turns":3},{"damage":7,"enemies":"2 Louse","floor":5,"turns":3},{"damage":0,"enemies":"Red Slaver","floor":7,"turns":6},{"damage":4,"enemies":"2 Fungi Beasts","floor":8,"turns":5},{"damage":13,"enemies":"Exordium Thugs","floor":10,"turns":8},{"damage":0,"enemies":"3 Louse","floor":11,"turns":2},{"damage":1,"enemies":"Large Slime","floor":13,"turns":7},{"damage":24,"enemies":"Gremlin Gang","floor":14,"turns":3}],"seed_played":"3186534235041853455","potions_obtained":[{"floor":7,"key":"EssenceOfSteel"},{"floor":8,"key":"Ancient Potion"}],"is_trial":false,"path_per_floor":["M","M","?","?","M","R","M","M","T","M","M","$","M","M"],"character_chosen":"THE_SILENT","items_purchased":["Storm of Steel"],"campfire_rested":0,"item_purchase_floors":[12],"current_hp_per_floor":[59,57,57,42,35,35,35,31,31,18,18,18,17,0],"gold":75,"neow_bonus":"TRANSFORM_TWO_CARDS","is_prod":false,"is_daily":false,"chose_seed":false,"campfire_upgraded":1,"win_rate":0,"timestamp":1560275760,"path_taken":["M","M","?","?","M","R","M","M","T","M","?","$","M","M"],"build_version":"2019-01-23","purchased_purges":1,"victory":false,"max_hp_per_floor":[60,60,60,60,60,60,60,60,60,60,60,60,60,60],"card_choices":[{"not_picked":["Dagger Throw","Sucker Punch"],"picked":"Dagger Spray","floor":1},{"not_picked":["Dagger Spray","Sucker Punch"],"picked":"Terror","floor":2},{"not_picked":["Outmaneuver","Cloak And Dagger"],"picked":"Catalyst","floor":5},{"not_picked":["Crippling Poison","Poisoned Stab"],"picked":"Doppelganger","floor":7},{"not_picked":["Flying Knee","Slice","Poisoned Stab"],"picked":"SKIP","floor":8},{"not_picked":["Backstab","Reflex"],"picked":"Deadly Poison","floor":10},{"not_picked":["Poisoned Stab","Blade Dance"],"picked":"Cloak And Dagger","floor":11},{"not_picked":["Poisoned Stab","Acrobatics"],"picked":"Escape Plan","floor":13}],"player_experience":1027099,"relics_obtained":[{"floor":9,"key":"Bottled Flame"}],"event_choices":[{"damage_healed":0,"gold_gain":0,"player_choice":"Box","damage_taken":0,"relics_obtained":["Tough Bandages"],"max_hp_gain":0,"max_hp_loss":0,"event_name":"Big Fish","floor":3,"gold_loss":0,"cards_obtained":["Regret"]},{"damage_healed":0,"gold_gain":0,"player_choice":"Take Damage","damage_taken":15,"relics_obtained":["Golden Idol"],"max_hp_gain":0,"max_hp_loss":0,"event_name":"Golden Idol","floor":4,"gold_loss":0}],"is_beta":false,"boss_relics":[],"items_purged_floors":[12],"is_endless":false,"potions_floor_spawned":[7,8,13],"killed_by":"Gremlin Gang","ascension_level":14}