{"gold_per_floor":[119,194,194,209,134,162,174,207,231,231],"floor_reached":10,"playtime":535,"items_purged":["Strike_G"],"score":152,"play_id":"0e0e14ef-4f2d-422d-9297-3e9fffd6bee9","local_time":"20190620192537","is_ascension_mode":true,"campfire_choices":[],"neow_cost":"NONE","seed_source_timestamp":641697318919400,"circlet_count":0,"master_deck":["AscendersBane","Defend_G","Defend_G","Defend_G","Defend_G","Defend_G","Strike_G","Strike_G","Strike_G","Strike_G","Survivor","Neutralize","Poisoned Stab+1","Adrenaline","Backflip","Dodge and Roll"],"special_seed":0,"relics":["Ring of the Snake","Oddly Smooth Stone","PreservedInsect","Potion Belt"],"potions_floor_usage":[8],"damage_taken":[{"damage":1.0,"enemies":"2 Louse","floor":1.0,"turns":3.0},{"damage":7.0,"enemies":"Small Slimes","floor":4.0,"turns":4.0},{"damage":26.0,"enemies":"Lagavulin","floor":6.0,"turns":9.0},{"damage":0,"enemies":"Jaw Worm","floor":7,"turns":3},{"damage":10,"enemies":"3 Sentries","floor":8,"turns":8},{"damage":6,"enemies":"Lots of Slimes","floor":10,"turns":2}],"seed_played":"-6520359702786239752","potions_obtained":[{"floor":0.0,"key":"SteroidPotion"},{"floor":0.0,"key":"Weak Potion"},{"floor":7,"key":"AttackPotion"}],"is_trial":false,"path_per_floor":["M","?","?","M","$","E","M","E","T","M"],"character_chosen":"THE_SILENT","items_purchased":[],"campfire_rested":0,"item_purchase_floors":[],"current_hp_per_floor":[58,47,47,40,40,14,14,4,4,0],"gold":231,"neow_bonus":"THREE_SMALL_POTIONS","is_prod":false,"is_daily":false,"chose_seed":false,"campfire_upgraded":0,"win_rate":0,"timestamp":1561047937,"path_taken":["M","?","?","M","$","E","M","E","T","M"],"build_version":"2019-01-23","purchased_purges":1,"victory":false,"max_hp_per_floor":[66,66,66,66,66,66,66,66,66,66],"card_choices":[{"not_picked":["Deflect","Prepared"],"picked":"Poisoned Stab","floor":1.0},{"not_picked":["Dagger Throw","Deadly Poison"],"picked":"Adrenaline","floor":4.0},{"not_picked":["Setup","Distraction","PiercingWail"],"picked":"SKIP","floor":6.0},{"not_picked":["PiercingWail","Accuracy"],"picked":"Backflip","floor":7},{"not_picked":["Prepared","Riddle With Holes"],"picked":"Dodge and Roll","floor":8}],"player_experience":1148579,"relics_obtained":[{"floor":6.0,"key":"Oddly Smooth Stone"},{"floor":8,"key":"PreservedInsect"},{"floor":9,"key":"Potion Belt"}],"event_choices":[{"damage_healed":0.0,"max_hp_gain":0.0,"max_hp_loss":0.0,"gold_gain":75.0,"event_name":"World of Goop","player_choice":"Gather Gold","floor":2.0,"gold_loss":0.0,"damage_taken":11.0},{"damage_healed":0.0,"max_hp_gain":0.0,"max_hp_loss":0.0,"gold_gain":0.0,"event_name":"Living Wall","player_choice":"Grow","floor":3.0,"gold_loss":0.0,"damage_taken":0.0,"cards_upgraded":["Poisoned Stab"]}],"is_beta":false,"boss_relics":[],"items_purged_floors":[5],"is_endless":false,"potions_floor_spawned":[1,4,7],"killed_by":"Lots of Slimes","ascension_level":20}