{"gold_per_floor":[114,17,30,47,47,47,80,80,80,107,107,167,181,201,201,273,273,289,289,51,62,62,93,93,122,122,122,132,132,152,177,177,177],"floor_reached":33,"playtime":2179,"items_purged":[],"score":656,"play_id":"20bc390b-3d3a-4b38-9cce-cba62d9640dd","local_time":"20190519160058","is_ascension_mode":true,"campfire_choices":[{"data":"Bash","floor":6.0,"key":"SMITH"},{"data":"Battle Trance","floor":8.0,"key":"SMITH"},{"data":"Offering","floor":11.0,"key":"SMITH"},{"floor":15.0,"key":"REST"},{"floor":24,"key":"REST"},{"data":"Limit Break","floor":27,"key":"SMITH"},{"floor":29,"key":"REST"},{"data":"Disarm","floor":32,"key":"SMITH"}],"neow_cost":"NONE","seed_source_timestamp":0,"circlet_count":0,"master_deck":["AscendersBane","Strike_R+1","Strike_R+1","Strike_R+1","Strike_R+1","Strike_R+1","Defend_R+1","Defend_R+1","Defend_R+1","Defend_R+1","Bash+1","Disarm","Combust","Shrug It Off","Armaments","Rupture","Battle Trance+1","Offering+1","Thunderclap","Limit Break+1","Disarm+1","Corruption","Headbutt","Shockwave+1","Anger","Headbutt","Sword Boomerang","Fiend Fire"],"special_seed":0,"relics":["Burning Blood","Strawberry","Sundial","Champion Belt","Tiny Chest","Cursed Key","Omamori","Bottled Lightning","Du-Vu Doll","Vajra","Prayer Wheel","Red Mask"],"potions_floor_usage":[23],"damage_taken":[{"damage":8.0,"enemies":"2 Louse","floor":1.0,"turns":2.0},{"damage":2.0,"enemies":"Jaw Worm","floor":3.0,"turns":6.0},{"damage":1.0,"enemies":"Cultist","floor":4.0,"turns":4.0},{"damage":21.0,"enemies":"3 Sentries","floor":7.0,"turns":6.0},{"damage":33.0,"enemies":"Gremlin Nob","floor":10.0,"turns":4.0},{"damage":9.0,"enemies":"Lagavulin","floor":12.0,"turns":6.0},{"damage":10.0,"enemies":"Exordium Wildlife","floor":13.0,"turns":4.0},{"damage":10.0,"enemies":"3 Louse","floor":14.0,"turns":4.0},{"damage":17.0,"enemies":"The Guardian","floor":16.0,"turns":10.0},{"damage":11,"enemies":"Chosen","floor":18,"turns":4},{"damage":15,"enemies":"Spheric Guardian","floor":21,"turns":6},{"damage":16,"enemies":"Gremlin Leader","floor":23,"turns":6},{"damage":35,"enemies":"Book of Stabbing","floor":25,"turns":6},{"damage":20,"enemies":"Shelled Parasite and Fungi","floor":28,"turns":6},{"damage":1,"enemies":"Snake Plant","floor":30,"turns":3},{"damage":30,"enemies":"Masked Bandits","floor":31,"turns":4},{"damage":41,"enemies":"Champ","floor":33,"turns":7}],"seed_played":"-2470854779334982369","potions_obtained":[{"floor":0.0,"key":"Fruit Juice"},{"floor":0.0,"key":"SkillPotion"},{"floor":0.0,"key":"Swift Potion"},{"floor":3.0,"key":"PowerPotion"},{"floor":18,"key":"SkillPotion"},{"floor":30,"key":"Dexterity Potion"}],"is_trial":false,"path_per_floor":["M","$","M","M","?","R","E","R","T","E","R","E","M","M","R","B",null,"M","?","$","M","T","E","R","E","T","R","M","R","M","?","R","B"],"character_chosen":"IRONCLAD","items_purchased":["Combust","Shrug It Off","Omamori","Corruption"],"campfire_rested":3,"item_purchase_floors":[2,2,20,20],"current_hp_per_floor":[71,71,75,80,56,56,48,48,48,21,21,18,14,10,36,25,72,67,67,67,58,58,48,74,45,45,45,31,57,62,38,38,0],"gold":177,"neow_bonus":"THREE_SMALL_POTIONS","is_prod":false,"is_daily":false,"chose_seed":false,"campfire_upgraded":5,"win_rate":0,"timestamp":1558270858,"path_taken":["M","$","M","M","?","R","E","R","T","E","R","E","M","M","R","BOSS","M","?","$","M","?","E","R","E","T","R","M","R","M","?","R","BOSS"],"build_version":"2019-01-23","purchased_purges":0,"victory":false,"max_hp_per_floor":[80,80,80,80,80,80,87,87,87,87,87,87,87,87,87,87,87,87,87,87,87,87,87,87,87,87,87,87,87,87,87,87,87],"card_choices":[{"not_picked":["Hemokinesis","Clash"],"picked":"Disarm","floor":1.0},{"not_picked":["Thunderclap","Headbutt"],"picked":"Armaments","floor":3.0},{"not_picked":["Fire Breathing","Burning Pact"],"picked":"Rupture","floor":4.0},{"not_picked":["Body Slam","Hemokinesis"],"picked":"Battle Trance","floor":7.0},{"not_picked":["Warcry","Headbutt"],"picked":"Offering","floor":10.0},{"not_picked":["Power Through","True Grit","Wild Strike"],"picked":"SKIP","floor":12.0},{"not_picked":["Pommel Strike","Clothesline","Flex"],"picked":"SKIP","floor":13.0},{"not_picked":["Intimidate","Pommel Strike"],"picked":"Thunderclap","floor":14.0},{"not_picked":["Dark Embrace","Bludgeon"],"picked":"Limit Break","floor":16.0},{"not_picked":["Headbutt","Reckless Charge"],"picked":"Disarm","floor":18},{"not_picked":["Clash","Clothesline"],"picked":"Headbutt","floor":21},{"not_picked":["Whirlwind","Perfected Strike"],"picked":"Shockwave+1","floor":23},{"not_picked":["Clash","Bludgeon"],"picked":"Anger","floor":25},{"not_picked":["Perfected Strike","Havoc"],"picked":"Headbutt","floor":28},{"not_picked":["Evolve","Cleave","Flex"],"picked":"SKIP","floor":28},{"not_picked":["Havoc","Seeing Red"],"picked":"Sword Boomerang","floor":30},{"not_picked":["Headbutt","Armaments","Body Slam"],"picked":"SKIP","floor":30},{"not_picked":["Havoc","Clothesline"],"picked":"Fiend Fire","floor":31}],"player_experience":1020944,"relics_obtained":[{"floor":7.0,"key":"Strawberry"},{"floor":9.0,"key":"Sundial"},{"floor":10.0,"key":"Champion Belt"},{"floor":12.0,"key":"Tiny Chest"},{"floor":22,"key":"Bottled Lightning"},{"floor":23,"key":"Du-Vu Doll"},{"floor":25,"key":"Vajra"},{"floor":26,"key":"Prayer Wheel"},{"floor":31,"key":"Red Mask"}],"event_choices":[{"damage_healed":0.0,"max_hp_gain":0.0,"max_hp_loss":0.0,"gold_gain":0.0,"event_name":"Shining Light","player_choice":"Entered Light","floor":5.0,"gold_loss":0.0,"damage_taken":24.0,"cards_upgraded":["Defend_R","Defend_R"]},{"damage_healed":0,"gold_gain":0,"player_choice":"Simplicity","damage_taken":0,"max_hp_gain":0,"max_hp_loss":0,"event_name":"Back to Basics","floor":19,"gold_loss":0,"cards_upgraded":["Strike_R","Strike_R","Strike_R","Strike_R","Strike_R","Defend_R","Defend_R"]},{"damage_healed":0,"gold_gain":0,"player_choice":"Fought Bandits","damage_taken":0,"max_hp_gain":0,"max_hp_loss":0,"event_name":"Masked Bandits","floor":31,"gold_loss":0}],"is_beta":false,"boss_relics":[{"not_picked":["Empty Cage","Philosopher\u0027s Stone"],"picked":"Cursed Key"}],"items_purged_floors":[],"is_endless":false,"potions_floor_spawned":[1,3,4,7,18,30],"killed_by":"Champ","ascension_level":20}