{"gold_per_floor":[117,32,42,56,75,103,103,28,97,97,112,139,155,155],"floor_reached":14,"playtime":563,"items_purged":["Strike_B"],"score":194,"play_id":"5033809f-9b3d-4b21-98ab-b5f89c677644","local_time":"20190313155649","is_ascension_mode":true,"campfire_choices":[{"data":"Sunder","floor":7,"key":"SMITH"}],"neow_cost":"NONE","seed_source_timestamp":1545368940473200,"circlet_count":0,"master_deck":["AscendersBane","Strike_B","Strike_B","Strike_B","Defend_B","Defend_B+1","Defend_B","Defend_B","Zap+1","Dualcast","Defragment","Defragment","Ball Lightning","Coolheaded","Sunder+1","Cold Snap","Undo"],"relics":["Cracked Core","NeowsBlessing","Peace Pipe","Darkstone Periapt","Bag of Marbles","War Paint"],"potions_floor_usage":[11],"damage_taken":[{"damage":0,"enemies":"Cultist","floor":1,"turns":1},{"damage":0,"enemies":"2 Louse","floor":3,"turns":1},{"damage":0,"enemies":"Jaw Worm","floor":4,"turns":1},{"damage":4,"enemies":"Exordium Wildlife","floor":5,"turns":4},{"damage":17,"enemies":"Lagavulin","floor":6,"turns":7},{"damage":16,"enemies":"Lots of Slimes","floor":11,"turns":4},{"damage":24,"enemies":"Gremlin Nob","floor":12,"turns":4},{"damage":1,"enemies":"Gremlin Gang","floor":13,"turns":4},{"damage":16,"enemies":"Large Slime","floor":14,"turns":1}],"seed_played":"-5045126063519794966","potions_obtained":[{"floor":1,"key":"GamblersBrew"},{"floor":3,"key":"Swift Potion"},{"floor":6,"key":"Strength Potion"}],"is_trial":false,"path_per_floor":["M","$","M","M","M","E","R","$","T","?","M","E","M","M"],"character_chosen":"DEFECT","items_purchased":["Defragment"],"campfire_rested":0,"item_purchase_floors":[2],"current_hp_per_floor":[64,64,64,64,60,43,43,43,43,43,27,3,2,0],"gold":155,"neow_bonus":"THREE_ENEMY_KILL","is_prod":false,"is_daily":false,"chose_seed":false,"campfire_upgraded":1,"win_rate":0,"timestamp":1552485409,"path_taken":["M","$","?","M","M","E","R","$","T","?","M","E","M","M"],"build_version":"2019-01-23","purchased_purges":1,"victory":false,"max_hp_per_floor":[71,71,71,71,71,71,71,71,71,71,71,71,71,71],"card_choices":[{"not_picked":["Turbo","Heatsinks"],"picked":"Defragment","floor":1},{"not_picked":["Stack","Beam Cell"],"picked":"Ball Lightning","floor":3},{"not_picked":["Beam Cell","Redo"],"picked":"Coolheaded","floor":4},{"not_picked":["Hologram","Melter"],"picked":"Sunder","floor":5},{"not_picked":["Heatsinks","Barrage"],"picked":"Cold Snap","floor":6},{"not_picked":["BootSequence","Aggregate","Tempest"],"picked":"SKIP","floor":11},{"not_picked":["Rip and Tear","Sweeping Beam"],"picked":"Undo","floor":12},{"not_picked":["Chaos","Static Discharge","White Noise"],"picked":"SKIP","floor":13}],"player_experience":912678,"relics_obtained":[{"floor":6,"key":"Peace Pipe"},{"floor":9,"key":"Darkstone Periapt"},{"floor":12,"key":"War Paint"}],"event_choices":[{"damage_healed":0,"gold_gain":0,"player_choice":"Gave Potion","damage_taken":0,"relics_obtained":["Bag of Marbles"],"max_hp_gain":0,"max_hp_loss":0,"event_name":"WeMeetAgain","floor":10,"gold_loss":0}],"is_beta":false,"boss_relics":[],"items_purged_floors":[8],"is_endless":false,"potions_floor_spawned":[1,3,6],"killed_by":"Large Slime","ascension_level":18}