{"gold_per_floor":[117,137,137,162,162,162,76,116,116,130,143,68,68,86,86,184,184,205,243,243,261,176,176,200,200,224,126,161,161,194,214,214,303,303,317,342,357,70,94,94,94],"floor_reached":41,"playtime":2838,"items_purged":["Strike_G"],"score":940,"play_id":"1120d08d-7616-4af4-8be1-abefb0ca1a3e","local_time":"20190117211101","is_ascension_mode":true,"campfire_choices":[{"data":"Deadly Poison","floor":6,"key":"SMITH"},{"data":"Malaise","floor":13,"key":"SMITH"},{"data":"Neutralize","floor":15,"key":"SMITH"},{"data":"Noxious Fumes","floor":23,"key":"SMITH"},{"floor":25,"key":"REST"},{"floor":29,"key":"REST"},{"floor":32,"key":"REST"},{"floor":40,"key":"REST"}],"neow_cost":"NONE","seed_source_timestamp":343166270227500,"circlet_count":0,"master_deck":["AscendersBane","Defend_G","Defend_G","Defend_G","Defend_G","Defend_G","Strike_G","Strike_G","Survivor","Neutralize+1","Quick Slash","Deadly Poison+1","Footwork","Deflect","Well Laid Plans","Malaise+1","Deflect","Caltrops","Corpse Explosion","Dodge and Roll","Sucker Punch","Noxious Fumes+1","Outmaneuver","Burst","Backflip","Footwork","Backflip","Catalyst","Night Terror","Noxious Fumes+1","Burst","Sucker Punch+1","Apotheosis","Crippling Poison"],"relics":["Ring of the Snake","Golden Idol","Letter Opener","Art of War","Paper Crane","Orrery","Red Mask","Molten Egg 2","Happy Flower","Gambling Chip","Dodecahedron","Fusion Hammer"],"potions_floor_usage":[8,19,24,39,39],"damage_taken":[{"damage":3,"enemies":"Cultist","floor":1,"turns":4},{"damage":2,"enemies":"Small Slimes","floor":2,"turns":4},{"damage":2,"enemies":"Jaw Worm","floor":4,"turns":5},{"damage":9,"enemies":"3 Sentries","floor":8,"turns":12},{"damage":14,"enemies":"Gremlin Gang","floor":10,"turns":5},{"damage":0,"enemies":"3 Louse","floor":11,"turns":4},{"damage":2,"enemies":"Red Slaver","floor":14,"turns":4},{"damage":0,"enemies":"Hexaghost","floor":16,"turns":13},{"damage":6,"enemies":"Shell Parasite","floor":18,"turns":6},{"damage":19,"enemies":"Masked Bandits","floor":19,"turns":4},{"damage":5,"enemies":"3 Byrds","floor":21,"turns":3},{"damage":0,"enemies":"3 Cultists","floor":24,"turns":3},{"damage":16,"enemies":"Slavers","floor":28,"turns":5},{"damage":8,"enemies":"Gremlin Leader","floor":30,"turns":6},{"damage":5,"enemies":"Centurion and Healer","floor":31,"turns":6},{"damage":27,"enemies":"Champ","floor":33,"turns":13},{"damage":9,"enemies":"3 Shapes","floor":35,"turns":3},{"damage":2,"enemies":"Orb Walker","floor":36,"turns":3},{"damage":21,"enemies":"Spire Growth","floor":37,"turns":6},{"damage":16,"enemies":"Jaw Worm Horde","floor":39,"turns":4},{"damage":26,"enemies":"4 Shapes","floor":41,"turns":2}],"seed_played":"-6965977404576423830","potions_obtained":[{"floor":2,"key":"EssenceOfSteel"},{"floor":10,"key":"Fire Potion"},{"floor":11,"key":"Swift Potion"},{"floor":21,"key":"FearPotion"},{"floor":28,"key":"Weak Potion"},{"floor":31,"key":"PowerPotion"}],"is_trial":false,"path_per_floor":["M","M","?","M","?","R","?","E","T","M","M","$","R","M","R","B",null,"M","?","?","M","?","R","M","R","T","$","E","R","E","M","R","B",null,"M","M","M","$","M","R","M"],"character_chosen":"THE_SILENT","items_purchased":["Footwork","Backflip","Apotheosis","Crippling Poison"],"campfire_rested":4,"item_purchase_floors":[27,27,38,38],"current_hp_per_floor":[56,54,54,52,45,45,45,36,36,22,22,22,22,20,20,20,50,44,25,25,20,20,20,20,38,38,38,22,40,32,27,45,18,50,41,39,18,18,2,20,0],"gold":94,"neow_bonus":"TRANSFORM_CARD","is_prod":false,"is_daily":false,"chose_seed":false,"campfire_upgraded":4,"win_rate":0,"timestamp":1547752261,"path_taken":["M","M","?","M","?","R","?","E","T","M","M","$","R","M","R","BOSS","M","?","?","M","?","R","?","R","T","$","E","R","E","M","R","BOSS","M","M","?","$","M","R","M"],"build_version":"2019-01-10","purchased_purges":1,"victory":false,"max_hp_per_floor":[66,66,60,60,60,60,60,60,60,60,60,60,60,60,60,60,60,60,60,60,60,60,60,60,60,60,60,60,60,60,60,60,60,60,60,60,60,60,60,60,60],"card_choices":[{"not_picked":["Deflect","Blade Dance"],"picked":"Deadly Poison","floor":1},{"not_picked":["Dagger Throw","Flying Knee"],"picked":"Footwork","floor":2},{"not_picked":["Riddle With Holes","Reflex"],"picked":"Deflect","floor":4},{"not_picked":["Deadly Poison","Reflex"],"picked":"Well Laid Plans","floor":8},{"not_picked":["Infinite Blades","Dagger Spray"],"picked":"Malaise","floor":10},{"not_picked":["Bane","Masterful Stab"],"picked":"Deflect","floor":11},{"not_picked":["Tactician","Dodge and Roll"],"picked":"Caltrops","floor":14},{"not_picked":["Tools of the Trade","Malaise"],"picked":"Corpse Explosion","floor":16},{"not_picked":["Calculated Gamble","Prepared"],"picked":"Dodge and Roll","floor":17},{"not_picked":["PiercingWail","Skewer"],"picked":"Sucker Punch","floor":17},{"not_picked":["Deadly Poison","Riddle With Holes"],"picked":"Noxious Fumes","floor":17},{"not_picked":["Slice","Cloak And Dagger"],"picked":"Outmaneuver","floor":17},{"not_picked":["Deflect","Slice"],"picked":"Burst","floor":17},{"not_picked":["PiercingWail","Slice"],"picked":"Backflip","floor":18},{"not_picked":["Concentrate","Cloak And Dagger","Deflect"],"picked":"SKIP","floor":21},{"not_picked":["Caltrops+1","Underhanded Strike+1","Accuracy+1"],"picked":"SKIP","floor":24},{"not_picked":["Sucker Punch+1","Poisoned Stab+1"],"picked":"Catalyst","floor":28},{"not_picked":["Prepared","Dodge and Roll"],"picked":"Night Terror","floor":30},{"not_picked":["Slice+1","Accuracy"],"picked":"Noxious Fumes+1","floor":31},{"not_picked":["Tools of the Trade","Night Terror"],"picked":"Burst","floor":33},{"not_picked":["Slice+1","Quick Slash+1","Blade Dance"],"picked":"SKIP","floor":35},{"not_picked":["Setup","Dagger Throw+1","Skewer+1"],"picked":"SKIP","floor":36},{"not_picked":["Dagger Spray+1","Underhanded Strike+1"],"picked":"Sucker Punch+1","floor":37},{"not_picked":["Underhanded Strike+1","Expertise","Masterful Stab+1"],"picked":"SKIP","floor":39}],"player_experience":820263,"relics_obtained":[{"floor":8,"key":"Art of War"},{"floor":9,"key":"Paper Crane"},{"floor":19,"key":"Red Mask"},{"floor":26,"key":"Happy Flower"},{"floor":28,"key":"Gambling Chip"},{"floor":30,"key":"Dodecahedron"}],"event_choices":[{"damage_healed":0,"gold_gain":0,"player_choice":"Lose Max HP","damage_taken":0,"relics_obtained":["Golden Idol"],"max_hp_gain":0,"max_hp_loss":6,"event_name":"Golden Idol","floor":3,"gold_loss":0},{"cards_removed":["Strike_G"],"damage_healed":0,"gold_gain":0,"player_choice":"Card Removal","damage_taken":7,"max_hp_gain":0,"max_hp_loss":0,"event_name":"Golden Wing","floor":5,"gold_loss":0},{"damage_healed":0,"gold_gain":0,"player_choice":"Paid Gold","damage_taken":0,"relics_obtained":["Letter Opener"],"max_hp_gain":0,"max_hp_loss":0,"event_name":"WeMeetAgain","floor":7,"gold_loss":86},{"damage_healed":0,"gold_gain":0,"player_choice":"Fought Bandits","damage_taken":0,"max_hp_gain":0,"max_hp_loss":0,"event_name":"Masked Bandits","floor":19,"gold_loss":0},{"damage_healed":0,"gold_gain":0,"player_choice":"Ignored","damage_taken":0,"max_hp_gain":0,"max_hp_loss":0,"event_name":"Vampires","floor":20,"gold_loss":0},{"damage_healed":0,"gold_gain":0,"player_choice":"Obtained Relic","damage_taken":0,"relics_obtained":["Molten Egg 2"],"max_hp_gain":0,"max_hp_loss":0,"event_name":"Addict","floor":22,"gold_loss":85}],"is_beta":false,"boss_relics":[{"not_picked":["Ring of the Serpent","White Beast Statue"],"picked":"Orrery"},{"not_picked":["Philosopher\u0027s Stone","Runic Dome"],"picked":"Fusion Hammer"}],"items_purged_floors":[12],"is_endless":false,"potions_floor_spawned":[2,10,11,14,21,28,31,37],"killed_by":"4 Shapes","ascension_level":17}