{"path_per_floor":["M","M","M","$","?","R","?","R","T","M","?","M","M","M","R","B",null,"M","M","?","?"],"character_chosen":"IRONCLAD","items_purchased":["Trip","Twin Strike"],"gold_per_floor":[109,120,138,11,11,11,11,11,11,29,29,42,55,78,78,208,208,221,239,239,329,329],"floor_reached":22,"campfire_rested":2,"playtime":1446,"current_hp_per_floor":[70,62,55,55,55,80,60,64,64,64,64,64,53,42,72,56,80,57,53,40,16,0],"items_purged":[],"gold":329,"score":204,"play_id":"ef28d96b-c2a2-4474-83d6-6ecfa4979383","local_time":"20180412154656","is_prod":false,"is_daily":false,"is_ascension_mode":false,"campfire_upgraded":1,"timestamp":1523515616,"path_taken":["M","M","M","?","?","R","?","R","T","M","?","?","M","M","R","BOSS","M","M","?","?","M"],"build_version":"2018-04-05v2","purchased_purges":0,"victory":false,"master_deck":["Strike_R","Strike_R","Strike_R","Strike_R","Strike_R","Defend_R","Defend_R","Bash","Inflame+1","Shrug It Off","Dropkick","Trip","Twin Strike","Cleave","Inflame","Bludgeon","Perfected Strike","Twin Strike","Pommel Strike","Brutality","Armaments","Warcry+1","Armaments+1","Ghostly","Ghostly","Ghostly","Ghostly","Ghostly","Purity"],"max_hp_per_floor":[80,80,80,80,80,80,80,80,80,80,80,80,80,80,80,80,80,80,80,40,40,40],"relics":["Eternal Feather","Golden Idol","Orichalcum","Orrery"],"card_choices":[{"not_picked":["Sever Soul","Reckless Charge"],"picked":"Inflame","floor":1},{"not_picked":["Power Through","Thunderclap"],"picked":"Shrug It Off","floor":2},{"not_picked":["Rupture","Dark Embrace"],"picked":"Dropkick","floor":3},{"not_picked":["Rupture","Hemokinesis"],"picked":"Cleave","floor":12},{"not_picked":["Twin Strike","Ghostly Armor"],"picked":"Inflame","floor":14},{"not_picked":["Impervious","Offering"],"picked":"Bludgeon","floor":16},{"not_picked":["Body Slam","Cleave"],"picked":"Perfected Strike","floor":17},{"not_picked":["Iron Wave","Anger"],"picked":"Twin Strike","floor":17},{"not_picked":["Flex","Thunderclap"],"picked":"Pommel Strike","floor":17},{"not_picked":["Shrug It Off","Flex"],"picked":"Brutality","floor":17},{"not_picked":["True Grit","Iron Wave"],"picked":"Armaments","floor":17},{"not_picked":["Flex","Disarm"],"picked":"Warcry","floor":18},{"not_picked":["Reckless Charge","True Grit"],"picked":"Armaments","floor":19}],"player_experience":3773,"potions_floor_usage":[16,16,16],"damage_taken":[{"damage":10,"enemies":"Cultist","floor":1,"turns":4},{"damage":8,"enemies":"Small Slimes","floor":2,"turns":3},{"damage":7,"enemies":"Jaw Worm","floor":3,"turns":4},{"damage":0,"enemies":"Large Slime","floor":10,"turns":3},{"damage":0,"enemies":"Exordium Thugs","floor":12,"turns":3},{"damage":11,"enemies":"3 Louse","floor":13,"turns":2},{"damage":11,"enemies":"Gremlin Gang","floor":14,"turns":4},{"damage":16,"enemies":"Slime Boss","floor":16,"turns":8},{"damage":23,"enemies":"3 Byrds","floor":18,"turns":6},{"damage":4,"enemies":"Spheric Guardian","floor":19,"turns":3},{"damage":20,"enemies":"Slaver and Parasite","floor":22,"turns":7}],"event_choices":[{"event_name":"Purifier","player_choice":"One Purge","floor":5,"damage_taken":0},{"event_name":"Golden Idol","player_choice":"Take Damage","floor":7,"damage_taken":0},{"event_name":"Bonfire Elementals","player_choice":"BASIC","floor":11,"damage_taken":0},{"event_name":"Ghosts","player_choice":"Became a Ghost","floor":20,"damage_taken":0},{"event_name":"Knowing Skull","player_choice":"CARD GOLD ","floor":21,"damage_taken":0}],"boss_relics":[{"not_picked":["Runic Cube","Lizard Tail"],"picked":"Orrery"}],"potions_floor_spawned":[1,2,10,14,16,18],"seed_played":"-2471556731531222463","killed_by":"Slaver and Parasite","ascension_level":0,"is_trial":false}