{"gold_per_floor":[368,380,380,220,220,220,238,238,238,238,272,292,292,234,234,311,311,327,327,344,87,105,105,122,138,138,138,171,171,171,190,190,269,269,285,297,297,397,416,416,416],"floor_reached":41,"playtime":2247,"items_purged":["Strike_R","Berserk+1"],"score":847,"play_id":"866e8519-85e1-4512-87a1-56737e7ef9ba","local_time":"20190330110318","is_ascension_mode":true,"campfire_choices":[{"floor":6,"key":"REST"},{"floor":10,"key":"REST"},{"floor":13,"key":"REST"},{"data":"Demon Form","floor":15,"key":"SMITH"},{"data":"Sword Boomerang","floor":23,"key":"SMITH"},{"floor":27,"key":"REST"},{"floor":30,"key":"REST"},{"floor":32,"key":"REST"},{"floor":40,"key":"DIG"}],"neow_cost":"PERCENT_DAMAGE","seed_source_timestamp":314276410629400,"circlet_count":0,"master_deck":["AscendersBane","Defend_R+1","Defend_R+1","Defend_R+1","Defend_R","Bash","Anger","Pommel Strike","Demon Form+1","Sword Boomerang+1","Offering+1","Dropkick+1","Shrug It Off+1","Shrug It Off","Headbutt","Twin Strike","Clothesline+1","Battle Trance","Shrug It Off","Impervious","Dark Shackles","Body Slam+1"],"special_seed":0,"relics":["Burning Blood","Pear","Darkstone Periapt","Shovel","Astrolabe","War Paint","Bag of Preparation","Gremlin Horn","Runic Pyramid","Nunchaku","Dodecahedron"],"potions_floor_usage":[11,28,33,39,41,41],"damage_taken":[{"damage":11,"enemies":"Jaw Worm","floor":1,"turns":5},{"damage":7,"enemies":"Small Slimes","floor":2,"turns":3},{"damage":0,"enemies":"2 Louse","floor":7,"turns":3},{"damage":24,"enemies":"Gremlin Nob","floor":11,"turns":4},{"damage":20,"enemies":"Large Slime","floor":12,"turns":4},{"damage":11,"enemies":"Hexaghost","floor":16,"turns":6},{"damage":26,"enemies":"2 Thieves","floor":18,"turns":5},{"damage":6,"enemies":"Chosen","floor":20,"turns":3},{"damage":14,"enemies":"Snake Plant","floor":22,"turns":4},{"damage":6,"enemies":"Centurion and Healer","floor":24,"turns":5},{"damage":33,"enemies":"3 Cultists","floor":25,"turns":5},{"damage":50,"enemies":"Book of Stabbing","floor":28,"turns":4},{"damage":10,"enemies":"Snake Plant","floor":31,"turns":3},{"damage":30,"enemies":"Champ","floor":33,"turns":8},{"damage":17,"enemies":"3 Shapes","floor":35,"turns":9},{"damage":17,"enemies":"Orb Walker","floor":36,"turns":3},{"damage":6,"enemies":"Mind Bloom Boss Battle","floor":38,"turns":6},{"damage":13,"enemies":"4 Shapes","floor":39,"turns":8},{"damage":63,"enemies":"Reptomancer","floor":41,"turns":2}],"seed_played":"3981771805807899565","potions_obtained":[{"floor":1,"key":"Weak Potion"},{"floor":7,"key":"Dexterity Potion"},{"floor":11,"key":"Regen Potion"},{"floor":22,"key":"Fire Potion"},{"floor":28,"key":"Poison Potion"},{"floor":31,"key":"SpeedPotion"},{"floor":38,"key":"Fruit Juice"},{"floor":39,"key":"Fruit Juice"}],"is_trial":false,"path_per_floor":["M","M","?","$","?","R","M","?","T","R","E","M","R","?","R","B",null,"M","?","M","$","M","R","M","M","T","R","E","?","R","M","R","B",null,"M","M","?","?","M","R","E"],"character_chosen":"IRONCLAD","items_purchased":["Inflame","War Paint"],"campfire_rested":6,"item_purchase_floors":[4,21],"current_hp_per_floor":[45,44,28,28,2,27,33,26,26,51,33,19,44,44,44,39,74,54,54,54,54,46,46,46,19,19,44,12,12,37,33,58,34,72,61,50,50,50,43,43,0],"gold":416,"neow_bonus":"TWO_FIFTY_GOLD","is_prod":false,"is_daily":false,"chose_seed":false,"campfire_upgraded":2,"win_rate":0,"timestamp":1553936598,"path_taken":["M","M","?","$","?","R","M","?","T","R","E","M","R","?","R","BOSS","M","?","M","$","M","R","M","M","T","R","E","?","R","M","R","BOSS","M","M","?","?","M","R","E"],"build_version":"2019-01-23","purchased_purges":2,"victory":false,"max_hp_per_floor":[75,75,85,85,85,85,85,85,85,85,85,85,85,85,85,85,85,85,85,85,85,85,85,85,85,85,85,85,85,85,85,85,85,85,85,85,85,85,85,85,95],"card_choices":[{"not_picked":["Heavy Blade","Burning Pact"],"picked":"Anger","floor":1},{"not_picked":["Sword Boomerang","Heavy Blade"],"picked":"Pommel Strike","floor":2},{"not_picked":["Warcry","Infernal Blade"],"picked":"Demon Form","floor":7},{"not_picked":["Body Slam","Dual Wield"],"picked":"Sword Boomerang","floor":11},{"not_picked":["Dual Wield","Iron Wave","Wild Strike"],"picked":"SKIP","floor":12},{"not_picked":["Bludgeon","Berserk"],"picked":"Offering","floor":16},{"not_picked":["Clothesline","Body Slam"],"picked":"Shrug It Off","floor":18},{"not_picked":["Carnage+1","Rupture"],"picked":"Headbutt","floor":20},{"not_picked":["Bloodletting","Clash"],"picked":"Twin Strike","floor":22},{"not_picked":["Fire Breathing","Body Slam"],"picked":"Clothesline+1","floor":24},{"not_picked":["True Grit","Flex","Headbutt"],"picked":"SKIP","floor":25},{"not_picked":["Clothesline","Heavy Blade"],"picked":"Battle Trance","floor":28},{"not_picked":["Spot Weakness","Burning Pact+1"],"picked":"Shrug It Off","floor":31},{"not_picked":["Fiend Fire","Double Tap"],"picked":"Impervious","floor":33},{"not_picked":["Bloodletting","Headbutt","Anger"],"picked":"SKIP","floor":35},{"not_picked":["Wild Strike","Evolve","Blood for Blood+1"],"picked":"SKIP","floor":36},{"not_picked":["Blind","Magnetism"],"picked":"Dark Shackles","floor":37},{"not_picked":["Dual Wield","Corruption+1"],"picked":"Body Slam+1","floor":39}],"player_experience":952029,"relics_obtained":[{"floor":9,"key":"Darkstone Periapt"},{"floor":11,"key":"Shovel"},{"floor":26,"key":"Bag of Preparation"},{"floor":28,"key":"Gremlin Horn"},{"floor":38,"key":"Nunchaku"},{"floor":40,"key":"Dodecahedron"}],"event_choices":[{"damage_healed":0,"gold_gain":0,"player_choice":"Success","damage_taken":26,"relics_obtained":["Pear"],"max_hp_gain":0,"max_hp_loss":0,"event_name":"Scrap Ooze","floor":3,"gold_loss":0},{"damage_healed":0,"gold_gain":0,"player_choice":"Entered Light","damage_taken":26,"max_hp_gain":0,"max_hp_loss":0,"event_name":"Shining Light","floor":5,"gold_loss":0,"cards_upgraded":["Defend_R","Defend_R"]},{"cards_removed":["Strike_R"],"damage_healed":0,"gold_gain":0,"player_choice":"Card Removal","damage_taken":7,"max_hp_gain":0,"max_hp_loss":0,"event_name":"Golden Wing","floor":8,"gold_loss":0},{"damage_healed":0,"gold_gain":0,"player_choice":"Left Gold","damage_taken":0,"max_hp_gain":0,"max_hp_loss":0,"event_name":"World of Goop","floor":14,"gold_loss":58},{"damage_healed":0,"gold_gain":0,"player_choice":"Ignored","damage_taken":0,"max_hp_gain":0,"max_hp_loss":0,"event_name":"Ghosts","floor":19,"gold_loss":0},{"cards_removed":["Inflame"],"damage_healed":0,"gold_gain":0,"player_choice":"Elegance","damage_taken":0,"max_hp_gain":0,"max_hp_loss":0,"event_name":"Back to Basics","floor":29,"gold_loss":0},{"damage_healed":0,"gold_gain":0,"player_choice":"Memory 1","damage_taken":0,"max_hp_gain":0,"max_hp_loss":0,"event_name":"SensoryStone","floor":37,"gold_loss":0},{"damage_healed":0,"gold_gain":0,"player_choice":"Fight","damage_taken":0,"max_hp_gain":0,"max_hp_loss":0,"event_name":"MindBloom","floor":38,"gold_loss":0}],"is_beta":false,"boss_relics":[{"not_picked":["Black Blood","Lizard Tail"],"picked":"Astrolabe"},{"not_picked":["Eternal Feather","Coffee Dripper"],"picked":"Runic Pyramid"}],"items_purged_floors":[4,21],"is_endless":false,"potions_floor_spawned":[1,7,11,16,18,22,28,31,38,39],"killed_by":"Reptomancer","ascension_level":20}