{"gold_per_floor":[363,378,328,48,62,62,79,79,79,92,102,102,102,122,122,218,218,229,229,229,255,100,100,112,112,112,112,652,672,682,694,694,694],"floor_reached":33,"playtime":1241,"items_purged":["Writhe"],"score":264,"play_id":"0f142468-e508-4fb8-bf58-755a78c4f4d2","local_time":"20190611014449","is_ascension_mode":false,"campfire_choices":[{"data":"Zap","floor":6,"key":"SMITH"},{"data":"Dualcast","floor":8,"key":"SMITH"},{"data":"Coolheaded","floor":12,"key":"SMITH"},{"data":"Self Repair","floor":15,"key":"SMITH"},{"data":"Fission","floor":23,"key":"SMITH"},{"data":"Electrodynamics","floor":25,"key":"SMITH"},{"data":"Stack","floor":27,"key":"SMITH"},{"data":"Defragment","floor":32,"key":"SMITH"}],"neow_cost":"CURSE","seed_source_timestamp":931512411565783,"circlet_count":0,"master_deck":["Strike_B","Defend_B","Defend_B","Defend_B","Defend_B","Zap+1","Dualcast+1","BootSequence","Glacier","Self Repair+1","Stack+1","Electrodynamics+1","Coolheaded+1","Glacier","Fission+1","Ball Lightning","Glacier","Defragment+1","Ball Lightning"],"relics":["Cracked Core","ClockworkSouvenir","Strawberry","Empty Cage","Mercury Hourglass","Vajra","The Courier"],"potions_floor_usage":[30],"damage_taken":[{"damage":6,"enemies":"Jaw Worm","floor":1,"turns":3},{"damage":5,"enemies":"2 Louse","floor":2,"turns":3},{"damage":0,"enemies":"Small Slimes","floor":5,"turns":3},{"damage":0,"enemies":"3 Louse","floor":7,"turns":3},{"damage":0,"enemies":"Blue Slaver","floor":10,"turns":4},{"damage":0,"enemies":"Exordium Thugs","floor":11,"turns":2},{"damage":0,"enemies":"2 Fungi Beasts","floor":14,"turns":3},{"damage":39,"enemies":"The Guardian","floor":16,"turns":24},{"damage":0,"enemies":"Chosen","floor":18,"turns":9},{"damage":5,"enemies":"2 Thieves","floor":24,"turns":4},{"damage":1,"enemies":"Cultist and Chosen","floor":29,"turns":4},{"damage":1,"enemies":"Shelled Parasite and Fungi","floor":30,"turns":6},{"damage":0,"enemies":"Centurion and Healer","floor":31,"turns":5},{"damage":44,"enemies":"Champ","floor":33,"turns":13}],"seed_played":"-8536253521505087303","potions_obtained":[{"floor":1,"key":"Block Potion"},{"floor":11,"key":"Weak Potion"},{"floor":16,"key":"FocusPotion"},{"floor":31,"key":"Explosive Potion"}],"is_trial":false,"path_per_floor":["M","M","?","$","M","R","M","R","T","M","M","R","?","M","R","B",null,"M","?","?","T","$","R","M","R","T","R","?","M","M","M","R","B"],"character_chosen":"DEFECT","items_purchased":["ClockworkSouvenir","Self Repair","Glacier"],"campfire_rested":0,"item_purchase_floors":[4,4,22],"current_hp_per_floor":[69,64,64,64,71,71,75,75,82,82,82,82,75,82,82,53,82,82,82,82,82,82,82,82,82,82,82,26,35,44,44,44,0],"gold":694,"neow_bonus":"TWO_FIFTY_GOLD","is_prod":false,"is_daily":false,"chose_seed":false,"campfire_upgraded":8,"win_rate":0,"timestamp":1560185089,"path_taken":["M","M","?","$","M","R","M","R","T","M","M","R","?","M","R","BOSS","M","?","?","?","$","R","?","R","T","R","?","M","?","M","R","BOSS"],"build_version":"2019-01-23","purchased_purges":1,"victory":false,"max_hp_per_floor":[75,75,75,75,75,75,75,75,82,82,82,82,82,82,82,82,82,82,82,82,82,82,82,82,82,82,82,82,82,82,82,82,82],"card_choices":[{"not_picked":["Turbo","Go for the Eyes"],"picked":"BootSequence","floor":1},{"not_picked":["Gash","Coolheaded"],"picked":"Glacier","floor":2},{"not_picked":["Gash","Beam Cell","Leap"],"picked":"SKIP","floor":5},{"not_picked":["Blizzard","Compile Driver"],"picked":"Stack","floor":7},{"not_picked":["Leap","Force Field"],"picked":"Electrodynamics","floor":10},{"not_picked":["Streamline","Rebound"],"picked":"Coolheaded","floor":11},{"not_picked":["Genetic Algorithm","Compile Driver"],"picked":"Glacier","floor":14},{"not_picked":["Thunder Strike","Seek"],"picked":"Fission","floor":16},{"not_picked":["Sweeping Beam","Coolheaded"],"picked":"Ball Lightning","floor":18},{"not_picked":["Genetic Algorithm","Rebound+1","Lockon"],"picked":"SKIP","floor":24},{"not_picked":["Stack","Coolheaded+1"],"picked":"Defragment","floor":29},{"not_picked":["Multi-Cast","Auto Shields"],"picked":"Ball Lightning","floor":30},{"not_picked":["Turbo","Fusion","Beam Cell"],"picked":"SKIP","floor":31}],"player_experience":1015045,"relics_obtained":[{"floor":9,"key":"Strawberry"},{"floor":21,"key":"Vajra"},{"floor":26,"key":"The Courier"}],"event_choices":[{"cards_removed":["Pain"],"damage_healed":0,"gold_gain":0,"player_choice":"Card Removal","damage_taken":0,"max_hp_gain":0,"max_hp_loss":0,"event_name":"The Cleric","floor":3,"gold_loss":50},{"cards_removed":["Strike_B"],"damage_healed":0,"gold_gain":0,"player_choice":"Card Removal","damage_taken":7,"max_hp_gain":0,"max_hp_loss":0,"event_name":"Golden Wing","floor":13,"gold_loss":0},{"damage_healed":0,"gold_gain":0,"player_choice":"Ignored","damage_taken":0,"max_hp_gain":0,"max_hp_loss":0,"event_name":"Vampires","floor":19,"gold_loss":0},{"damage_healed":0,"gold_gain":0,"player_choice":"Opened","damage_taken":0,"relics_obtained":["Mercury Hourglass"],"max_hp_gain":0,"max_hp_loss":0,"event_name":"The Mausoleum","floor":20,"gold_loss":0,"cards_obtained":["Writhe"]},{"damage_healed":0,"gold_gain":540,"player_choice":"GOLD GOLD GOLD GOLD GOLD GOLD ","damage_taken":56,"max_hp_gain":0,"max_hp_loss":0,"event_name":"Knowing Skull","floor":28,"potions_obtained":[],"gold_loss":0,"cards_obtained":[]}],"is_beta":false,"boss_relics":[{"not_picked":["Busted Crown","Velvet Choker"],"picked":"Empty Cage"}],"items_purged_floors":[22],"is_endless":false,"potions_floor_spawned":[1,11,16,24,31],"killed_by":"Champ","ascension_level":0}