{"gold_per_floor":[362,41,41,66,85,85,116,116,116,195,195,173,214,214,214,214],"floor_reached":16,"playtime":748,"items_purged":[],"score":216,"play_id":"8df058aa-b04a-4a50-80ee-29d692e4de45","local_time":"20190531013953","is_ascension_mode":true,"campfire_choices":[{"data":"Dash","floor":6,"key":"SMITH"},{"floor":8,"key":"REST"},{"data":"Neutralize","floor":11,"key":"SMITH"},{"data":"Phantasmal Killer","floor":15,"key":"SMITH"}],"neow_cost":"TEN_PERCENT_HP_LOSS","seed_source_timestamp":752742503125400,"circlet_count":0,"master_deck":["AscendersBane","Defend_G","Defend_G","Defend_G","Defend_G","Defend_G","Strike_G","Strike_G","Strike_G","Strike_G","Survivor","Neutralize+1","Dash+1","Quick Slash","Backflip","Leg Sweep","Flying Knee+1","Phantasmal Killer+1"],"relics":["Ring of the Snake","Ice Cream","Golden Idol","Darkstone Periapt","Juzu Bracelet","Molten Egg 2","Pocketwatch"],"potions_floor_usage":[7],"damage_taken":[{"damage":3,"enemies":"Small Slimes","floor":1,"turns":5},{"damage":0,"enemies":"Jaw Worm","floor":4,"turns":5},{"damage":0,"enemies":"Cultist","floor":5,"turns":3},{"damage":37,"enemies":"Gremlin Nob","floor":7,"turns":4},{"damage":0,"enemies":"Exordium Thugs","floor":12,"turns":4},{"damage":7,"enemies":"Lagavulin","floor":13,"turns":10},{"damage":29,"enemies":"Slime Boss","floor":16,"turns":12}],"seed_played":"2853639762752604548","potions_obtained":[{"floor":4,"key":"FearPotion"},{"floor":12,"key":"SmokeBomb"}],"is_trial":false,"path_per_floor":["M","$","?","M","M","R","E","R","T","T","R","M","E","?","R","B"],"character_chosen":"THE_SILENT","items_purchased":["Ice Cream"],"campfire_rested":1,"item_purchase_floors":[2],"current_hp_per_floor":[56,56,54,54,54,54,17,33,33,33,33,33,26,26,26,0],"gold":214,"neow_bonus":"TWO_FIFTY_GOLD","is_prod":false,"is_daily":false,"chose_seed":false,"campfire_upgraded":3,"win_rate":0,"timestamp":1559255993,"path_taken":["M","$","?","M","M","R","E","R","T","?","R","M","E","?","R","BOSS"],"build_version":"2019-01-23","purchased_purges":0,"victory":false,"max_hp_per_floor":[60,60,54,54,54,54,54,54,54,54,54,54,54,54,54,54],"card_choices":[{"not_picked":["Bane","Heel Hook"],"picked":"Dash","floor":1},{"not_picked":["Dash","Caltrops"],"picked":"Quick Slash","floor":4},{"not_picked":["Riddle With Holes","Prepared","Blade Dance"],"picked":"SKIP","floor":5},{"not_picked":["Setup","Acrobatics"],"picked":"Backflip","floor":7},{"not_picked":["Unload+1","Cloak And Dagger"],"picked":"Leg Sweep","floor":12},{"not_picked":["Choke+1","Infinite Blades"],"picked":"Flying Knee+1","floor":13}],"player_experience":1046920,"relics_obtained":[{"floor":7,"key":"Darkstone Periapt"},{"floor":9,"key":"Juzu Bracelet"},{"floor":10,"key":"Molten Egg 2"},{"floor":13,"key":"Pocketwatch"}],"event_choices":[{"damage_healed":0,"gold_gain":0,"player_choice":"Lose Max HP","damage_taken":0,"relics_obtained":["Golden Idol"],"max_hp_gain":0,"max_hp_loss":6,"event_name":"Golden Idol","floor":3,"gold_loss":0},{"damage_healed":0,"gold_gain":0,"cards_transformed":["Strike_G"],"player_choice":"Transformed","damage_taken":0,"max_hp_gain":0,"max_hp_loss":0,"event_name":"Transmorgrifier","floor":14,"gold_loss":0,"cards_obtained":["Phantasmal Killer"]}],"is_beta":false,"boss_relics":[],"items_purged_floors":[],"is_endless":false,"potions_floor_spawned":[4,12],"killed_by":"Slime Boss","ascension_level":20}