{"gold_per_floor":[216,235,235,29,29,29,63,76,76,91,131,156,156,200,200,298,298,316,216,239,26,151,151,187,187,187,84,84,127,147,188,188,281,281,294,81,96,96,121,121,157,157,157,193,193,36,60,85,85,85,85,85,85,2,2],"floor_reached":55,"playtime":4701,"items_purged":["Strike_R","Strike_R","Strike_R"],"score":1977,"play_id":"63c0087c-2a5f-4b55-8f4b-ca243ec7ebe1","local_time":"20190519021313","is_ascension_mode":true,"campfire_choices":[{"data":"Bash","floor":6.0,"key":"SMITH"},{"data":"Sword Boomerang","floor":13.0,"key":"SMITH"},{"floor":15.0,"key":"REST"},{"floor":23.0,"key":"REST"},{"data":"Disarm","floor":28.0,"key":"SMITH"},{"data":"True Grit","floor":32.0,"key":"SMITH"},{"data":"Offering","floor":40,"key":"SMITH"},{"data":"Feel No Pain","floor":42,"key":"SMITH"},{"floor":45,"key":"RECALL"},{"data":"Flame Barrier","floor":49,"key":"SMITH"},{"floor":53,"key":"REST"}],"neow_cost":"NONE","seed_source_timestamp":0,"circlet_count":0,"master_deck":["AscendersBane","Strike_R","Strike_R","Defend_R","Defend_R","Defend_R","Defend_R","Bash+1","Sword Boomerang+1","Spot Weakness","Inflame","Headbutt","Dropkick","Immolate","Armaments","Disarm+1","Barricade","Body Slam","Feel No Pain+1","Metallicize","Intimidate","Shrug It Off","Anger","True Grit+1","Headbutt","Clothesline","Offering+1","Intimidate+1","Disarm+1","Flame Barrier+1","Warcry+1","Reaper","True Grit+1","Spot Weakness","Entrench"],"special_seed":0,"relics":["Burning Blood","Golden Idol","Gremlin Horn","Lantern","Centennial Puzzle","Matryoshka","Velvet Choker","Ice Cream","Dodecahedron","Ancient Tea Set","PreservedInsect","Ornamental Fan","Question Card","Happy Flower","Runic Pyramid","DollysMirror","Boot","Bag of Marbles","Juzu Bracelet","Anchor"],"potions_floor_usage":[],"damage_taken":[{"damage":4.0,"enemies":"2 Louse","floor":1.0,"turns":4.0},{"damage":9.0,"enemies":"Jaw Worm","floor":2.0,"turns":4.0},{"damage":19.0,"enemies":"Gremlin Nob","floor":7.0,"turns":4.0},{"damage":1.0,"enemies":"Cultist","floor":8.0,"turns":3.0},{"damage":7.0,"enemies":"Lots of Slimes","floor":10.0,"turns":3.0},{"damage":40.0,"enemies":"Lagavulin","floor":11.0,"turns":6.0},{"damage":3.0,"enemies":"Blue Slaver","floor":12.0,"turns":2.0},{"damage":15.0,"enemies":"3 Sentries","floor":14.0,"turns":5.0},{"damage":27.0,"enemies":"The Guardian","floor":16.0,"turns":10.0},{"damage":0.0,"enemies":"Chosen","floor":18.0,"turns":3.0},{"damage":29.0,"enemies":"3 Byrds","floor":20.0,"turns":5.0},{"damage":11.0,"enemies":"Colosseum Slavers","floor":22.0,"turns":2.0},{"damage":8.0,"enemies":"Colosseum Nobs","floor":22.0,"turns":3.0},{"damage":4.0,"enemies":"Gremlin Leader","floor":24.0,"turns":5.0},{"damage":13.0,"enemies":"Book of Stabbing","floor":29.0,"turns":4.0},{"damage":23.0,"enemies":"Shelled Parasite and Fungi","floor":30.0,"turns":4.0},{"damage":0.0,"enemies":"Slavers","floor":31.0,"turns":1.0},{"damage":6.0,"enemies":"Champ","floor":33.0,"turns":19.0},{"damage":17,"enemies":"3 Shapes","floor":35,"turns":6},{"damage":0,"enemies":"Orb Walker","floor":37,"turns":3},{"damage":18,"enemies":"Jaw Worm Horde","floor":39,"turns":4},{"damage":17,"enemies":"Nemesis","floor":41,"turns":9},{"damage":10,"enemies":"Reptomancer","floor":44,"turns":7},{"damage":7,"enemies":"Spire Growth","floor":47,"turns":6},{"damage":0,"enemies":"4 Shapes","floor":48,"turns":1},{"damage":56,"enemies":"Awakened One","floor":50,"turns":12},{"damage":37,"enemies":"Time Eater","floor":51,"turns":14},{"damage":89,"enemies":"Shield and Spear","floor":55,"turns":3}],"seed_played":"629048067222934422","potions_obtained":[{"floor":2.0,"key":"Block Potion"},{"floor":11.0,"key":"SkillPotion"},{"floor":12.0,"key":"SkillPotion"},{"floor":20.0,"key":"FearPotion"},{"floor":22.0,"key":"SmokeBomb"},{"floor":30.0,"key":"AttackPotion"},{"floor":31.0,"key":"EssenceOfSteel"},{"floor":33.0,"key":"Dexterity Potion"},{"floor":38,"key":"LiquidBronze"}],"is_trial":false,"path_per_floor":["M","M","?","$","?","R","E","M","T","M","E","M","R","E","R","B",null,"M","$","M","$","?","R","E","?","T","$","R","E","M","E","R","B",null,"M","$","M","?","M","R","E","R","T","E","R","$","M","M","R","B","B",null,"R","$","E"],"character_chosen":"IRONCLAD","items_purchased":["Inflame","Strength Potion","Feel No Pain","Shrug It Off","Anger","DollysMirror","Anchor","Entrench"],"campfire_rested":3,"item_purchase_floors":[4,4,21,27,27,36,46,54],"current_hp_per_floor":[70,67,67,67,67,67,54,59,59,58,24,27,27,18,38,17,55,61,61,38,38,31,51,53,53,53,53,53,46,29,35,35,35,60,49,49,55,55,43,43,32,32,32,64,64,64,68,68,68,68,37,60,68,68,0],"gold":2,"neow_bonus":"HUNDRED_GOLD","is_prod":false,"is_daily":false,"chose_seed":false,"campfire_upgraded":7,"win_rate":0,"timestamp":1558221193,"path_taken":["M","M","?","$","?","R","E","?","T","?","E","M","R","E","R","BOSS","M","?","M","$","?","R","E","?","T","$","R","E","?","E","R","BOSS","M","$","M","?","?","R","E","R","T","E","R","$","M","M","R","BOSS","BOSS","R","$","E"],"build_version":"2019-01-23","purchased_purges":3,"victory":false,"max_hp_per_floor":[75,75,68,68,68,68,68,68,68,68,68,68,68,68,68,68,68,68,68,68,68,68,68,68,68,68,68,68,68,68,68,68,68,68,68,68,68,68,68,68,68,68,68,68,68,68,68,68,68,68,68,68,68,68,68],"card_choices":[{"not_picked":["Twin Strike","Sever Soul"],"picked":"Sword Boomerang","floor":1.0},{"not_picked":["Wild Strike","Clash"],"picked":"Spot Weakness","floor":2.0},{"not_picked":["Whirlwind","Uppercut"],"picked":"Headbutt","floor":7.0},{"not_picked":["Clothesline","True Grit"],"picked":"Dropkick","floor":8.0},{"not_picked":["Cleave","Havoc"],"picked":"Immolate","floor":10.0},{"not_picked":["Perfected Strike","Warcry","Entrench"],"picked":"SKIP","floor":11.0},{"not_picked":["Perfected Strike","Burning Pact"],"picked":"Armaments","floor":12.0},{"not_picked":["Twin Strike","Inflame"],"picked":"Disarm","floor":14.0},{"not_picked":["Immolate","Berserk"],"picked":"Barricade","floor":16.0},{"not_picked":["Seeing Red","Perfected Strike","Cleave"],"picked":"SKIP","floor":18.0},{"not_picked":["Seeing Red","Blood for Blood"],"picked":"Body Slam","floor":20.0},{"not_picked":["Clash","Pommel Strike"],"picked":"Metallicize","floor":22.0},{"not_picked":["Fire Breathing","Perfected Strike"],"picked":"Intimidate","floor":24.0},{"not_picked":["Combust","Armaments+1"],"picked":"True Grit","floor":29.0},{"not_picked":["Havoc","Rupture","Body Slam"],"picked":"Headbutt","floor":30.0},{"not_picked":["Clash","Armaments+1","Iron Wave"],"picked":"Clothesline","floor":31.0},{"not_picked":["Berserk","Feed","Juggernaut"],"picked":"Offering","floor":33.0},{"not_picked":["Hemokinesis","Burning Pact+1","Cleave"],"picked":"Intimidate+1","floor":35},{"not_picked":["Armaments+1","Cleave+1","Power Through+1"],"picked":"Flame Barrier","floor":37},{"not_picked":["Infernal Blade","Uppercut","Heavy Blade"],"picked":"Warcry+1","floor":39},{"not_picked":["Dark Embrace","Blood for Blood","Second Wind"],"picked":"Reaper","floor":41},{"not_picked":["Reckless Charge","Battle Trance","Infernal Blade"],"picked":"True Grit+1","floor":44},{"not_picked":["Burning Pact","Clash","Fire Breathing","Pommel Strike"],"picked":"SKIP","floor":47},{"not_picked":["Intimidate","Sword Boomerang","Warcry"],"picked":"Spot Weakness","floor":48}],"player_experience":1016243,"relics_obtained":[{"floor":7.0,"key":"Gremlin Horn"},{"floor":9.0,"key":"Lantern"},{"floor":11.0,"key":"Centennial Puzzle"},{"floor":14.0,"key":"Matryoshka"},{"floor":22.0,"key":"Ice Cream"},{"floor":22.0,"key":"Dodecahedron"},{"floor":24.0,"key":"Ancient Tea Set"},{"floor":26.0,"key":"PreservedInsect"},{"floor":26.0,"key":"Ornamental Fan"},{"floor":29.0,"key":"Question Card"},{"floor":31.0,"key":"Happy Flower"},{"floor":41,"key":"Boot"},{"floor":43,"key":"Bag of Marbles"},{"floor":44,"key":"Juzu Bracelet"}],"event_choices":[{"damage_healed":0.0,"max_hp_gain":0.0,"max_hp_loss":7.0,"gold_gain":0.0,"event_name":"Golden Idol","player_choice":"Lose Max HP","floor":3.0,"gold_loss":0.0,"damage_taken":0.0,"relics_obtained":["Golden Idol"]},{"damage_healed":0.0,"max_hp_gain":0.0,"max_hp_loss":0.0,"gold_gain":0.0,"event_name":"Match and Keep!","player_choice":"0 cards matched","floor":5.0,"gold_loss":0.0,"damage_taken":0.0,"cards_obtained":[]},{"damage_healed":0.0,"max_hp_gain":0.0,"max_hp_loss":0.0,"gold_gain":0.0,"event_name":"Colosseum","player_choice":"Fight","floor":22.0,"gold_loss":0.0,"damage_taken":0.0},{"damage_healed":0.0,"max_hp_gain":0.0,"max_hp_loss":0.0,"gold_gain":0.0,"event_name":"Colosseum","player_choice":"Fought Nobs","floor":22.0,"gold_loss":0.0,"damage_taken":0.0},{"damage_healed":0.0,"max_hp_gain":0.0,"max_hp_loss":0.0,"gold_gain":0.0,"event_name":"Vampires","player_choice":"Ignored","floor":25.0,"gold_loss":0.0,"damage_taken":0.0},{"damage_healed":0,"gold_gain":0,"player_choice":"Got Potions","damage_taken":0,"max_hp_gain":0,"max_hp_loss":0,"event_name":"Lab","floor":38,"gold_loss":0}],"is_beta":false,"boss_relics":[{"not_picked":["Cursed Key","Mark of Pain"],"picked":"Velvet Choker"},{"not_picked":["Runic Cube","Fusion Hammer"],"picked":"Runic Pyramid"}],"items_purged_floors":[4,19,21],"is_endless":false,"potions_floor_spawned":[2,11,12,14,20,22,22,30,31,33,35,41,47,48],"killed_by":"Shield and Spear","ascension_level":20}