{"gold_per_floor":[19,19,29,29,47,47,72,147,147,147,177,189,189,264,264,359,359,379,379,107,138,238,270,280,294,344,344,369,369,72,84,84,184,184,203,203,214,232,232,232,264,264,264,278,278,33,65,77,77,77,77,77,29,55,55],"floor_reached":56,"playtime":3917,"items_purged":["Strike_R","Strike_R","Strike_R"],"score":1291,"play_id":"f3e8d983-a952-4245-8111-53248f6e311c","local_time":"20190614194944","is_ascension_mode":false,"campfire_choices":[{"data":"Bash","floor":6.0,"key":"SMITH"},{"data":"Perfected Strike","floor":10.0,"key":"SMITH"},{"data":"Shockwave","floor":13.0,"key":"SMITH"},{"data":"Carnage","floor":15.0,"key":"SMITH"},{"floor":29.0,"key":"REST"},{"data":"Feel No Pain","floor":32.0,"key":"SMITH"},{"data":"Demon Form","floor":40.0,"key":"SMITH"},{"floor":49.0,"key":"RECALL"},{"data":"Fiend Fire","floor":52,"key":"SMITH"}],"neow_cost":"NO_GOLD","seed_source_timestamp":0,"circlet_count":0,"master_deck":["Strike_R","Strike_R","Defend_R","Defend_R","Defend_R","Defend_R","Bash+1","Perfected Strike+1","Shockwave+1","Shrug It Off","Carnage+1","Feed","Shockwave+1","Iron Wave+1","Feel No Pain+1","Warcry+1","Sword Boomerang+1","Clothesline+1","Exhume","Metallicize","Demon Form+1","Rupture","Purity","Secret Weapon","Havoc","Madness","Madness","Corruption","Fiend Fire+1"],"special_seed":0,"relics":["Burning Blood","Blood Vial","Dodecahedron","Snecko Eye","OrangePellets","Red Mask","Unceasing Top","Matryoshka","Charon\u0027s Ashes","Bag of Marbles","Boot","Dead Branch","Busted Crown","Paper Frog","Bag of Preparation","Pear","Toxic Egg 2","Turnip"],"potions_floor_usage":[],"damage_taken":[{"damage":8.0,"enemies":"Small Slimes","floor":1.0,"turns":3.0},{"damage":10.0,"enemies":"2 Louse","floor":3.0,"turns":3.0},{"damage":1.0,"enemies":"Cultist","floor":5.0,"turns":3.0},{"damage":23.0,"enemies":"Gremlin Nob","floor":7.0,"turns":4.0},{"damage":6.0,"enemies":"Exordium Wildlife","floor":12.0,"turns":6.0},{"damage":27.0,"enemies":"Slime Boss","floor":16.0,"turns":9.0},{"damage":0.0,"enemies":"Chosen","floor":18.0,"turns":4.0},{"damage":18.0,"enemies":"Masked Bandits","floor":21.0,"turns":4.0},{"damage":0.0,"enemies":"Colosseum Slavers","floor":22.0,"turns":5.0},{"damage":10.0,"enemies":"Colosseum Nobs","floor":22.0,"turns":4.0},{"damage":45.0,"enemies":"Slavers","floor":23.0,"turns":7.0},{"damage":8.0,"enemies":"3 Byrds","floor":24.0,"turns":4.0},{"damage":9.0,"enemies":"Snake Plant","floor":25.0,"turns":5.0},{"damage":25.0,"enemies":"Gremlin Leader","floor":28.0,"turns":4.0},{"damage":0.0,"enemies":"Cultist and Chosen","floor":31.0,"turns":3.0},{"damage":61.0,"enemies":"Automaton","floor":33.0,"turns":9.0},{"damage":0.0,"enemies":"3 Shapes","floor":35.0,"turns":9.0},{"damage":16.0,"enemies":"Orb Walker","floor":37.0,"turns":4.0},{"damage":13.0,"enemies":"Spire Growth","floor":38.0,"turns":6.0},{"damage":1.0,"enemies":"Giant Head","floor":41.0,"turns":7.0},{"damage":5.0,"enemies":"Writhing Mass","floor":44.0,"turns":4.0},{"damage":11.0,"enemies":"Nemesis","floor":47.0,"turns":5.0},{"damage":6.0,"enemies":"Sphere and 2 Shapes","floor":48.0,"turns":3.0},{"damage":10.0,"enemies":"Donu and Deca","floor":50.0,"turns":5.0},{"damage":0,"enemies":"Shield and Spear","floor":54,"turns":2},{"damage":9,"enemies":"The Heart","floor":55,"turns":4}],"seed_played":"7586569654713583300","potions_obtained":[{"floor":1.0,"key":"SkillPotion"},{"floor":12.0,"key":"GamblersBrew"},{"floor":18.0,"key":"SkillPotion"},{"floor":23.0,"key":"PowerPotion"},{"floor":24.0,"key":"Fruit Juice"},{"floor":33.0,"key":"AttackPotion"},{"floor":38.0,"key":"LiquidBronze"}],"is_trial":false,"path_per_floor":["M","?","M","?","M","R","E","?","T","R","?","M","R","T","R","B",null,"M","?","$","?","?","E","M","M","T","?","E","R","$","M","R","B",null,"M","?","M","M","?","R","E","?","T","M","?","$","E","M","R","B",null,"R","$","E","B",null],"character_chosen":"IRONCLAD","items_purchased":["OrangePellets","Exhume","Metallicize","Corruption","SteroidPotion","Dexterity Potion"],"campfire_rested":1,"item_purchase_floors":[20,30,30,46,46,53],"current_hp_per_floor":[94,94,90,90,95,95,78,67,67,67,67,69,69,69,69,50,96,99,99,99,90,99,65,65,67,67,44,32,68,68,79,79,26,124,130,120,115,113,113,113,120,120,130,133,115,115,112,117,117,118,152,152,152,152,149],"gold":55,"neow_bonus":"TWENTY_PERCENT_HP_BONUS","is_prod":false,"is_daily":false,"chose_seed":false,"campfire_upgraded":7,"win_rate":0,"timestamp":1560530984,"path_taken":["M","?","M","?","M","R","E","?","T","R","?","M","R","?","R","BOSS","M","?","$","?","?","E","M","M","T","?","E","R","?","M","R","BOSS","M","?","M","M","?","R","E","?","T","?","?","$","E","M","R","BOSS","R","$","E","BOSS"],"build_version":"2019-01-23","purchased_purges":3,"victory":true,"max_hp_per_floor":[96,96,96,96,96,96,96,96,96,96,96,96,96,96,96,96,96,99,99,99,102,105,108,108,111,111,116,121,121,121,124,124,124,124,130,130,133,136,136,136,136,136,146,146,146,146,146,149,149,152,152,152,152,152,152],"card_choices":[{"not_picked":["Heavy Blade","Body Slam"],"picked":"Combust","floor":1.0},{"not_picked":["Headbutt","Second Wind"],"picked":"Perfected Strike","floor":3.0},{"not_picked":["Flex","Sword Boomerang"],"picked":"Shockwave","floor":5.0},{"not_picked":["Combust","Havoc"],"picked":"Shrug It Off","floor":7.0},{"not_picked":["Second Wind","Sentinel"],"picked":"Carnage","floor":12.0},{"not_picked":["Limit Break","Double Tap"],"picked":"Feed","floor":16.0},{"not_picked":["Clash","Rupture+1"],"picked":"Shockwave+1","floor":18.0},{"not_picked":["Pommel Strike","Twin Strike"],"picked":"Iron Wave+1","floor":21.0},{"not_picked":["Hemokinesis","Wild Strike"],"picked":"Feel No Pain","floor":22.0},{"not_picked":["Infernal Blade","Entrench"],"picked":"Warcry+1","floor":23.0},{"not_picked":["Headbutt","Reckless Charge+1"],"picked":"Sword Boomerang+1","floor":24.0},{"not_picked":["Clash","True Grit"],"picked":"Clothesline+1","floor":25.0},{"not_picked":["Armaments","Warcry","Clothesline"],"picked":"SKIP","floor":28.0},{"not_picked":["Combust","Reckless Charge+1","Thunderclap"],"picked":"SKIP","floor":31.0},{"not_picked":["Berserk","Immolate"],"picked":"Demon Form","floor":33.0},{"not_picked":[],"picked":"Rupture","floor":35.0},{"not_picked":[],"picked":"Purity","floor":36.0},{"not_picked":[],"picked":"Secret Weapon","floor":36.0},{"not_picked":["Cleave+1"],"picked":"SKIP","floor":37.0},{"not_picked":["Wild Strike"],"picked":"SKIP","floor":38.0},{"not_picked":["Perfected Strike+1"],"picked":"SKIP","floor":41.0},{"not_picked":["Havoc"],"picked":"SKIP","floor":44.0},{"not_picked":[],"picked":"Havoc","floor":44.0},{"not_picked":["Clothesline"],"picked":"SKIP","floor":47.0},{"not_picked":[],"picked":"Fiend Fire","floor":48.0},{"not_picked":["Wild Strike"],"picked":"SKIP","floor":54}],"player_experience":1107628,"relics_obtained":[{"floor":14.0,"key":"Dodecahedron"},{"floor":21.0,"key":"Red Mask"},{"floor":22.0,"key":"Unceasing Top"},{"floor":22.0,"key":"Matryoshka"},{"floor":23.0,"key":"Charon\u0027s Ashes"},{"floor":26.0,"key":"Bag of Marbles"},{"floor":26.0,"key":"Boot"},{"floor":28.0,"key":"Dead Branch"},{"floor":41.0,"key":"Paper Frog"},{"floor":43.0,"key":"Bag of Preparation"},{"floor":43.0,"key":"Pear"},{"floor":47.0,"key":"Toxic Egg 2"},{"floor":54,"key":"Turnip"}],"event_choices":[{"damage_healed":0.0,"max_hp_gain":0.0,"max_hp_loss":0.0,"gold_gain":0.0,"event_name":"Scrap Ooze","player_choice":"Fled","floor":2.0,"gold_loss":0.0,"damage_taken":0.0},{"damage_healed":0.0,"max_hp_gain":0.0,"max_hp_loss":0.0,"gold_gain":0.0,"event_name":"The Cleric","player_choice":"Leave","floor":4.0,"gold_loss":0.0,"damage_taken":0.0},{"damage_healed":0.0,"max_hp_gain":0.0,"max_hp_loss":0.0,"gold_gain":75.0,"event_name":"World of Goop","player_choice":"Gather Gold","floor":8.0,"gold_loss":0.0,"damage_taken":11.0},{"damage_healed":0.0,"max_hp_gain":0.0,"max_hp_loss":0.0,"gold_gain":30.0,"event_name":"Dead Adventurer","player_choice":"Searched \u00272\u0027 times","floor":11.0,"gold_loss":0.0,"damage_taken":0.0,"relics_obtained":["Blood Vial"]},{"damage_healed":0.0,"max_hp_gain":0.0,"max_hp_loss":0.0,"gold_gain":0.0,"event_name":"Ghosts","player_choice":"Ignored","floor":19.0,"gold_loss":0.0,"damage_taken":0.0},{"damage_healed":0.0,"max_hp_gain":0.0,"max_hp_loss":0.0,"gold_gain":0.0,"event_name":"Masked Bandits","player_choice":"Fought Bandits","floor":21.0,"gold_loss":0.0,"damage_taken":0.0},{"damage_healed":0.0,"max_hp_gain":0.0,"max_hp_loss":0.0,"gold_gain":0.0,"event_name":"Colosseum","player_choice":"Fight","floor":22.0,"gold_loss":0.0,"damage_taken":0.0},{"damage_healed":0.0,"max_hp_gain":0.0,"max_hp_loss":0.0,"gold_gain":0.0,"event_name":"Colosseum","player_choice":"Fought Nobs","floor":22.0,"gold_loss":0.0,"damage_taken":0.0},{"damage_healed":0.0,"max_hp_gain":5.0,"max_hp_loss":0.0,"gold_gain":0.0,"event_name":"Forgotten Altar","player_choice":"Shed Blood","floor":27.0,"gold_loss":0.0,"damage_taken":28.0},{"damage_healed":0.0,"max_hp_gain":0.0,"max_hp_loss":0.0,"gold_gain":0.0,"event_name":"SensoryStone","player_choice":"Memory 3","floor":36.0,"gold_loss":0.0,"damage_taken":10.0},{"cards_removed":["Combust"],"damage_healed":0.0,"max_hp_gain":0.0,"max_hp_loss":0.0,"gold_gain":0.0,"event_name":"Falling","player_choice":"Removed Power","floor":39.0,"gold_loss":0.0,"damage_taken":0.0},{"damage_healed":0.0,"max_hp_gain":0.0,"max_hp_loss":0.0,"gold_gain":0.0,"event_name":"Tomb of Lord Red Mask","player_choice":"Ignored","floor":42.0,"gold_loss":0.0,"damage_taken":0.0},{"damage_healed":0.0,"max_hp_gain":0.0,"max_hp_loss":0.0,"gold_gain":0.0,"event_name":"Winding Halls","player_choice":"Embrace Madness","floor":45.0,"gold_loss":0.0,"damage_taken":18.0,"cards_obtained":["Madness","Madness"]}],"is_beta":false,"boss_relics":[{"not_picked":["White Beast Statue","Lizard Tail"],"picked":"Snecko Eye"},{"not_picked":["Runic Pyramid","Runic Dome"],"picked":"Busted Crown"}],"items_purged_floors":[20,30,46],"is_endless":false,"potions_floor_spawned":[1,12,18,23,24,33,38,41,48],"ascension_level":0}