{"gold_per_floor":[361,377,63,63,83,83,98,98,98,125,183,183,183,203,203,203],"floor_reached":16,"playtime":1017,"items_purged":["Decay"],"score":160,"play_id":"aaf0de9c-56d0-4d77-b80b-db9df27a72c5","local_time":"20190216132551","is_ascension_mode":true,"campfire_choices":[{"data":"Neutralize","floor":6,"key":"SMITH"},{"data":"Caltrops","floor":8,"key":"SMITH"},{"floor":12,"key":"REST"},{"floor":15,"key":"REST"}],"neow_cost":"CURSE","seed_source_timestamp":54672939852833,"circlet_count":0,"master_deck":["AscendersBane","Defend_G","Defend_G","Defend_G","Defend_G","Defend_G","Strike_G","Strike_G","Strike_G","Strike_G","Strike_G","Survivor","Neutralize+1","Deflect","After Image+1","Backstab","Caltrops+1","Footwork","Footwork"],"relics":["Ring of the Snake","Membership Card","Sundial","Shuriken","Tingsha","Question Card"],"potions_floor_usage":[10,10],"damage_taken":[{"damage":3,"enemies":"Cultist","floor":1,"turns":4},{"damage":5,"enemies":"2 Louse","floor":2,"turns":3},{"damage":0,"enemies":"Jaw Worm","floor":5,"turns":7},{"damage":3,"enemies":"Exordium Wildlife","floor":7,"turns":8},{"damage":19,"enemies":"Gremlin Nob","floor":10,"turns":4},{"damage":27,"enemies":"Gremlin Nob","floor":11,"turns":6},{"damage":0,"enemies":"3 Louse","floor":14,"turns":3},{"damage":50,"enemies":"Slime Boss","floor":16,"turns":12}],"seed_played":"-162774069260075445","potions_obtained":[{"floor":2,"key":"Poison Potion"},{"floor":7,"key":"GamblersBrew"},{"floor":10,"key":"Energy Potion"},{"floor":11,"key":"Ancient Potion"}],"is_trial":false,"path_per_floor":["M","M","$","?","M","R","M","R","T","E","?","R","T","M","R","B"],"character_chosen":"THE_SILENT","items_purchased":["After Image","Membership Card"],"campfire_rested":2,"item_purchase_floors":[3,3],"current_hp_per_floor":[60,55,55,55,55,55,52,52,52,33,6,27,27,27,48,0],"gold":203,"neow_bonus":"TWO_FIFTY_GOLD","is_prod":false,"is_daily":false,"chose_seed":false,"campfire_upgraded":2,"win_rate":0,"timestamp":1550291151,"path_taken":["M","?","?","?","?","R","M","R","T","E","?","R","?","M","R","BOSS"],"build_version":"2019-01-23","purchased_purges":1,"victory":false,"max_hp_per_floor":[70,70,70,70,70,70,70,70,70,70,70,70,70,70,70,70],"card_choices":[{"not_picked":["Riddle With Holes","Prepared","Underhanded Strike"],"picked":"SKIP","floor":1},{"not_picked":["Sucker Punch","Slice"],"picked":"Deflect","floor":2},{"not_picked":["Slice","Dagger Throw"],"picked":"Backstab","floor":5},{"not_picked":["Outmaneuver","Sucker Punch"],"picked":"Caltrops","floor":7},{"not_picked":["Dagger Throw","Poisoned Stab","Flechettes"],"picked":"SKIP","floor":10},{"not_picked":["Acrobatics","Quick Slash"],"picked":"Footwork","floor":11},{"not_picked":["Acrobatics","Sucker Punch","Tactician"],"picked":"Footwork","floor":14}],"player_experience":919588,"relics_obtained":[{"floor":9,"key":"Sundial"},{"floor":10,"key":"Shuriken"},{"floor":11,"key":"Tingsha"},{"floor":13,"key":"Question Card"}],"event_choices":[{"damage_healed":0,"gold_gain":0,"player_choice":"Forge","damage_taken":0,"max_hp_gain":0,"max_hp_loss":0,"event_name":"Accursed Blacksmith","floor":4,"gold_loss":0,"cards_upgraded":["After Image"]},{"damage_healed":0,"gold_gain":0,"player_choice":"Searched \u00271\u0027 times","damage_taken":0,"max_hp_gain":0,"max_hp_loss":0,"event_name":"Dead Adventurer","floor":11,"gold_loss":0}],"is_beta":false,"boss_relics":[],"items_purged_floors":[3],"is_endless":false,"potions_floor_spawned":[2,7,10,11],"killed_by":"Slime Boss","ascension_level":12}