{"gold_per_floor":[115,129,129,25,25,25,35,70,93,93,106,106,134,134,134,213,213,231,231,148,162,181,181,206,206,231,249,249,261,261,261,261,261],"floor_reached":33,"playtime":1602,"items_purged":["Strike_R"],"score":546,"play_id":"486063ae-122c-4e83-8021-b4b918130e53","local_time":"20190525222918","is_ascension_mode":true,"campfire_choices":[{"data":"Hemokinesis","floor":6.0,"key":"SMITH"},{"data":"Uppercut","floor":10.0,"key":"SMITH"},{"floor":15.0,"key":"REST"},{"floor":23,"key":"REST"},{"data":"Disarm","floor":25,"key":"SMITH"},{"data":"Inflame","floor":30,"key":"SMITH"},{"data":"Limit Break","floor":32,"key":"SMITH"}],"neow_cost":"NONE","seed_source_timestamp":0,"circlet_count":0,"master_deck":["AscendersBane","Bash","True Grit","Hemokinesis+1","Headbutt","Corruption","Shrug It Off","Uppercut+1","Anger","Battle Trance","Reaper","Limit Break+1","Twin Strike","Rampage","Metallicize","Impervious","Seeing Red","Evolve+1","Disarm+1","Flame Barrier","Armaments","Inflame+1","Iron Wave+1"],"special_seed":0,"relics":["Burning Blood","Oddly Smooth Stone","Letter Opener","Smiling Mask","Omamori","Red Skull","Pandora\u0027s Box","Happy Flower","Toxic Egg 2"],"potions_floor_usage":[33],"damage_taken":[{"damage":13.0,"enemies":"Small Slimes","floor":1.0,"turns":6.0},{"damage":8.0,"enemies":"Cultist","floor":2.0,"turns":4.0},{"damage":8.0,"enemies":"Jaw Worm","floor":7.0,"turns":3.0},{"damage":14.0,"enemies":"Lagavulin","floor":8.0,"turns":6.0},{"damage":6.0,"enemies":"Large Slime","floor":11.0,"turns":5.0},{"damage":30.0,"enemies":"Gremlin Nob","floor":13.0,"turns":4.0},{"damage":17.0,"enemies":"Slime Boss","floor":16.0,"turns":8.0},{"damage":36.0,"enemies":"Shell Parasite","floor":18.0,"turns":4.0},{"damage":18.0,"enemies":"Chosen","floor":21.0,"turns":5.0},{"damage":56.0,"enemies":"3 Cultists","floor":22.0,"turns":7.0},{"damage":68,"enemies":"Gremlin Leader","floor":24,"turns":9},{"damage":2,"enemies":"Snecko","floor":27,"turns":4},{"damage":23,"enemies":"Snake Plant","floor":29,"turns":5},{"damage":52,"enemies":"Automaton","floor":33,"turns":6}],"seed_played":"146559692122009807","potions_obtained":[{"floor":7.0,"key":"SpeedPotion"},{"floor":8.0,"key":"FearPotion"},{"floor":13.0,"key":"Weak Potion"},{"floor":18.0,"key":"SpeedPotion"}],"is_trial":false,"path_per_floor":["M","M","?","$","?","R","M","E","T","R","M","T","E","?","R","B",null,"M","?","$","M","M","R","E","R","T","M","?","M","R","?","R","B"],"character_chosen":"IRONCLAD","items_purchased":["Shrug It Off","Disarm"],"campfire_rested":2,"item_purchase_floors":[4,20],"current_hp_per_floor":[61,59,59,59,48,48,46,38,38,38,38,38,14,19,43,32,68,38,80,80,72,32,56,36,36,36,48,48,44,44,40,40,0],"gold":261,"neow_bonus":"TRANSFORM_CARD","is_prod":false,"is_daily":false,"chose_seed":false,"campfire_upgraded":5,"win_rate":0,"timestamp":1558812558,"path_taken":["M","M","?","?","?","R","M","E","T","R","M","?","E","?","R","BOSS","M","?","$","M","M","R","E","R","T","?","?","M","R","?","R","BOSS"],"build_version":"2019-01-23","purchased_purges":1,"victory":false,"max_hp_per_floor":[75,75,75,75,75,75,75,75,75,75,75,75,75,80,80,80,80,80,80,80,80,80,80,80,80,80,80,80,80,80,80,80,80],"card_choices":[{"not_picked":["Havoc","Feel No Pain"],"picked":"Hemokinesis","floor":1.0},{"not_picked":["True Grit","Bloodletting"],"picked":"Headbutt","floor":2.0},{"not_picked":["Twin Strike","Intimidate","Clash"],"picked":"SKIP","floor":7.0},{"not_picked":["Headbutt","Body Slam"],"picked":"Uppercut","floor":8.0},{"not_picked":["Sever Soul","Reckless Charge"],"picked":"Anger","floor":11.0},{"not_picked":["Second Wind","Carnage"],"picked":"Battle Trance","floor":13.0},{"not_picked":["Demon Form","Offering"],"picked":"Reaper","floor":16.0},{"not_picked":["Havoc","Sword Boomerang"],"picked":"Evolve+1","floor":18.0},{"not_picked":["Feel No Pain","Anger"],"picked":"Flame Barrier","floor":21.0},{"not_picked":["Pommel Strike","Corruption"],"picked":"Armaments","floor":22},{"not_picked":["Evolve","Perfected Strike","Barricade"],"picked":"SKIP","floor":24},{"not_picked":["Havoc","Armaments"],"picked":"Inflame","floor":27},{"not_picked":["Flex+1","Cleave"],"picked":"Iron Wave+1","floor":29}],"player_experience":1034991,"relics_obtained":[{"floor":8.0,"key":"Letter Opener"},{"floor":9.0,"key":"Smiling Mask"},{"floor":12.0,"key":"Omamori"},{"floor":13.0,"key":"Red Skull"},{"floor":24,"key":"Happy Flower"}],"event_choices":[{"damage_healed":0.0,"max_hp_gain":0.0,"max_hp_loss":0.0,"gold_gain":0.0,"event_name":"Match and Keep!","player_choice":"1 cards matched","floor":3.0,"gold_loss":0.0,"damage_taken":0.0,"cards_obtained":["Corruption"]},{"damage_healed":0.0,"max_hp_gain":0.0,"max_hp_loss":0.0,"gold_gain":0.0,"event_name":"Scrap Ooze","player_choice":"Success","floor":5.0,"gold_loss":0.0,"damage_taken":11.0,"relics_obtained":["Oddly Smooth Stone"]},{"damage_healed":0.0,"max_hp_gain":5.0,"max_hp_loss":0.0,"gold_gain":0.0,"event_name":"Big Fish","player_choice":"Donut","floor":14.0,"gold_loss":0.0,"damage_taken":0.0},{"cards_removed":["Second Wind"],"damage_healed":42.0,"max_hp_gain":0.0,"max_hp_loss":0.0,"gold_gain":0.0,"event_name":"Bonfire Elementals","player_choice":"Offered Uncommon","floor":19.0,"gold_loss":0.0,"damage_taken":0.0},{"damage_healed":0,"gold_gain":0,"player_choice":"Opened","damage_taken":0,"relics_obtained":["Toxic Egg 2"],"max_hp_gain":0,"max_hp_loss":0,"event_name":"The Mausoleum","floor":28,"gold_loss":0,"cards_obtained":["Writhe"]},{"damage_healed":0,"gold_gain":0,"player_choice":"Bought 0 Potions","damage_taken":0,"max_hp_gain":0,"max_hp_loss":0,"event_name":"The Woman in Blue","floor":31,"gold_loss":0}],"is_beta":false,"boss_relics":[{"not_picked":["Tiny House","Mark of Pain"],"picked":"Pandora\u0027s Box"}],"items_purged_floors":[4],"is_endless":false,"potions_floor_spawned":[7,8,13,18,21],"killed_by":"Automaton","ascension_level":20}