{"gold_per_floor":[118,66,66,85,105,137,137,152,152,162,162,176,176,206,206,282,282,294,15,15,15,33,33,33],"floor_reached":24,"playtime":1513,"items_purged":[],"score":412,"play_id":"cdcc5f6a-91fc-43ad-bd22-5fca3693c59b","local_time":"20190513133023","is_ascension_mode":true,"campfire_choices":[{"data":"Perfected Strike","floor":7.0,"key":"SMITH"},{"data":"Bash","floor":11.0,"key":"SMITH"},{"floor":13.0,"key":"REST"},{"data":"Evolve","floor":15.0,"key":"SMITH"},{"floor":23,"key":"REST"}],"neow_cost":"TEN_PERCENT_HP_LOSS","seed_source_timestamp":0,"circlet_count":0,"master_deck":["AscendersBane","Strike_R","Strike_R","Strike_R","Strike_R","Defend_R","Defend_R","Defend_R","Defend_R","Bash+1","Exhume","Perfected Strike+1","Second Wind","Evolve+1","Shrug It Off","Power Through","Reaper","Thunderclap","Shockwave","Body Slam","Fiend Fire","Power Through","Inflame","Uppercut","Power Through","Body Slam","True Grit+1"],"special_seed":0,"relics":["Burning Blood","Pantograph","Calipers","Peace Pipe","Mark of Pain","Molten Egg 2"],"potions_floor_usage":[],"damage_taken":[{"damage":10.0,"enemies":"Small Slimes","floor":1.0,"turns":4.0},{"damage":7.0,"enemies":"Jaw Worm","floor":4.0,"turns":3.0},{"damage":7.0,"enemies":"Cultist","floor":5.0,"turns":4.0},{"damage":24.0,"enemies":"3 Sentries","floor":6.0,"turns":14.0},{"damage":7.0,"enemies":"2 Fungi Beasts","floor":8.0,"turns":4.0},{"damage":25.0,"enemies":"Exordium Wildlife","floor":10.0,"turns":5.0},{"damage":12.0,"enemies":"Red Slaver","floor":12.0,"turns":4.0},{"damage":32.0,"enemies":"Gremlin Nob","floor":14.0,"turns":4.0},{"damage":44.0,"enemies":"Slime Boss","floor":16.0,"turns":11.0},{"damage":46,"enemies":"3 Byrds","floor":18,"turns":8},{"damage":6,"enemies":"Spheric Guardian","floor":22,"turns":4},{"damage":62,"enemies":"Slavers","floor":24,"turns":4}],"seed_played":"-1617643976708820083","potions_obtained":[{"floor":4.0,"key":"SteroidPotion"},{"floor":10.0,"key":"Strength Potion"},{"floor":14.0,"key":"SkillPotion"},{"floor":16.0,"key":"Swift Potion"},{"floor":22,"key":"Block Potion"}],"is_trial":false,"path_per_floor":["M","?","?","M","M","E","R","M","T","M","R","M","R","E","R","B",null,"M","$","?","T","M","R","E"],"character_chosen":"IRONCLAD","items_purchased":["Inflame","Uppercut","Power Through","Body Slam"],"campfire_rested":2,"item_purchase_floors":[19,19,19,19],"current_hp_per_floor":[64,64,64,63,62,44,44,43,43,32,32,26,46,33,33,20,56,20,20,20,20,20,40,0],"gold":33,"neow_bonus":"THREE_RARE_CARDS","is_prod":false,"is_daily":false,"chose_seed":false,"campfire_upgraded":3,"win_rate":0,"timestamp":1557743423,"path_taken":["M","?","?","M","M","E","R","M","T","?","R","M","R","E","R","BOSS","M","$","?","?","M","R","E"],"build_version":"2019-01-23","purchased_purges":0,"victory":false,"max_hp_per_floor":[68,68,68,68,68,68,68,68,68,68,68,68,68,68,68,68,68,68,68,68,68,68,68,68],"card_choices":[{"not_picked":["Dark Embrace","Barricade"],"picked":"Exhume","floor":0.0},{"not_picked":["Havoc","Twin Strike"],"picked":"Perfected Strike","floor":1.0},{"not_picked":["Pommel Strike","Wild Strike"],"picked":"Evolve","floor":4.0},{"not_picked":["Anger","Body Slam"],"picked":"Shrug It Off","floor":5.0},{"not_picked":["Cleave","Wild Strike"],"picked":"Power Through","floor":6.0},{"not_picked":["Flex","Sword Boomerang"],"picked":"Reaper","floor":8.0},{"not_picked":["Sever Soul","Perfected Strike"],"picked":"Thunderclap","floor":10.0},{"not_picked":["Headbutt","Entrench"],"picked":"Shockwave","floor":12.0},{"not_picked":["Twin Strike","Sever Soul"],"picked":"Body Slam","floor":14.0},{"not_picked":["Exhume","Dark Embrace"],"picked":"Fiend Fire","floor":16.0},{"not_picked":["True Grit+1","Sword Boomerang+1"],"picked":"Power Through","floor":18},{"not_picked":["Flex","Clothesline+1"],"picked":"True Grit+1","floor":22}],"player_experience":1006702,"relics_obtained":[{"floor":6.0,"key":"Pantograph"},{"floor":9.0,"key":"Calipers"},{"floor":14.0,"key":"Peace Pipe"},{"floor":21,"key":"Molten Egg 2"}],"event_choices":[{"damage_healed":0.0,"max_hp_gain":0.0,"max_hp_loss":0.0,"gold_gain":0.0,"event_name":"World of Goop","player_choice":"Left Gold","floor":2.0,"gold_loss":52.0,"damage_taken":0.0},{"damage_healed":0.0,"max_hp_gain":0.0,"max_hp_loss":0.0,"gold_gain":0.0,"cards_transformed":["Strike_R"],"event_name":"Transmorgrifier","player_choice":"Transformed","floor":3.0,"gold_loss":0.0,"damage_taken":0.0,"cards_obtained":["Second Wind"]},{"damage_healed":0,"gold_gain":0,"player_choice":"Ignored","damage_taken":0,"max_hp_gain":0,"max_hp_loss":0,"event_name":"Cursed Tome","floor":20,"gold_loss":0}],"is_beta":false,"boss_relics":[{"not_picked":["Empty Cage","Runic Pyramid"],"picked":"Mark of Pain"}],"items_purged_floors":[],"is_endless":false,"potions_floor_spawned":[4,10,14,16,22],"killed_by":"Slavers","ascension_level":20}