{"gold_per_floor":[114,189,205,215,229,245,245,261,306,306,306,306,329,343,343,343],"floor_reached":16,"playtime":446,"items_purged":[],"score":94,"play_id":"5b4e0213-f0b4-47cc-b1c4-da8c081b0713","local_time":"20190625062839","is_ascension_mode":false,"campfire_choices":[{"data":"Zap","floor":10,"key":"SMITH"},{"data":"Dualcast","floor":15,"key":"SMITH"}],"neow_cost":"NONE","seed_source_timestamp":0,"circlet_count":0,"master_deck":["Strike_B","Strike_B","Strike_B","Strike_B","Defend_B","Defend_B","Defend_B","Defend_B","Zap+1","Dualcast+1","Cold Snap","Storm","Chill","Loop","Cold Snap","Glacier","Loop"],"special_seed":0,"relics":["Nuclear Battery","Blue Candle","Regal Pillow","Happy Flower"],"potions_floor_usage":[],"damage_taken":[{"damage":2.0,"enemies":"Small Slimes","floor":1.0,"turns":4.0},{"damage":6,"enemies":"Jaw Worm","floor":3,"turns":3},{"damage":6,"enemies":"2 Louse","floor":4,"turns":3},{"damage":0,"enemies":"Large Slime","floor":5,"turns":5},{"damage":11,"enemies":"3 Louse","floor":6,"turns":4},{"damage":13,"enemies":"Blue Slaver","floor":8,"turns":4},{"damage":0,"enemies":"Gremlin Gang","floor":14,"turns":6},{"damage":23,"enemies":"Slime Boss","floor":16,"turns":6}],"seed_played":"-6690603175608635305","potions_obtained":[{"floor":4,"key":"Weak Potion"},{"floor":8,"key":"Swift Potion"}],"is_trial":false,"path_per_floor":["M","?","M","M","M","M","?","M","T","R","?","$","T","M","R","B"],"character_chosen":"DEFECT","items_purchased":[],"campfire_rested":0,"item_purchase_floors":[],"current_hp_per_floor":[73,62,56,50,50,39,36,23,23,23,23,23,23,23,23,0],"gold":343,"neow_bonus":"BOSS_RELIC","is_prod":false,"is_daily":false,"chose_seed":false,"campfire_upgraded":2,"win_rate":0,"timestamp":1561411719,"path_taken":["M","?","M","M","M","M","?","M","T","R","?","?","?","M","R","BOSS"],"build_version":"2019-01-23","purchased_purges":0,"victory":false,"max_hp_per_floor":[75,75,75,75,75,75,75,75,75,75,75,75,75,75,75,75],"card_choices":[{"not_picked":["Streamline","Rebound"],"picked":"Cold Snap","floor":1.0},{"not_picked":["Beam Cell","Turbo"],"picked":"Storm","floor":3},{"not_picked":["Fusion","Cold Snap"],"picked":"Chill","floor":4},{"not_picked":["Chill","Compile Driver"],"picked":"Loop","floor":5},{"not_picked":["Rebound","Conserve Battery"],"picked":"Cold Snap","floor":6},{"not_picked":["Fusion","Rebound"],"picked":"Glacier","floor":8},{"not_picked":["Chill","Stack"],"picked":"Loop","floor":14}],"player_experience":1063689,"relics_obtained":[{"floor":9,"key":"Regal Pillow"},{"floor":13,"key":"Happy Flower"}],"event_choices":[{"damage_healed":0,"gold_gain":75,"player_choice":"Gather Gold","damage_taken":11,"max_hp_gain":0,"max_hp_loss":0,"event_name":"World of Goop","floor":2,"gold_loss":0},{"damage_healed":0,"gold_gain":0,"player_choice":"Success","damage_taken":3,"relics_obtained":["Blue Candle"],"max_hp_gain":0,"max_hp_loss":0,"event_name":"Scrap Ooze","floor":7,"gold_loss":0},{"damage_healed":0,"gold_gain":0,"player_choice":"Searched \u00270\u0027 times","damage_taken":0,"max_hp_gain":0,"max_hp_loss":0,"event_name":"Dead Adventurer","floor":11,"gold_loss":0}],"is_beta":false,"boss_relics":[],"items_purged_floors":[],"is_endless":false,"potions_floor_spawned":[4,8],"killed_by":"Slime Boss","ascension_level":0}