{"gold_per_floor":[14,30,55,69,69,69,96,96,96,122,151,163,250,275,287,299],"floor_reached":16,"playtime":793,"items_purged":[],"score":215,"play_id":"b18d0b27-9a9f-4898-9fe9-b9460a0032ab","local_time":"20190318171448","is_ascension_mode":true,"campfire_choices":[{"data":"Capacitor","floor":6.0,"key":"SMITH"},{"data":"Core Surge","floor":12,"key":"SMITH"},{"data":"Leap","floor":15,"key":"SMITH"}],"neow_cost":"NO_GOLD","seed_source_timestamp":291301258410200,"circlet_count":0,"master_deck":["AscendersBane","Strike_B","Strike_B","Strike_B","Defend_B","Defend_B","Defend_B","Defend_B","Zap+1","Dualcast","Core Surge+1","Cold Snap","Steam","Capacitor+1","Compile Driver","Leap+1","Compile Driver"],"special_seed":0,"relics":["Cracked Core","Pen Nib","Question Card","Omamori","MawBank","Mercury Hourglass"],"potions_floor_usage":[10,16,16],"damage_taken":[{"damage":0.0,"enemies":"Cultist","floor":1.0,"turns":3.0},{"damage":0.0,"enemies":"Small Slimes","floor":2.0,"turns":2.0},{"damage":5.0,"enemies":"Jaw Worm","floor":4.0,"turns":4.0},{"damage":22.0,"enemies":"Lagavulin","floor":7.0,"turns":11.0},{"damage":10,"enemies":"3 Sentries","floor":10,"turns":9},{"damage":0,"enemies":"Looter","floor":11,"turns":3},{"damage":4,"enemies":"Large Slime","floor":14,"turns":4},{"damage":21,"enemies":"Hexaghost","floor":16,"turns":10}],"seed_played":"-1693387927252502651","potions_obtained":[{"floor":1.0,"key":"Block Potion"},{"floor":2.0,"key":"FearPotion"},{"floor":4.0,"key":"Swift Potion"},{"floor":11,"key":"Ancient Potion"},{"floor":14,"key":"SkillPotion"}],"is_trial":false,"path_per_floor":["M","M","T","M","?","R","E","?","T","E","M","R","T","M","R","B"],"character_chosen":"DEFECT","items_purchased":[],"campfire_rested":0,"item_purchase_floors":[],"current_hp_per_floor":[64,64,64,59,59,59,37,30,30,20,20,20,20,16,16,0],"gold":299,"neow_bonus":"THREE_RARE_CARDS","is_prod":false,"is_daily":false,"chose_seed":false,"campfire_upgraded":3,"win_rate":0,"timestamp":1552922088,"path_taken":["M","?","?","M","?","R","E","?","T","E","M","R","?","M","R","BOSS"],"build_version":"2019-01-23","purchased_purges":0,"victory":false,"max_hp_per_floor":[71,71,71,71,71,71,71,71,71,71,71,71,71,71,71,71],"card_choices":[{"not_picked":["Machine Learning","Buffer"],"picked":"Core Surge","floor":0.0},{"not_picked":["Beam Cell","Ball Lightning"],"picked":"Cold Snap","floor":1.0},{"not_picked":["Loop","Redo"],"picked":"Steam","floor":2.0},{"not_picked":["Steam","Tempest"],"picked":"Capacitor","floor":4.0},{"not_picked":["Chill","Aggregate","Stack"],"picked":"SKIP","floor":7.0},{"not_picked":["Loop","Double Energy","Hologram"],"picked":"Compile Driver","floor":10},{"not_picked":["Streamline","Redo","Compile Driver"],"picked":"Leap","floor":11},{"not_picked":["All For One","Reprogram","Go for the Eyes"],"picked":"Compile Driver","floor":14}],"player_experience":929201,"relics_obtained":[{"floor":3.0,"key":"Pen Nib"},{"floor":7.0,"key":"Question Card"},{"floor":9.0,"key":"Omamori"},{"floor":10,"key":"MawBank"},{"floor":13,"key":"Mercury Hourglass"}],"event_choices":[{"damage_healed":0.0,"max_hp_gain":0.0,"max_hp_loss":0.0,"gold_gain":0.0,"event_name":"Living Wall","player_choice":"Grow","floor":5.0,"gold_loss":0.0,"damage_taken":0.0,"cards_upgraded":["Zap"]},{"cards_removed":["Strike_B"],"damage_healed":0.0,"max_hp_gain":0.0,"max_hp_loss":0.0,"gold_gain":0.0,"event_name":"Golden Wing","player_choice":"Card Removal","floor":8.0,"gold_loss":0.0,"damage_taken":7.0}],"is_beta":false,"boss_relics":[],"items_purged_floors":[],"is_endless":false,"potions_floor_spawned":[1,2,4,11,14],"killed_by":"Hexaghost","ascension_level":19}