{"gold_per_floor":[115,129,129,145,166,166,166,166,166,184,222,222,236,257,257,257],"floor_reached":16,"playtime":685,"items_purged":[],"score":104,"play_id":"5c688986-af13-49de-a51e-bd683a23e0cd","local_time":"20190609034844","is_ascension_mode":false,"campfire_choices":[{"data":"Defragment","floor":6,"key":"SMITH"},{"data":"Zap","floor":8,"key":"SMITH"},{"floor":12,"key":"REST"},{"data":"Defragment","floor":15,"key":"SMITH"}],"neow_cost":"NONE","seed_source_timestamp":766706984126615,"circlet_count":0,"master_deck":["Strike_B","Strike_B","Strike_B","Strike_B","Defend_B","Defend_B","Defend_B","Defend_B","Zap+1","Dualcast","Multi-Cast","Storm","FTL","Defragment+1","Regret","Coolheaded","Melter","Defragment+1","Buffer"],"relics":["Cracked Core","Golden Idol","Turnip","Prayer Wheel","Bottled Lightning"],"potions_floor_usage":[11,16,16],"damage_taken":[{"damage":1,"enemies":"Cultist","floor":1,"turns":3},{"damage":2,"enemies":"2 Louse","floor":2,"turns":3},{"damage":8,"enemies":"Jaw Worm","floor":4,"turns":3},{"damage":9,"enemies":"Blue Slaver","floor":5,"turns":4},{"damage":5,"enemies":"2 Fungi Beasts","floor":10,"turns":3},{"damage":29,"enemies":"Gremlin Nob","floor":11,"turns":5},{"damage":13,"enemies":"Red Slaver","floor":13,"turns":2},{"damage":1,"enemies":"Large Slime","floor":14,"turns":4},{"damage":13,"enemies":"Hexaghost","floor":16,"turns":9}],"seed_played":"2683457006875988487","potions_obtained":[{"floor":1,"key":"PowerPotion"},{"floor":10,"key":"LiquidBronze"},{"floor":13,"key":"GamblersBrew"}],"is_trial":false,"path_per_floor":["M","M","?","M","M","R","?","R","T","M","E","R","M","M","R","B"],"character_chosen":"DEFECT","items_purchased":[],"campfire_rested":1,"item_purchase_floors":[],"current_hp_per_floor":[74,72,54,46,37,37,37,37,37,32,3,25,12,11,11,0],"gold":257,"neow_bonus":"ONE_RANDOM_RARE_CARD","is_prod":false,"is_daily":false,"chose_seed":false,"campfire_upgraded":3,"win_rate":0,"timestamp":1560019724,"path_taken":["M","?","?","M","M","R","?","R","T","M","E","R","M","M","R","BOSS"],"build_version":"2019-01-23","purchased_purges":0,"victory":false,"max_hp_per_floor":[75,75,75,75,75,75,75,75,75,75,75,75,75,75,75,75],"card_choices":[{"not_picked":["Sweeping Beam","Hologram"],"picked":"Storm","floor":1},{"not_picked":["Doom and Gloom","Chaos","Fusion"],"picked":"SKIP","floor":2},{"not_picked":["Hologram","Force Field"],"picked":"FTL","floor":4},{"not_picked":["Go for the Eyes","Doom and Gloom"],"picked":"Defragment","floor":5},{"not_picked":["Conserve Battery","Barrage"],"picked":"Coolheaded","floor":10},{"not_picked":["Steam","Compile Driver"],"picked":"Melter","floor":10},{"not_picked":["Sweeping Beam","Steam Power","Stack"],"picked":"SKIP","floor":11},{"not_picked":["Sweeping Beam","Ball Lightning"],"picked":"Defragment","floor":13},{"not_picked":["Streamline","Beam Cell","Darkness"],"picked":"SKIP","floor":13},{"not_picked":["Compile Driver","Steam Power"],"picked":"Buffer","floor":14},{"not_picked":["Lockon","Leap","Sweeping Beam"],"picked":"SKIP","floor":14}],"player_experience":997929,"relics_obtained":[{"floor":9,"key":"Prayer Wheel"},{"floor":11,"key":"Bottled Lightning"}],"event_choices":[{"damage_healed":0,"gold_gain":0,"player_choice":"Take Damage","damage_taken":18,"relics_obtained":["Golden Idol"],"max_hp_gain":0,"max_hp_loss":0,"event_name":"Golden Idol","floor":3,"gold_loss":0},{"damage_healed":0,"gold_gain":0,"player_choice":"Box","damage_taken":0,"relics_obtained":["Turnip"],"max_hp_gain":0,"max_hp_loss":0,"event_name":"Big Fish","floor":7,"gold_loss":0,"cards_obtained":["Regret"]}],"is_beta":false,"boss_relics":[],"items_purged_floors":[],"is_endless":false,"potions_floor_spawned":[1,10,13],"killed_by":"Hexaghost","ascension_level":0}