{"gold_per_floor":[369,369,386,536,547,547,563,563,609,609,453,466,466,466],"floor_reached":14,"playtime":310,"items_purged":["Doubt"],"score":140,"play_id":"4bd28ca0-cd40-4432-876e-8cf18272f414","local_time":"20190102165208","is_ascension_mode":true,"campfire_choices":[{"data":"Defragment","floor":6,"key":"SMITH"},{"data":"Dualcast","floor":8,"key":"SMITH"},{"data":"Coolheaded","floor":10,"key":"SMITH"}],"neow_cost":"TEN_PERCENT_HP_LOSS","seed_source_timestamp":1382063149654030,"circlet_count":0,"master_deck":["AscendersBane","Strike_B","Strike_B","Strike_B","Defend_B","Defend_B","Defend_B","Defend_B","Zap+1","Dualcast+1","Coolheaded+1","Defragment+1","Loop"],"relics":["Cracked Core","Blood Vial"],"potions_floor_usage":[],"damage_taken":[{"damage":9,"enemies":"2 Louse","floor":1,"turns":2},{"damage":0,"enemies":"Cultist","floor":3,"turns":3},{"damage":11,"enemies":"Jaw Worm","floor":5,"turns":5},{"damage":19,"enemies":"Exordium Thugs","floor":7,"turns":4},{"damage":15,"enemies":"2 Fungi Beasts","floor":12,"turns":3},{"damage":8,"enemies":"Blue Slaver","floor":14,"turns":1}],"seed_played":"3430440289085683863","potions_obtained":[{"floor":3,"key":"Energy Potion"},{"floor":5,"key":"FearPotion"}],"is_trial":false,"path_per_floor":["M","?","M","?","M","R","M","R","T","R","$","M","?","M"],"character_chosen":"DEFECT","items_purchased":["Loop"],"campfire_rested":0,"item_purchase_floors":[11],"current_hp_per_floor":[55,55,55,55,44,44,25,25,25,25,25,12,5,0],"gold":466,"neow_bonus":"TWO_FIFTY_GOLD","is_prod":false,"is_daily":false,"chose_seed":false,"campfire_upgraded":3,"win_rate":0,"timestamp":1546415528,"path_taken":["M","?","?","?","M","R","M","R","T","R","?","M","?","M"],"build_version":"2018-12-20","purchased_purges":1,"victory":false,"max_hp_per_floor":[64,64,64,64,64,64,64,64,64,64,64,64,64,64],"card_choices":[{"not_picked":["Beam Cell","Compile Driver","Streamline"],"picked":"SKIP","floor":1},{"not_picked":["Beam Cell","Leap"],"picked":"Coolheaded","floor":3},{"not_picked":["Reboot","Skim"],"picked":"Defragment","floor":5},{"not_picked":["Steam","Gash","Heatsinks"],"picked":"SKIP","floor":7},{"not_picked":["Barrage","Rebound","Beam Cell"],"picked":"SKIP","floor":12}],"player_experience":705877,"relics_obtained":[{"floor":9,"key":"Blood Vial"}],"event_choices":[{"damage_healed":0,"gold_gain":0,"player_choice":"Upgraded","damage_taken":0,"max_hp_gain":0,"max_hp_loss":0,"event_name":"Upgrade Shrine","floor":2,"gold_loss":0,"cards_upgraded":["Zap"]},{"damage_healed":0,"gold_gain":150,"player_choice":"AGREE","damage_taken":0,"max_hp_gain":0,"max_hp_loss":0,"event_name":"Liars Game","floor":4,"gold_loss":0,"cards_obtained":["Doubt"]},{"cards_removed":["Strike_B"],"damage_healed":0,"gold_gain":0,"player_choice":"Card Removal","damage_taken":7,"max_hp_gain":0,"max_hp_loss":0,"event_name":"Golden Wing","floor":13,"gold_loss":0}],"is_beta":false,"boss_relics":[],"items_purged_floors":[11],"is_endless":false,"potions_floor_spawned":[3,5,7,12],"killed_by":"Blue Slaver","ascension_level":15}