{"gold_per_floor":[110,73,148,298,154,154,154,165,190,215,215,250,250,266,266,337,337,351,369,369,399,399,399,413,413,440,456,474,295,295,295,295,295],"floor_reached":33,"playtime":1194,"items_purged":["Doubt","Strike_B"],"score":483,"play_id":"daec530f-d036-40e6-b42c-b1177ac82c51","local_time":"20190102164631","is_ascension_mode":true,"campfire_choices":[{"data":"Loop","floor":6,"key":"SMITH"},{"data":"Self Repair","floor":11,"key":"SMITH"},{"data":"Coolheaded","floor":13,"key":"SMITH"},{"data":"Defend_B","floor":15,"key":"SMITH"},{"floor":23,"key":"REST"},{"data":"Buffer","floor":25,"key":"SMITH"},{"data":"Capacitor","floor":30,"key":"SMITH"},{"floor":32,"key":"REST"}],"neow_cost":"NONE","seed_source_timestamp":1380842172628733,"circlet_count":0,"master_deck":["AscendersBane","Strike_B","Strike_B","Strike_B","Defend_B","Defend_B","Defend_B","Defend_B+1","Zap+1","Dualcast+1","Coolheaded+1","Self Repair+1","Loop+1","Cold Snap","Buffer+1","Ball Lightning","Self Repair","Conserve Battery","Capacitor+1"],"relics":["Cracked Core","NeowsBlessing","War Paint","Potion Belt","Question Card","Sozu","Red Mask","FaceOfCleric","Lantern","Enchiridion"],"potions_floor_usage":[12,19,24],"damage_taken":[{"damage":0,"enemies":"Jaw Worm","floor":1,"turns":1},{"damage":0,"enemies":"2 Louse","floor":8,"turns":1},{"damage":0,"enemies":"3 Sentries","floor":10,"turns":1},{"damage":31,"enemies":"Gremlin Nob","floor":12,"turns":4},{"damage":0,"enemies":"Cultist","floor":14,"turns":3},{"damage":43,"enemies":"Hexaghost","floor":16,"turns":14},{"damage":0,"enemies":"Spheric Guardian","floor":18,"turns":6},{"damage":25,"enemies":"2 Thieves","floor":19,"turns":4},{"damage":47,"enemies":"Masked Bandits","floor":21,"turns":5},{"damage":5,"enemies":"Chosen and Byrds","floor":24,"turns":8},{"damage":36,"enemies":"Cultist and Chosen","floor":27,"turns":8},{"damage":5,"enemies":"Snake Plant","floor":28,"turns":6},{"damage":83,"enemies":"Champ","floor":33,"turns":18}],"seed_played":"-7290802369572142424","potions_obtained":[{"floor":1,"key":"GamblersBrew"},{"floor":10,"key":"FearPotion"},{"floor":12,"key":"AttackPotion"}],"is_trial":false,"path_per_floor":["M","$","?","?","$","R","?","M","T","E","R","E","R","M","R","B",null,"M","M","?","?","?","R","M","R","T","M","M","$","R","?","R","B"],"character_chosen":"DEFECT","items_purchased":["Self Repair","Loop","Capacitor"],"campfire_rested":2,"item_purchase_floors":[2,5,29],"current_hp_per_floor":[64,64,53,53,53,53,53,53,53,60,60,39,39,49,49,16,57,67,52,52,22,22,43,56,56,56,38,51,51,51,30,52,0],"gold":295,"neow_bonus":"THREE_ENEMY_KILL","is_prod":false,"is_daily":false,"chose_seed":false,"campfire_upgraded":6,"win_rate":0,"timestamp":1546415191,"path_taken":["M","$","?","?","$","R","?","?","T","E","R","E","R","M","R","BOSS","M","M","?","?","?","R","?","R","T","M","M","$","R","?","R","BOSS"],"build_version":"2018-12-20","purchased_purges":2,"victory":false,"max_hp_per_floor":[71,71,71,71,71,71,71,71,71,71,71,71,71,71,71,71,71,71,71,71,71,71,71,72,72,72,73,74,74,74,74,74,74],"card_choices":[{"not_picked":["Storm","Compile Driver"],"picked":"Coolheaded","floor":1},{"not_picked":["Undo","Turbo","Barrage"],"picked":"SKIP","floor":8},{"not_picked":["Blizzard","Hologram"],"picked":"Cold Snap","floor":10},{"not_picked":["Chaos","Compile Driver","Rebound"],"picked":"SKIP","floor":12},{"not_picked":["Hello World","Reprogram","Beam Cell","Steam"],"picked":"SKIP","floor":14},{"not_picked":["Rainbow","Machine Learning","Creative AI"],"picked":"Buffer","floor":16},{"not_picked":["Coolheaded","Turbo","Storm"],"picked":"Ball Lightning","floor":18},{"not_picked":["Undo","Stack","Aggregate"],"picked":"Self Repair","floor":19},{"not_picked":["Hologram","Sweeping Beam","Stack","Recycle"],"picked":"SKIP","floor":24},{"not_picked":["Steam","Cold Snap+1","Leap"],"picked":"Conserve Battery","floor":27},{"not_picked":["Beam Cell","Undo","Reinforced Body","Aggregate"],"picked":"SKIP","floor":28}],"player_experience":704683,"relics_obtained":[{"floor":9,"key":"War Paint"},{"floor":10,"key":"Potion Belt"},{"floor":12,"key":"Question Card"},{"floor":21,"key":"Red Mask"},{"floor":26,"key":"Lantern"},{"floor":31,"key":"Enchiridion"}],"event_choices":[{"damage_healed":0,"gold_gain":75,"player_choice":"Gather Gold","damage_taken":11,"max_hp_gain":0,"max_hp_loss":0,"event_name":"World of Goop","floor":3,"gold_loss":0},{"damage_healed":0,"gold_gain":150,"player_choice":"AGREE","damage_taken":0,"max_hp_gain":0,"max_hp_loss":0,"event_name":"Liars Game","floor":4,"gold_loss":0,"cards_obtained":["Doubt"]},{"damage_healed":0,"gold_gain":0,"player_choice":"0 cards matched","damage_taken":0,"max_hp_gain":0,"max_hp_loss":0,"event_name":"Match and Keep!","floor":7,"gold_loss":0,"cards_obtained":[]},{"damage_healed":0,"gold_gain":0,"player_choice":"Ignored","damage_taken":0,"max_hp_gain":0,"max_hp_loss":0,"event_name":"Vampires","floor":20,"gold_loss":0},{"damage_healed":0,"gold_gain":0,"player_choice":"Fought Bandits","damage_taken":0,"max_hp_gain":0,"max_hp_loss":0,"event_name":"Masked Bandits","floor":21,"gold_loss":0},{"damage_healed":0,"gold_gain":0,"player_choice":"Trade","damage_taken":0,"relics_obtained":["FaceOfCleric"],"max_hp_gain":0,"max_hp_loss":0,"event_name":"FaceTrader","floor":22,"gold_loss":0},{"damage_healed":0,"gold_gain":0,"player_choice":"Obtained Book","damage_taken":21,"max_hp_gain":0,"max_hp_loss":0,"event_name":"Cursed Tome","floor":31,"gold_loss":0}],"is_beta":false,"boss_relics":[{"not_picked":["Tiny House","Runic Pyramid"],"picked":"Sozu"}],"items_purged_floors":[5,29],"is_endless":false,"potions_floor_spawned":[1,10,12,19,24,27,28],"killed_by":"Champ","ascension_level":15}