{"gold_per_floor":[113,129,129,147,66,98,98,113,137,137,137,137,137,154,154,259,259,279,549,565,577,588,588,613,613,640,652,684,696,725,737,749,861,873,895,464,480,480,580,580,613,624,624,637,651,661,661,680,680,680],"floor_reached":51,"playtime":2629,"items_purged":["Defend_B"],"score":851,"play_id":"645f6572-37b4-4f17-ad73-73679a7dc864","local_time":"20190620033815","is_ascension_mode":false,"campfire_choices":[{"data":"Consume","floor":7,"key":"SMITH"},{"data":"Buffer","floor":10,"key":"SMITH"},{"data":"Seek","floor":13,"key":"SMITH"},{"data":"Zap","floor":15,"key":"SMITH"},{"data":"Seek","floor":23,"key":"SMITH"},{"data":"Dualcast","floor":25,"key":"SMITH"},{"data":"Self Repair","floor":27,"key":"SMITH"},{"data":"Go for the Eyes","floor":32,"key":"SMITH"},{"data":"Thinking Ahead","floor":40,"key":"SMITH"},{"data":"Seek","floor":49,"key":"SMITH"}],"neow_cost":"TEN_PERCENT_HP_LOSS","seed_source_timestamp":46336295976662,"circlet_count":0,"master_deck":["Defend_B+1","Defend_B+1","Defend_B","Zap+1","Dualcast+1","Echo Form","Consume+1","Cold Snap+1","Steam Power","Hologram","Self Repair+1","Buffer+1","Seek+1","Conserve Battery","Electrodynamics","Coolheaded","Coolheaded","Ball Lightning+1","Seek+1","Static Discharge+1","Hologram+1","Storm","Genetic Algorithm","Sunder+1","Seek+1","Cold Snap+1","Loop","Coolheaded","Thinking Ahead+1","Coolheaded","Cold Snap+1","Skim+1","Chill","White Noise+1","Madness","Madness"],"relics":["Cracked Core","War Paint","Bronze Scales","DataDisk","Sozu","Mummified Hand","MawBank","Philosopher\u0027s Stone","Membership Card","Whetstone","Lantern","Symbiotic Virus"],"potions_floor_usage":[50,50],"damage_taken":[{"damage":0,"enemies":"Small Slimes","floor":1,"turns":3},{"damage":0,"enemies":"Cultist","floor":2,"turns":3},{"damage":4,"enemies":"Jaw Worm","floor":4,"turns":6},{"damage":23,"enemies":"Gremlin Nob","floor":6,"turns":5},{"damage":3,"enemies":"3 Louse","floor":8,"turns":3},{"damage":0,"enemies":"Blue Slaver","floor":14,"turns":4},{"damage":0,"enemies":"The Guardian","floor":16,"turns":12},{"damage":3,"enemies":"Chosen","floor":18,"turns":4},{"damage":0,"enemies":"Shell Parasite","floor":20,"turns":5},{"damage":15,"enemies":"Snake Plant","floor":21,"turns":3},{"damage":13,"enemies":"Shelled Parasite and Fungi","floor":22,"turns":6},{"damage":13,"enemies":"Slavers","floor":24,"turns":3},{"damage":0,"enemies":"Centurion and Healer","floor":28,"turns":10},{"damage":0,"enemies":"Cultist and Chosen","floor":30,"turns":4},{"damage":17,"enemies":"Champ","floor":33,"turns":10},{"damage":0,"enemies":"3 Shapes","floor":35,"turns":3},{"damage":0,"enemies":"3 Darklings","floor":37,"turns":2},{"damage":0,"enemies":"Reptomancer","floor":41,"turns":3},{"damage":0,"enemies":"4 Shapes","floor":42,"turns":1},{"damage":0,"enemies":"Transient","floor":44,"turns":5},{"damage":0,"enemies":"Sphere and 2 Shapes","floor":45,"turns":1},{"damage":0,"enemies":"Maw","floor":46,"turns":5},{"damage":0,"enemies":"Writhing Mass","floor":48,"turns":3},{"damage":17,"enemies":"Awakened One","floor":50,"turns":12}],"seed_played":"8199365487776011471","potions_obtained":[{"floor":1,"key":"LiquidBronze"},{"floor":6,"key":"SpeedPotion"},{"floor":14,"key":"Swift Potion"}],"is_trial":false,"path_per_floor":["M","M","?","M","$","E","R","M","T","R","?","?","R","M","R","B",null,"M","?","M","M","M","R","E","R","T","R","M","?","M","?","R","B",null,"M","$","M","?","?","R","E","M","T","M","M","M","?","M","R","B",null],"character_chosen":"DEFECT","items_purchased":["Self Repair","Membership Card","Whetstone","Loop","Coolheaded","Thinking Ahead"],"campfire_rested":0,"item_purchase_floors":[5,36,36,36,36,36],"current_hp_per_floor":[68,68,68,64,64,55,55,59,59,59,34,34,34,34,34,41,68,65,41,55,40,41,41,35,35,35,35,55,55,55,55,55,48,68,68,68,68,68,68,68,68,68,68,68,68,68,59,59,59,52],"gold":680,"neow_bonus":"THREE_RARE_CARDS","is_prod":false,"is_daily":false,"chose_seed":false,"campfire_upgraded":10,"win_rate":0,"timestamp":1560969495,"path_taken":["M","M","?","M","$","E","R","M","T","R","?","?","R","?","R","BOSS","M","?","M","?","M","R","E","R","T","R","?","?","M","?","R","BOSS","M","$","M","?","?","R","E","?","T","M","M","M","?","M","R","BOSS"],"build_version":"2019-01-23","purchased_purges":1,"victory":true,"max_hp_per_floor":[68,68,68,68,68,68,68,68,68,68,68,68,68,68,68,68,68,68,68,68,68,68,68,68,68,68,68,68,68,68,68,68,68,68,68,68,68,68,68,68,68,68,68,68,68,68,68,68,68,68],"card_choices":[{"not_picked":["Hyperbeam","Buffer"],"picked":"Echo Form","floor":0},{"not_picked":["Force Field","Coolheaded"],"picked":"Consume","floor":1},{"not_picked":["Compile Driver","Auto Shields"],"picked":"Cold Snap","floor":2},{"not_picked":["Beam Cell","Rebound"],"picked":"Hologram","floor":4},{"not_picked":["Skim","Blizzard"],"picked":"Go for the Eyes","floor":6},{"not_picked":["Self Repair","Stack"],"picked":"Buffer","floor":8},{"not_picked":["FTL","Redo"],"picked":"Conserve Battery","floor":14},{"not_picked":["Biased Cognition","Reboot"],"picked":"Electrodynamics","floor":16},{"not_picked":["FTL","Hologram"],"picked":"Coolheaded","floor":18},{"not_picked":["Gash","Redo"],"picked":"Coolheaded","floor":20},{"not_picked":["Beam Cell","FTL"],"picked":"Ball Lightning+1","floor":21},{"not_picked":["Cold Snap","Barrage"],"picked":"Seek","floor":22},{"not_picked":["Ball Lightning","Reinforced Body"],"picked":"Static Discharge+1","floor":24},{"not_picked":["Steam","Turbo"],"picked":"Hologram+1","floor":28},{"not_picked":["Hello World","Compile Driver"],"picked":"Storm","floor":30},{"not_picked":["Meteor Strike","Fission"],"picked":"Seek","floor":33},{"not_picked":["Leap","BootSequence"],"picked":"Cold Snap+1","floor":35},{"not_picked":["Sunder+1","Streamline"],"picked":"Coolheaded","floor":37},{"not_picked":["Gash","Compile Driver"],"picked":"Cold Snap+1","floor":41},{"not_picked":["Blizzard","Steam+1"],"picked":"Skim+1","floor":42},{"not_picked":["Creative AI","Redo+1"],"picked":"Chill","floor":44},{"not_picked":["Rebound+1","Steam+1","Doom and Gloom"],"picked":"SKIP","floor":45},{"not_picked":["Steam","Scrape"],"picked":"White Noise+1","floor":46},{"not_picked":["Steam+1","Barrage+1","Coolheaded"],"picked":"SKIP","floor":48}],"player_experience":1049611,"relics_obtained":[{"floor":6,"key":"War Paint"},{"floor":9,"key":"Bronze Scales"},{"floor":24,"key":"Mummified Hand"},{"floor":26,"key":"MawBank"},{"floor":41,"key":"Lantern"},{"floor":43,"key":"Symbiotic Virus"}],"event_choices":[{"damage_healed":0,"gold_gain":0,"cards_transformed":["Strike_B"],"player_choice":"Change","damage_taken":0,"max_hp_gain":0,"max_hp_loss":0,"event_name":"Living Wall","floor":3,"gold_loss":0,"cards_obtained":["Steam Power"]},{"damage_healed":0,"gold_gain":0,"player_choice":"Success","damage_taken":25,"relics_obtained":["DataDisk"],"max_hp_gain":0,"max_hp_loss":0,"event_name":"Scrap Ooze","floor":11,"gold_loss":0},{"damage_healed":0,"gold_gain":0,"player_choice":"1 cards matched","damage_taken":0,"max_hp_gain":0,"max_hp_loss":0,"event_name":"Match and Keep!","floor":12,"gold_loss":0,"cards_obtained":["Seek"]},{"damage_healed":0,"gold_gain":270,"player_choice":"GOLD GOLD GOLD ","damage_taken":24,"max_hp_gain":0,"max_hp_loss":0,"event_name":"Knowing Skull","floor":19,"potions_obtained":[],"gold_loss":0,"cards_obtained":[]},{"cards_removed":["Strike_B"],"damage_healed":0,"gold_gain":0,"player_choice":"Elegance","damage_taken":0,"max_hp_gain":0,"max_hp_loss":0,"event_name":"Back to Basics","floor":29,"gold_loss":0},{"damage_healed":0,"gold_gain":0,"cards_transformed":["Strike_B","Strike_B"],"player_choice":"Became Test Subject","damage_taken":0,"max_hp_gain":0,"max_hp_loss":0,"event_name":"Drug Dealer","floor":31,"gold_loss":0,"cards_obtained":["Genetic Algorithm","Sunder"]},{"cards_removed":["Go for the Eyes"],"damage_healed":0,"gold_gain":0,"player_choice":"Removed Attack","damage_taken":0,"max_hp_gain":0,"max_hp_loss":0,"event_name":"Falling","floor":38,"gold_loss":0},{"damage_healed":0,"gold_gain":100,"player_choice":"Pray","damage_taken":0,"max_hp_gain":0,"max_hp_loss":0,"event_name":"Golden Shrine","floor":39,"gold_loss":0},{"damage_healed":0,"gold_gain":0,"player_choice":"Embrace Madness","damage_taken":9,"max_hp_gain":0,"max_hp_loss":0,"event_name":"Winding Halls","floor":47,"gold_loss":0,"cards_obtained":["Madness","Madness"]}],"is_beta":false,"boss_relics":[{"not_picked":["Orrery","Tiny House"],"picked":"Sozu"},{"not_picked":["Empty Cage","Velvet Choker"],"picked":"Philosopher\u0027s Stone"}],"items_purged_floors":[36],"is_endless":false,"potions_floor_spawned":[1,6,14,21,22,24,28,35,42,45],"ascension_level":0}