{"gold_per_floor":[114,64,139,314,204,204,223,223,300,126,126,143,143,161,161,257,257,271,271,289,304,320,320,334,334,334,433,433],"floor_reached":28,"playtime":873,"items_purged":["Doubt","Strike_B"],"score":208,"play_id":"f3f79511-3238-4846-bf04-27666ed6c3d4","local_time":"20190107114438","is_ascension_mode":false,"campfire_choices":[{"data":"Zap","floor":6,"key":"SMITH"},{"data":"Dualcast","floor":8,"key":"SMITH"},{"data":"Static Discharge","floor":11,"key":"SMITH"},{"data":"Conserve Battery","floor":13,"key":"SMITH"},{"data":"Heatsinks","floor":15,"key":"SMITH"},{"data":"Barrage","floor":23,"key":"SMITH"},{"data":"Defragment","floor":25,"key":"SMITH"}],"neow_cost":"NONE","seed_source_timestamp":1795031337318408,"circlet_count":0,"master_deck":["Strike_B","Strike_B","Defend_B","Defend_B","Defend_B","Defend_B","Zap+1","Dualcast+1","White Noise","FTL","Static Discharge+1","Conserve Battery+1","Heatsinks+1","All For One","Capacitor+1","Barrage+1","Hologram+1","Defragment+1"],"relics":["Cracked Core","Lantern","Mummified Hand","Coffee Dripper","Blue Candle","Du-Vu Doll"],"potions_floor_usage":[28],"damage_taken":[{"damage":1,"enemies":"Cultist","floor":1,"turns":3},{"damage":1,"enemies":"Jaw Worm","floor":7,"turns":2},{"damage":0,"enemies":"Small Slimes","floor":12,"turns":3},{"damage":0,"enemies":"Looter","floor":14,"turns":3},{"damage":37,"enemies":"The Guardian","floor":16,"turns":9},{"damage":9,"enemies":"Shell Parasite","floor":18,"turns":4},{"damage":5,"enemies":"3 Byrds","floor":20,"turns":2},{"damage":31,"enemies":"Centurion and Healer","floor":21,"turns":3},{"damage":8,"enemies":"3 Cultists","floor":22,"turns":4},{"damage":21,"enemies":"Snecko","floor":24,"turns":7},{"damage":6,"enemies":"Centurion and Healer","floor":28,"turns":2}],"seed_played":"5310052009250947429","potions_obtained":[{"floor":1,"key":"FocusPotion"},{"floor":12,"key":"Fire Potion"},{"floor":16,"key":"LiquidBronze"},{"floor":24,"key":"AttackPotion"}],"is_trial":false,"path_per_floor":["M","?","?","?","$","R","M","R","T","$","R","M","R","M","R","B",null,"M","?","M","M","M","R","M","R","T","?","M"],"character_chosen":"DEFECT","items_purchased":["FTL","Static Discharge"],"campfire_rested":0,"item_purchase_floors":[5,10],"current_hp_per_floor":[74,74,63,63,63,63,62,62,62,62,62,62,62,62,62,25,75,66,66,61,30,22,22,1,1,1,1,0],"gold":433,"neow_bonus":"RANDOM_COMMON_RELIC","is_prod":false,"is_daily":false,"chose_seed":false,"campfire_upgraded":7,"win_rate":0,"timestamp":1546829078,"path_taken":["M","?","?","?","$","R","M","R","T","?","R","M","R","M","R","BOSS","M","?","M","M","?","R","M","R","T","?","M"],"build_version":"2019-01-03v4","purchased_purges":2,"victory":false,"max_hp_per_floor":[75,75,75,75,75,75,75,75,75,75,75,75,75,75,75,75,75,75,75,75,75,75,75,75,75,75,75,75],"card_choices":[{"not_picked":["Sweeping Beam","Coolheaded"],"picked":"White Noise","floor":1},{"not_picked":["Compile Driver","Fusion","Leap"],"picked":"SKIP","floor":7},{"not_picked":["Blizzard","Ball Lightning"],"picked":"Conserve Battery","floor":12},{"not_picked":["Go for the Eyes","Coolheaded"],"picked":"Heatsinks","floor":14},{"not_picked":["Fission","Hyperbeam"],"picked":"All For One","floor":16},{"not_picked":["Gash","Conserve Battery"],"picked":"Capacitor+1","floor":18},{"not_picked":["Coolheaded+1","Gash+1"],"picked":"Barrage","floor":20},{"not_picked":["Go for the Eyes","Streamline","Hello World"],"picked":"SKIP","floor":21},{"not_picked":["Coolheaded+1","Tempest+1"],"picked":"Hologram+1","floor":22},{"not_picked":["Stack","White Noise"],"picked":"Defragment","floor":24}],"player_experience":779340,"relics_obtained":[{"floor":9,"key":"Mummified Hand"},{"floor":26,"key":"Du-Vu Doll"}],"event_choices":[{"cards_removed":["Strike_B"],"damage_healed":0,"gold_gain":0,"player_choice":"Card Removal","damage_taken":0,"max_hp_gain":0,"max_hp_loss":0,"event_name":"The Cleric","floor":2,"gold_loss":50},{"damage_healed":0,"gold_gain":75,"player_choice":"Gather Gold","damage_taken":11,"max_hp_gain":0,"max_hp_loss":0,"event_name":"World of Goop","floor":3,"gold_loss":0},{"damage_healed":0,"gold_gain":175,"player_choice":"AGREE","damage_taken":0,"max_hp_gain":0,"max_hp_loss":0,"event_name":"Liars Game","floor":4,"gold_loss":0,"cards_obtained":["Doubt"]},{"damage_healed":0,"gold_gain":0,"player_choice":"Gave Potion","damage_taken":0,"relics_obtained":["Blue Candle"],"max_hp_gain":0,"max_hp_loss":0,"event_name":"WeMeetAgain","floor":19,"gold_loss":0},{"damage_healed":0,"gold_gain":99,"player_choice":"Stole From Cult","damage_taken":0,"max_hp_gain":0,"max_hp_loss":0,"event_name":"Nest","floor":27,"gold_loss":0}],"is_beta":false,"boss_relics":[{"not_picked":["Tiny House","Eternal Feather"],"picked":"Coffee Dripper"}],"items_purged_floors":[5,10],"is_endless":false,"potions_floor_spawned":[1,12,16,24],"killed_by":"Centurion and Healer","ascension_level":0}