{"gold_per_floor":[115,115,43,43,56,82,82,98,98,113,123,123,123,142,142,246,246,266,283,296,296],"floor_reached":21,"playtime":840,"items_purged":[],"score":183,"play_id":"e5dbd052-2775-471d-a95f-a97e7aee9608","local_time":"20181224173805","is_ascension_mode":false,"campfire_choices":[{"data":"Heavy Blade","floor":7,"key":"SMITH"},{"data":"Demon Form","floor":13,"key":"SMITH"},{"floor":15,"key":"RECALL"}],"neow_cost":"CURSE","seed_source_timestamp":606688574049439,"circlet_count":0,"master_deck":["Strike_R","Strike_R","Strike_R","Strike_R","Defend_R","Defend_R","Defend_R","Defend_R","Bash","Decay","Demon Form+1","Battle Trance","Pummel","Whirlwind+1","Heavy Blade+1","Clothesline","Reaper","Headbutt","Double Tap","Warcry","Flame Barrier"],"relics":["Burning Blood","Oddly Smooth Stone","WingedGreaves","Cursed Key"],"potions_floor_usage":[],"damage_taken":[{"damage":15,"enemies":"Jaw Worm","floor":1,"turns":4},{"damage":15,"enemies":"Cultist","floor":5,"turns":5},{"damage":30,"enemies":"Gremlin Nob","floor":6,"turns":4},{"damage":1,"enemies":"2 Louse","floor":8,"turns":2},{"damage":20,"enemies":"Lots of Slimes","floor":10,"turns":3},{"damage":10,"enemies":"Blue Slaver","floor":11,"turns":5},{"damage":0,"enemies":"3 Louse","floor":14,"turns":2},{"damage":38,"enemies":"Hexaghost","floor":16,"turns":8},{"damage":11,"enemies":"3 Byrds","floor":18,"turns":4},{"damage":2,"enemies":"Chosen","floor":19,"turns":4},{"damage":32,"enemies":"3 Cultists","floor":20,"turns":5},{"damage":59,"enemies":"Shelled Parasite and Fungi","floor":21,"turns":7}],"seed_played":"1007566501828011910","potions_obtained":[{"floor":5,"key":"Energy Potion"},{"floor":6,"key":"Swift Potion"},{"floor":8,"key":"Dexterity Potion"}],"is_trial":false,"path_per_floor":["M","?","$","T","M","E","R","M","T","M","M","?","R","M","R","B",null,"M","M","M","M"],"character_chosen":"IRONCLAD","items_purchased":["Whirlwind"],"campfire_rested":0,"item_purchase_floors":[3],"current_hp_per_floor":[71,71,71,71,62,38,38,43,43,29,25,25,25,31,31,12,80,75,79,53,0],"gold":296,"neow_bonus":"THREE_RARE_CARDS","is_prod":false,"is_daily":false,"chose_seed":false,"campfire_upgraded":2,"win_rate":0,"timestamp":1545640685,"path_taken":["M","?","?","?","M","E","R","M","T","M","M","?","R","M","R","BOSS","M","M","M","?"],"build_version":"2018-12-20","purchased_purges":0,"victory":false,"max_hp_per_floor":[80,80,80,80,80,80,80,80,80,80,80,80,80,80,80,80,80,80,80,80,80],"card_choices":[{"not_picked":["Offering","Double Tap"],"picked":"Demon Form","floor":0},{"not_picked":["Warcry","Body Slam"],"picked":"Battle Trance","floor":1},{"not_picked":["Combust","Flex","Pummel"],"picked":"SKIP","floor":5},{"not_picked":["Havoc","Warcry"],"picked":"Heavy Blade","floor":6},{"not_picked":["Infernal Blade","Clash"],"picked":"Clothesline","floor":8},{"not_picked":["Cleave","Hemokinesis","Sever Soul"],"picked":"SKIP","floor":10},{"not_picked":["Wild Strike","Thunderclap"],"picked":"Reaper","floor":11},{"not_picked":["Perfected Strike","Flex"],"picked":"Headbutt","floor":14},{"not_picked":["Immolate","Juggernaut"],"picked":"Double Tap","floor":16},{"not_picked":["Sever Soul","Hemokinesis"],"picked":"Warcry","floor":18},{"not_picked":["Anger","Cleave"],"picked":"Flame Barrier","floor":19},{"not_picked":["Iron Wave","Dropkick","Power Through"],"picked":"SKIP","floor":20}],"player_experience":669180,"relics_obtained":[{"floor":6,"key":"Oddly Smooth Stone"},{"floor":9,"key":"WingedGreaves"}],"event_choices":[{"damage_healed":0,"gold_gain":0,"cards_transformed":["Strike_R"],"player_choice":"Transformed","damage_taken":0,"max_hp_gain":0,"max_hp_loss":0,"event_name":"Transmorgrifier","floor":2,"gold_loss":0,"cards_obtained":["Pummel"]},{"damage_healed":0,"gold_gain":0,"player_choice":"Upgraded","damage_taken":0,"max_hp_gain":0,"max_hp_loss":0,"event_name":"Upgrade Shrine","floor":12,"gold_loss":0,"cards_upgraded":["Whirlwind"]}],"is_beta":false,"boss_relics":[{"not_picked":["Ectoplasm","Fusion Hammer"],"picked":"Cursed Key"}],"items_purged_floors":[],"is_endless":false,"potions_floor_spawned":[5,6,8,10,11],"killed_by":"Shelled Parasite and Fungi","ascension_level":0}