{"gold_per_floor":[110,133,133,58,69,102,102,115,115,390,409,421,421,440,440,543,543,559,559,658,42,52,52,70,70,70,70,70,86,121,131,131,231,231,248,248,261,261,277,277,287,287,334,346,21,21,21,33,33,33],"floor_reached":51,"playtime":3166,"items_purged":["Regret","Normality","Writhe"],"score":1001,"play_id":"2840a65d-08bc-4e84-892d-9479d58f95c6","local_time":"20190215105051","is_ascension_mode":true,"campfire_choices":[{"data":"Neutralize","floor":7.0,"key":"SMITH"},{"data":"Footwork","floor":15.0,"key":"SMITH"},{"data":"Footwork","floor":23.0,"key":"SMITH"},{"data":"Bullet Time","floor":25.0,"key":"SMITH"},{"floor":32.0,"key":"REST"},{"data":"Burst","floor":40.0,"key":"SMITH"},{"data":"After Image","floor":42.0,"key":"SMITH"},{"data":"Accuracy","floor":44.0,"key":"SMITH"},{"data":"Footwork","floor":46.0,"key":"SMITH"},{"floor":49.0,"key":"REST"}],"neow_cost":"PERCENT_DAMAGE","seed_source_timestamp":153340888660586,"circlet_count":0,"master_deck":["AscendersBane","Defend_G","Defend_G","Defend_G","Defend_G","Defend_G","Strike_G","Strike_G","Strike_G","Strike_G","Strike_G","Survivor","Neutralize+1","Bullet Time+1","Infinite Blades","Dash","Caltrops","Choke","Footwork+1","Dagger Spray","Noxious Fumes","After Image+1","Injury","Clumsy","Acrobatics","Leg Sweep","Footwork+1","Magnetism","Cloak And Dagger+1","Storm of Steel","Dodge and Roll","Burst+1","Madness","Madness","Backflip+1","Accuracy+1","Footwork+1","Flash of Steel"],"special_seed":0,"relics":["Ring of the Snake","Centennial Puzzle","Oddly Smooth Stone","Meat on the Bone","Ornamental Fan","Calling Bell","Anchor","Blue Candle","Mango","Paper Crane","Shuriken","Dodecahedron","Darkstone Periapt","Busted Crown","MawBank"],"potions_floor_usage":[50,50,50],"damage_taken":[{"damage":2.0,"enemies":"Cultist","floor":1.0,"turns":5.0},{"damage":0.0,"enemies":"Small Slimes","floor":5.0,"turns":4.0},{"damage":16.0,"enemies":"Gremlin Nob","floor":6.0,"turns":5.0},{"damage":3.0,"enemies":"Jaw Worm","floor":8.0,"turns":4.0},{"damage":2.0,"enemies":"Red Slaver","floor":11.0,"turns":5.0},{"damage":5.0,"enemies":"3 Louse","floor":12.0,"turns":4.0},{"damage":11.0,"enemies":"Lots of Slimes","floor":14.0,"turns":5.0},{"damage":25.0,"enemies":"The Guardian","floor":16.0,"turns":12.0},{"damage":11.0,"enemies":"2 Thieves","floor":18.0,"turns":5.0},{"damage":14.0,"enemies":"Spheric Guardian","floor":22.0,"turns":6.0},{"damage":0.0,"enemies":"Snake Plant","floor":24.0,"turns":7.0},{"damage":41.0,"enemies":"3 Cultists","floor":29.0,"turns":8.0},{"damage":19.0,"enemies":"Gremlin Leader","floor":30.0,"turns":8.0},{"damage":18.0,"enemies":"Sentry and Sphere","floor":31.0,"turns":9.0},{"damage":28.0,"enemies":"Champ","floor":33.0,"turns":15.0},{"damage":35.0,"enemies":"3 Darklings","floor":35.0,"turns":8.0},{"damage":0.0,"enemies":"3 Shapes","floor":37.0,"turns":6.0},{"damage":23.0,"enemies":"Writhing Mass","floor":39.0,"turns":9.0},{"damage":13.0,"enemies":"Jaw Worm Horde","floor":41.0,"turns":7.0},{"damage":16.0,"enemies":"3 Darklings","floor":48.0,"turns":7.0},{"damage":9,"enemies":"Donu and Deca","floor":50,"turns":12}],"seed_played":"4064343467676430650","potions_obtained":[{"floor":1.0,"key":"PowerPotion"},{"floor":8.0,"key":"EssenceOfSteel"},{"floor":14.0,"key":"Poison Potion"},{"floor":16.0,"key":"Regen Potion"},{"floor":30.0,"key":"Weak Potion"},{"floor":31.0,"key":"EssenceOfSteel"},{"floor":37.0,"key":"Ancient Potion"},{"floor":48.0,"key":"Weak Potion"}],"is_trial":false,"path_per_floor":["M","T","?","$","M","E","R","M","T","?","M","M","?","M","R","B",null,"M","?","?","$","M","R","M","R","T","$","?","M","E","M","R","B",null,"M","?","M","?","M","R","M","R","T","R","$","R","$","M","R","B",null],"character_chosen":"THE_SILENT","items_purchased":["Footwork","Paper Crane","Magnetism","Footwork","Flash of Steel","SpeedPotion"],"campfire_rested":2,"item_purchase_floors":[21,21,21,45,45,45],"current_hp_per_floor":[43,43,43,43,43,27,27,36,36,36,46,41,34,35,35,22,72,61,61,61,61,61,61,61,61,61,61,61,32,25,19,44,28,70,47,36,48,48,37,37,36,36,36,36,36,36,36,32,57,48],"gold":33,"neow_bonus":"THREE_RARE_CARDS","is_prod":false,"is_daily":false,"chose_seed":false,"campfire_upgraded":8,"win_rate":0,"timestamp":1550195451,"path_taken":["M","?","?","?","?","E","R","M","T","?","?","M","?","M","R","BOSS","M","?","?","$","M","R","M","R","T","$","?","M","E","M","R","BOSS","M","?","M","?","M","R","M","R","T","R","$","R","$","M","R","BOSS"],"build_version":"2019-01-23","purchased_purges":3,"victory":true,"max_hp_per_floor":[70,70,70,70,70,70,70,70,70,70,70,70,70,70,70,70,84,84,84,84,84,84,84,84,84,84,84,84,84,84,84,84,84,84,84,84,84,84,84,84,84,84,84,84,84,84,84,84,84,84],"card_choices":[{"not_picked":["Phantasmal Killer","Glass Knife"],"picked":"Bullet Time","floor":0.0},{"not_picked":["Calculated Gamble","Concentrate"],"picked":"Infinite Blades","floor":1.0},{"not_picked":["Backflip","Bane"],"picked":"Dash","floor":5.0},{"not_picked":["Dagger Spray","Concentrate"],"picked":"Caltrops","floor":6.0},{"not_picked":["Flechettes","Dagger Throw"],"picked":"Choke","floor":8.0},{"not_picked":["PiercingWail","Infinite Blades"],"picked":"Footwork","floor":11.0},{"not_picked":["Eviscerate","Terror"],"picked":"Dagger Spray","floor":12.0},{"not_picked":["Setup","PiercingWail"],"picked":"Noxious Fumes","floor":14.0},{"not_picked":["Grand Finale","Phantasmal Killer"],"picked":"After Image","floor":16.0},{"not_picked":["Masterful Stab","Flying Knee"],"picked":"Acrobatics","floor":18.0},{"not_picked":["Eviscerate","Choke"],"picked":"Cloak And Dagger+1","floor":22.0},{"not_picked":["Endless Agony","Poisoned Stab","Concentrate"],"picked":"SKIP","floor":24.0},{"not_picked":["Poisoned Stab","Sucker Punch","Riddle With Holes+1"],"picked":"SKIP","floor":29.0},{"not_picked":["Deflect","Reflex"],"picked":"Storm of Steel","floor":30.0},{"not_picked":["Poisoned Stab+1","Dagger Throw"],"picked":"Dodge and Roll","floor":31.0},{"not_picked":["Envenom","Wraith Form v2"],"picked":"Burst","floor":33.0},{"not_picked":["Heel Hook"],"picked":"SKIP","floor":35.0},{"not_picked":[],"picked":"Backflip+1","floor":37.0},{"not_picked":["Sucker Punch+1"],"picked":"SKIP","floor":39.0},{"not_picked":["Distraction"],"picked":"SKIP","floor":41.0},{"not_picked":["Sucker Punch+1"],"picked":"SKIP","floor":48.0}],"player_experience":908644,"relics_obtained":[{"floor":2.0,"key":"Centennial Puzzle"},{"floor":6.0,"key":"Meat on the Bone"},{"floor":9.0,"key":"Ornamental Fan"},{"floor":17.0,"key":"Anchor"},{"floor":17.0,"key":"Blue Candle"},{"floor":17.0,"key":"Mango"},{"floor":26.0,"key":"Shuriken"},{"floor":30.0,"key":"Darkstone Periapt"},{"floor":43.0,"key":"MawBank"}],"event_choices":[{"damage_healed":0.0,"max_hp_gain":0.0,"max_hp_loss":0.0,"gold_gain":0.0,"event_name":"Big Fish","player_choice":"Box","floor":3.0,"gold_loss":0.0,"damage_taken":0.0,"relics_obtained":["Oddly Smooth Stone"],"cards_obtained":["Regret"]},{"damage_healed":0.0,"max_hp_gain":0.0,"max_hp_loss":0.0,"gold_gain":275.0,"event_name":"Golden Shrine","player_choice":"Desecrate","floor":10.0,"gold_loss":0.0,"damage_taken":0.0,"cards_obtained":["Regret"]},{"cards_removed":["Regret"],"damage_healed":0.0,"max_hp_gain":0.0,"max_hp_loss":0.0,"gold_gain":0.0,"event_name":"Golden Wing","player_choice":"Card Removal","floor":13.0,"gold_loss":0.0,"damage_taken":7.0},{"damage_healed":0.0,"max_hp_gain":0.0,"max_hp_loss":0.0,"gold_gain":0.0,"event_name":"The Library","player_choice":"Read","floor":19.0,"gold_loss":0.0,"damage_taken":0.0,"cards_obtained":["Leg Sweep"]},{"damage_healed":0.0,"max_hp_gain":0.0,"max_hp_loss":0.0,"gold_gain":99.0,"event_name":"Nest","player_choice":"Stole From Cult","floor":20.0,"gold_loss":0.0,"damage_taken":0.0},{"damage_healed":0.0,"max_hp_gain":0.0,"max_hp_loss":0.0,"gold_gain":0.0,"event_name":"The Mausoleum","player_choice":"Opened","floor":28.0,"gold_loss":0.0,"damage_taken":0.0,"relics_obtained":["Dodecahedron"],"cards_obtained":["Writhe"]},{"damage_healed":0.0,"max_hp_gain":0.0,"max_hp_loss":0.0,"gold_gain":0.0,"event_name":"Winding Halls","player_choice":"Embrace Madness","floor":36.0,"gold_loss":0.0,"damage_taken":11.0,"cards_obtained":["Madness","Madness"]},{"damage_healed":0.0,"max_hp_gain":0.0,"max_hp_loss":0.0,"gold_gain":0.0,"event_name":"Match and Keep!","player_choice":"1 cards matched","floor":38.0,"gold_loss":0.0,"damage_taken":0.0,"cards_obtained":["Accuracy"]}],"is_beta":false,"boss_relics":[{"not_picked":["HoveringKite","WristBlade"],"picked":"Calling Bell"},{"not_picked":["Coffee Dripper","White Beast Statue"],"picked":"Busted Crown"}],"items_purged_floors":[4,21,45],"is_endless":false,"potions_floor_spawned":[1,8,14,16,30,31,37,48],"ascension_level":10}