{"gold_per_floor":[118,129,53,53,68,68,94,94,118,148,148,175,175,188,188,266,266,276,58,77,77,93,93,93,93,117,135,190,190,190,72,72,72],"floor_reached":33,"playtime":1688,"items_purged":["Strike_R"],"score":562,"play_id":"e8bf5574-1525-4577-bfdf-4b980e87bba6","local_time":"20190325235126","is_ascension_mode":true,"campfire_choices":[{"data":"Clothesline","floor":6,"key":"SMITH"},{"data":"Feel No Pain","floor":8,"key":"SMITH"},{"data":"Bash","floor":11,"key":"SMITH"},{"data":"Headbutt","floor":15,"key":"SMITH"},{"data":"Whirlwind","floor":23,"key":"SMITH"},{"data":"Reaper","floor":25,"key":"SMITH"},{"data":"Shockwave","floor":30,"key":"SMITH"},{"data":"Flame Barrier","floor":32,"key":"SMITH"}],"neow_cost":"NONE","seed_source_timestamp":919073155568100,"circlet_count":0,"master_deck":["AscendersBane","Strike_R","Defend_R","Defend_R","Defend_R","Defend_R","Bash+1","Clothesline+1","Feel No Pain+1","Headbutt","Headbutt+1","Dropkick","Reaper+1","Flame Barrier+1","Whirlwind+1","Reckless Charge","Shockwave+1","Flame Barrier+1"],"relics":["Burning Blood","Lantern","Anchor","Regal Pillow","Pen Nib","Snecko Eye","Strange Spoon","Strawberry","Tiny Chest","Bottled Lightning"],"potions_floor_usage":[12,16,33],"damage_taken":[{"damage":2,"enemies":"2 Louse","floor":1,"turns":4},{"damage":9,"enemies":"Jaw Worm","floor":2,"turns":4},{"damage":4,"enemies":"Cultist","floor":5,"turns":3},{"damage":39,"enemies":"Gremlin Nob","floor":7,"turns":5},{"damage":12,"enemies":"3 Sentries","floor":10,"turns":14},{"damage":6,"enemies":"Gremlin Nob","floor":12,"turns":3},{"damage":2,"enemies":"Exordium Thugs","floor":14,"turns":4},{"damage":34,"enemies":"The Guardian","floor":16,"turns":14},{"damage":13,"enemies":"3 Byrds","floor":18,"turns":6},{"damage":9,"enemies":"Shell Parasite","floor":20,"turns":7},{"damage":18,"enemies":"Snake Plant","floor":22,"turns":5},{"damage":8,"enemies":"Cultist and Chosen","floor":27,"turns":7},{"damage":48,"enemies":"Gremlin Leader","floor":28,"turns":6},{"damage":83,"enemies":"Automaton","floor":33,"turns":10}],"seed_played":"-7668873880784757323","potions_obtained":[{"floor":10,"key":"Strength Potion"},{"floor":12,"key":"Block Potion"},{"floor":28,"key":"Regen Potion"}],"is_trial":false,"path_per_floor":["M","M","$","?","M","R","E","R","T","E","R","E","?","M","R","B",null,"M","$","M","?","M","R","?","R","T","M","E","T","R","$","R","B"],"character_chosen":"IRONCLAD","items_purchased":["Feel No Pain","Strange Spoon","Flame Barrier"],"campfire_rested":0,"item_purchase_floors":[3,19,31],"current_hp_per_floor":[79,76,76,69,71,71,38,38,38,32,32,32,32,36,36,8,64,69,69,66,66,57,57,57,57,64,81,46,46,46,46,46,0],"gold":72,"neow_bonus":"TEN_PERCENT_HP_BONUS","is_prod":false,"is_daily":false,"chose_seed":false,"campfire_upgraded":8,"win_rate":0,"timestamp":1553550686,"path_taken":["M","M","$","?","M","R","E","R","T","E","R","E","?","M","R","BOSS","M","$","M","?","M","R","?","R","T","?","E","?","R","?","R","BOSS"],"build_version":"2019-01-23","purchased_purges":1,"victory":false,"max_hp_per_floor":[82,82,82,82,82,82,82,82,82,82,82,82,82,82,82,82,82,82,82,82,82,82,82,82,82,89,89,89,89,89,89,89,89],"card_choices":[{"not_picked":["Warcry","True Grit","Power Through"],"picked":"SKIP","floor":1},{"not_picked":["Evolve","Hemokinesis"],"picked":"Clothesline","floor":2},{"not_picked":["Iron Wave","Shrug It Off"],"picked":"Headbutt","floor":5},{"not_picked":["Headbutt","Warcry","Twin Strike"],"picked":"SKIP","floor":7},{"not_picked":["Sentinel","Pommel Strike","Warcry"],"picked":"SKIP","floor":10},{"not_picked":["Brutality","Combust"],"picked":"Headbutt","floor":12},{"not_picked":["Burning Pact","Blood for Blood"],"picked":"Dropkick","floor":14},{"not_picked":["Barricade","Berserk"],"picked":"Reaper","floor":16},{"not_picked":["Armaments","Feel No Pain"],"picked":"Flame Barrier+1","floor":18},{"not_picked":["Sword Boomerang","Sever Soul"],"picked":"Whirlwind","floor":20},{"not_picked":["Entrench","Pommel Strike+1"],"picked":"Reckless Charge","floor":22},{"not_picked":["Combust","Intimidate"],"picked":"Shockwave","floor":27},{"not_picked":["Berserk","Twin Strike","Warcry+1"],"picked":"SKIP","floor":28}],"player_experience":942597,"relics_obtained":[{"floor":7,"key":"Lantern"},{"floor":9,"key":"Anchor"},{"floor":10,"key":"Regal Pillow"},{"floor":12,"key":"Pen Nib"},{"floor":26,"key":"Strawberry"},{"floor":28,"key":"Tiny Chest"},{"floor":29,"key":"Bottled Lightning"}],"event_choices":[{"cards_removed":["Strike_R"],"damage_healed":0,"gold_gain":0,"player_choice":"Card Removal","damage_taken":7,"max_hp_gain":0,"max_hp_loss":0,"event_name":"Golden Wing","floor":4,"gold_loss":0},{"cards_removed":["Strike_R"],"damage_healed":0,"gold_gain":0,"player_choice":"Forget","damage_taken":0,"max_hp_gain":0,"max_hp_loss":0,"event_name":"Living Wall","floor":13,"gold_loss":0},{"damage_healed":0,"gold_gain":0,"player_choice":"Ignored","damage_taken":0,"max_hp_gain":0,"max_hp_loss":0,"event_name":"Vampires","floor":21,"gold_loss":0},{"cards_removed":["Strike_R"],"damage_healed":0,"gold_gain":0,"player_choice":"Offered Basic","damage_taken":0,"max_hp_gain":0,"max_hp_loss":0,"event_name":"Bonfire Elementals","floor":24,"gold_loss":0}],"is_beta":false,"boss_relics":[{"not_picked":["Empty Cage","Ectoplasm"],"picked":"Snecko Eye"}],"items_purged_floors":[31],"is_endless":false,"potions_floor_spawned":[10,12,28],"killed_by":"Automaton","ascension_level":20}