{"gold_per_floor":[368,5,5,5,20,20,59,83,108,64,64,64,64,97,97,191,191,205,221,221,221,241,241,241,275,275,131,131,172,172,172,172,172],"floor_reached":33,"playtime":1284,"items_purged":["Shame","Strike_B"],"score":574,"play_id":"96a51c07-6fb3-4aec-8d7e-f4837c55847c","local_time":"20190618100605","is_ascension_mode":true,"campfire_choices":[{"data":"Streamline","floor":6.0,"key":"SMITH"},{"floor":11.0,"key":"REST"},{"data":"Zap","floor":13.0,"key":"SMITH"},{"data":"Static Discharge","floor":15.0,"key":"SMITH"},{"floor":23.0,"key":"REST"},{"floor":28,"key":"REST"},{"data":"Capacitor","floor":32,"key":"SMITH"}],"neow_cost":"CURSE","seed_source_timestamp":0,"circlet_count":0,"master_deck":["AscendersBane","Strike_B","Strike_B","Strike_B","Defend_B","Defend_B","Defend_B","Defend_B","Zap+1","Dualcast","Streamline+1","Rebound","Static Discharge+1","Ball Lightning","Electrodynamics","Compile Driver","Genetic Algorithm+1","Consume+1","Ghostly","Ghostly","Ghostly+1","Cold Snap+1","Electrodynamics","Doom and Gloom","Self Repair","Capacitor+1"],"special_seed":0,"relics":["Cracked Core","Singing Bowl","Bloody Idol","DataDisk","Strawberry","Prayer Wheel","Snecko Eye","Centennial Puzzle","The Courier","War Paint"],"potions_floor_usage":[33],"damage_taken":[{"damage":12.0,"enemies":"2 Louse","floor":1.0,"turns":3.0},{"damage":2.0,"enemies":"Jaw Worm","floor":5.0,"turns":3.0},{"damage":39.0,"enemies":"Gremlin Nob","floor":7.0,"turns":4.0},{"damage":11.0,"enemies":"Small Slimes","floor":8.0,"turns":3.0},{"damage":20.0,"enemies":"Lagavulin","floor":14.0,"turns":5.0},{"damage":24.0,"enemies":"Hexaghost","floor":16.0,"turns":5.0},{"damage":6.0,"enemies":"Spheric Guardian","floor":18.0,"turns":3.0},{"damage":30.0,"enemies":"3 Byrds","floor":19.0,"turns":3.0},{"damage":13.0,"enemies":"Centurion and Healer","floor":22.0,"turns":3.0},{"damage":36.0,"enemies":"Gremlin Leader","floor":25.0,"turns":7.0},{"damage":8,"enemies":"Slavers","floor":29,"turns":3},{"damage":23,"enemies":"Champ","floor":33,"turns":7}],"seed_played":"-2781266369465067014","potions_obtained":[{"floor":7.0,"key":"Ancient Potion"},{"floor":8.0,"key":"Strength Potion"},{"floor":16.0,"key":"PowerPotion"},{"floor":22.0,"key":"Strength Potion"},{"floor":24.0,"key":"Regen Potion"},{"floor":29,"key":"PowerPotion"}],"is_trial":false,"path_per_floor":["M","$","?","?","M","R","E","M","T","$","R","?","R","E","R","B",null,"M","M","?","?","M","R","?","E","T","$","R","E","?","?","R","B"],"character_chosen":"DEFECT","items_purchased":["Singing Bowl","Static Discharge","Self Repair"],"campfire_rested":3,"item_purchase_floors":[2,10,27],"current_hp_per_floor":[52,52,52,52,52,52,13,4,11,11,33,58,58,38,38,14,60,56,26,26,26,13,24,24,3,3,3,14,15,15,15,15,0],"gold":172,"neow_bonus":"TWO_FIFTY_GOLD","is_prod":false,"is_daily":false,"chose_seed":false,"campfire_upgraded":4,"win_rate":0,"timestamp":1560841565,"path_taken":["M","$","?","?","M","R","E","M","T","$","R","?","R","E","R","BOSS","M","M","?","?","?","R","?","E","T","?","R","E","?","?","R","BOSS"],"build_version":"2019-01-23","purchased_purges":2,"victory":false,"max_hp_per_floor":[71,71,64,64,66,66,66,68,75,75,75,75,75,75,75,75,75,77,77,38,38,38,38,38,38,38,38,38,40,40,40,40,40],"card_choices":[{"not_picked":["Go for the Eyes","Sweeping Beam"],"picked":"Streamline","floor":1.0},{"not_picked":["Reprogram","Storm","Redo"],"picked":"Singing Bowl","floor":5.0},{"not_picked":["FTL","Streamline"],"picked":"Rebound","floor":7.0},{"not_picked":["Lockon","Heatsinks","Stack"],"picked":"Singing Bowl","floor":8.0},{"not_picked":["Loop","Machine Learning"],"picked":"Ball Lightning","floor":14.0},{"not_picked":["All For One","Buffer"],"picked":"Electrodynamics","floor":16.0},{"not_picked":["Steam","Reprogram"],"picked":"Compile Driver","floor":18.0},{"not_picked":["Beam Cell","Rip and Tear+1","Blizzard"],"picked":"Singing Bowl","floor":18.0},{"not_picked":["Static Discharge","Consume"],"picked":"Genetic Algorithm","floor":19.0},{"not_picked":["Blizzard+1","Leap+1"],"picked":"Consume+1","floor":19.0},{"not_picked":["Stack","Skim"],"picked":"Cold Snap+1","floor":22.0},{"not_picked":["Chill","Streamline"],"picked":"Electrodynamics","floor":22.0},{"not_picked":["Turbo","Hologram"],"picked":"Doom and Gloom","floor":25.0},{"not_picked":["Steam","Aggregate+1","Sweeping Beam"],"picked":"Singing Bowl","floor":29}],"player_experience":1136520,"relics_obtained":[{"floor":7.0,"key":"DataDisk"},{"floor":9.0,"key":"Strawberry"},{"floor":14.0,"key":"Prayer Wheel"},{"floor":25.0,"key":"Centennial Puzzle"},{"floor":26.0,"key":"The Courier"},{"floor":29,"key":"War Paint"}],"event_choices":[{"damage_healed":0.0,"max_hp_gain":0.0,"max_hp_loss":7.0,"gold_gain":0.0,"event_name":"Golden Idol","player_choice":"Lose Max HP","floor":3.0,"gold_loss":0.0,"damage_taken":0.0,"relics_obtained":["Golden Idol"]},{"damage_healed":0.0,"max_hp_gain":0.0,"max_hp_loss":0.0,"gold_gain":0.0,"event_name":"The Cleric","player_choice":"Leave","floor":4.0,"gold_loss":0.0,"damage_taken":0.0},{"damage_healed":25.0,"max_hp_gain":0.0,"max_hp_loss":0.0,"gold_gain":0.0,"event_name":"Big Fish","player_choice":"Banana","floor":12.0,"gold_loss":0.0,"damage_taken":0.0},{"damage_healed":0.0,"max_hp_gain":0.0,"max_hp_loss":39.0,"gold_gain":0.0,"event_name":"Ghosts","player_choice":"Became a Ghost","floor":20.0,"gold_loss":0.0,"damage_taken":0.0,"cards_obtained":["Ghostly","Ghostly","Ghostly"]},{"damage_healed":0.0,"max_hp_gain":0.0,"max_hp_loss":0.0,"gold_gain":0.0,"event_name":"Vampires","player_choice":"Ignored","floor":21.0,"gold_loss":0.0,"damage_taken":0.0},{"damage_healed":0.0,"max_hp_gain":0.0,"max_hp_loss":0.0,"gold_gain":0.0,"event_name":"Lab","player_choice":"Got Potions","floor":24.0,"gold_loss":0.0,"damage_taken":0.0},{"damage_healed":0,"gold_gain":0,"player_choice":"Gave Idol","damage_taken":0,"relics_obtained":["Bloody Idol"],"max_hp_gain":0,"max_hp_loss":0,"event_name":"Forgotten Altar","floor":30,"relics_lost":["Golden Idol"],"gold_loss":0},{"damage_healed":0,"gold_gain":0,"player_choice":"Read","damage_taken":0,"max_hp_gain":0,"max_hp_loss":0,"event_name":"The Library","floor":31,"gold_loss":0,"cards_obtained":["Capacitor"]}],"is_beta":false,"boss_relics":[{"not_picked":["Coffee Dripper","Orrery"],"picked":"Snecko Eye"}],"items_purged_floors":[2,27],"is_endless":false,"potions_floor_spawned":[7,8,16,22,29],"killed_by":"Champ","ascension_level":20}