{"gold_per_floor":[361,371,394,469,480,480,505,38,38,38,88,113,133,146,146,146],"floor_reached":16,"playtime":723,"items_purged":["Strike_G"],"score":204,"play_id":"4388e8dd-4d12-486d-9918-7ff4b57beaf5","local_time":"20190620132511","is_ascension_mode":true,"campfire_choices":[{"data":"Dash","floor":6,"key":"SMITH"},{"data":"Catalyst","floor":15,"key":"SMITH"}],"neow_cost":"TEN_PERCENT_HP_LOSS","seed_source_timestamp":619853716936700,"circlet_count":0,"master_deck":["AscendersBane","Defend_G","Defend_G","Defend_G","Defend_G","Defend_G","Strike_G","Strike_G","Strike_G","Strike_G","Survivor","Neutralize","Dash+1","Deadly Poison","Tactician","Catalyst+1","Masterful Stab","Leg Sweep","Crippling Poison","Well Laid Plans","Backflip"],"special_seed":0,"relics":["Ring of the Snake","Potion Belt","Dodecahedron","Membership Card","Pantograph","Ninja Scroll","Golden Idol"],"potions_floor_usage":[7,13],"damage_taken":[{"damage":0.0,"enemies":"Cultist","floor":1.0,"turns":3.0},{"damage":0.0,"enemies":"2 Louse","floor":2.0,"turns":3.0},{"damage":0,"enemies":"Small Slimes","floor":5,"turns":5},{"damage":39,"enemies":"Lagavulin","floor":7,"turns":10},{"damage":1,"enemies":"3 Louse","floor":12,"turns":3},{"damage":0,"enemies":"Red Slaver","floor":13,"turns":1},{"damage":0,"enemies":"Exordium Thugs","floor":14,"turns":4},{"damage":29,"enemies":"Slime Boss","floor":16,"turns":11}],"seed_played":"-1790218971058480280","potions_obtained":[{"floor":1.0,"key":"SteroidPotion"},{"floor":2.0,"key":"PowerPotion"},{"floor":14,"key":"Weak Potion"}],"is_trial":false,"path_per_floor":["M","M","T","?","M","R","E","$","T","?","?","M","M","M","R","B"],"character_chosen":"THE_SILENT","items_purchased":["Membership Card","Masterful Stab","Leg Sweep","Pantograph"],"campfire_rested":0,"item_purchase_floors":[8,8,8,8],"current_hp_per_floor":[59,59,59,48,48,48,9,9,9,9,9,8,8,8,8,4],"gold":146,"neow_bonus":"TWO_FIFTY_GOLD","is_prod":false,"is_daily":false,"chose_seed":false,"campfire_upgraded":2,"win_rate":0,"timestamp":1561026311,"path_taken":["M","M","?","?","M","R","E","$","T","?","?","M","?","M","R","BOSS"],"build_version":"2019-01-23","purchased_purges":1,"victory":false,"max_hp_per_floor":[60,60,60,60,60,60,60,60,60,54,54,54,54,54,54,54],"card_choices":[{"not_picked":["Concentrate","Dagger Throw"],"picked":"Dash","floor":1.0},{"not_picked":["Underhanded Strike","Slice"],"picked":"Deadly Poison","floor":2.0},{"not_picked":["Dodge and Roll","Sucker Punch"],"picked":"Tactician","floor":5},{"not_picked":["Reflex","Glass Knife"],"picked":"Catalyst","floor":7},{"not_picked":["Blade Dance","Masterful Stab"],"picked":"Crippling Poison","floor":12},{"not_picked":["Noxious Fumes","Flying Knee"],"picked":"Well Laid Plans","floor":13},{"not_picked":["Dash","Acrobatics"],"picked":"Backflip","floor":14}],"player_experience":1147557,"relics_obtained":[{"floor":3.0,"key":"Potion Belt"},{"floor":7,"key":"Dodecahedron"},{"floor":9,"key":"Ninja Scroll"}],"event_choices":[{"damage_healed":0.0,"max_hp_gain":0.0,"max_hp_loss":0.0,"gold_gain":75.0,"event_name":"World of Goop","player_choice":"Gather Gold","floor":4.0,"gold_loss":0.0,"damage_taken":11.0},{"damage_healed":0,"gold_gain":0,"player_choice":"Lose Max HP","damage_taken":0,"relics_obtained":["Golden Idol"],"max_hp_gain":0,"max_hp_loss":6,"event_name":"Golden Idol","floor":10,"gold_loss":0},{"damage_healed":0,"gold_gain":50,"player_choice":"Pray","damage_taken":0,"max_hp_gain":0,"max_hp_loss":0,"event_name":"Golden Shrine","floor":11,"gold_loss":0}],"is_beta":false,"boss_relics":[],"items_purged_floors":[8],"is_endless":false,"potions_floor_spawned":[1,2,14],"killed_by":"Slime Boss","ascension_level":20}