{"gold_per_floor":[109,119,119,134,234,234,263,263,263,263,188,201,201,201,201,321,321,341,14,28,52,52,52,68,68,68,84,84,84,84,98,98,217,217,237,258,258,278,278,316,316,339,339,364,116,116,132,10,10,10],"floor_reached":51,"playtime":2554,"items_purged":["Regret","Defend_B"],"score":727,"play_id":"e4c59f72-7fe3-4df7-9a38-58ccfaa68daf","local_time":"20190611004449","is_ascension_mode":false,"campfire_choices":[{"data":"Defragment","floor":6,"key":"SMITH"},{"data":"Zap","floor":8,"key":"SMITH"},{"data":"Dualcast","floor":10,"key":"SMITH"},{"data":"Coolheaded","floor":15,"key":"SMITH"},{"data":"Loop","floor":23,"key":"SMITH"},{"data":"Self Repair","floor":25,"key":"SMITH"},{"data":"Defragment","floor":30,"key":"SMITH"},{"data":"Echo Form","floor":32,"key":"SMITH"},{"data":"Seek","floor":41,"key":"SMITH"},{"data":"Madness","floor":46,"key":"SMITH"},{"data":"Deep Breath","floor":49,"key":"SMITH"}],"neow_cost":"NONE","seed_source_timestamp":926563128464964,"circlet_count":0,"master_deck":["Defend_B+1","Defend_B","Defend_B+1","Zap+1","Dualcast+1","Coolheaded+1","Defragment+1","Cold Snap","Cold Snap","Echo Form+1","Go for the Eyes+1","Thunder Strike+1","Reboot+1","Self Repair+1","Loop+1","Cold Snap","Loop+1","Ball Lightning+1","Defragment+1","Storm+1","Seek+1","Madness","Madness+1","Hologram+1","Capacitor+1","Coolheaded+1","Redo+1","Capacitor","Deep Breath+1"],"relics":["Cracked Core","Bag of Preparation","Mercury Hourglass","Ornamental Fan","Dodecahedron","Golden Idol","Blood Vial","Astrolabe","Gremlin Horn","Pantograph","War Paint","Nuclear Battery","Gambling Chip","Nunchaku","DataDisk"],"potions_floor_usage":[38,50],"damage_taken":[{"damage":1,"enemies":"Jaw Worm","floor":1,"turns":3},{"damage":1,"enemies":"Cultist","floor":2,"turns":3},{"damage":7,"enemies":"2 Louse","floor":4,"turns":2},{"damage":13,"enemies":"Lagavulin","floor":7,"turns":9},{"damage":2,"enemies":"Large Slime","floor":12,"turns":4},{"damage":0,"enemies":"Hexaghost","floor":16,"turns":12},{"damage":3,"enemies":"Shell Parasite","floor":18,"turns":4},{"damage":14,"enemies":"2 Thieves","floor":20,"turns":4},{"damage":12,"enemies":"Centurion and Healer","floor":21,"turns":8},{"damage":4,"enemies":"Snecko","floor":24,"turns":6},{"damage":1,"enemies":"Shelled Parasite and Fungi","floor":27,"turns":6},{"damage":2,"enemies":"Centurion and Healer","floor":31,"turns":5},{"damage":24,"enemies":"Champ","floor":33,"turns":8},{"damage":15,"enemies":"Orb Walker","floor":35,"turns":3},{"damage":7,"enemies":"3 Darklings","floor":36,"turns":3},{"damage":0,"enemies":"Jaw Worm Horde","floor":38,"turns":3},{"damage":14,"enemies":"Reptomancer","floor":40,"turns":5},{"damage":0,"enemies":"Maw","floor":42,"turns":5},{"damage":10,"enemies":"Writhing Mass","floor":44,"turns":5},{"damage":0,"enemies":"Spire Growth","floor":47,"turns":2},{"damage":19,"enemies":"Donu and Deca","floor":50,"turns":5}],"seed_played":"-1575058744158139957","potions_obtained":[{"floor":1,"key":"Dexterity Potion"},{"floor":7,"key":"PowerPotion"},{"floor":16,"key":"FearPotion"},{"floor":20,"key":"FocusPotion"},{"floor":44,"key":"SpeedPotion"}],"is_trial":false,"path_per_floor":["M","M","?","M","?","R","E","R","T","R","$","M","?","?","R","B",null,"M","$","M","M","?","R","M","R","T","M","?","?","R","M","R","B",null,"M","M","?","M","?","E","R","M","T","M","$","R","M","$","R","B",null],"character_chosen":"DEFECT","items_purchased":["Loop","Gremlin Horn","DataDisk","Capacitor","Deep Breath"],"campfire_rested":0,"item_purchase_floors":[19,19,45,48,48],"current_hp_per_floor":[74,73,73,66,66,66,53,53,53,53,53,51,33,33,33,35,75,72,72,67,64,64,64,69,69,69,75,75,75,75,75,75,61,75,75,75,66,75,75,75,75,75,75,75,75,75,75,75,75,66],"gold":10,"neow_bonus":"RANDOM_COMMON_RELIC","is_prod":false,"is_daily":false,"chose_seed":false,"campfire_upgraded":11,"win_rate":0,"timestamp":1560181489,"path_taken":["M","M","?","M","?","R","E","R","T","R","$","?","?","?","R","BOSS","M","$","M","M","?","R","M","R","T","M","?","?","R","M","R","BOSS","M","M","?","M","?","E","R","?","T","M","?","R","M","$","R","BOSS"],"build_version":"2019-01-23","purchased_purges":2,"victory":true,"max_hp_per_floor":[75,75,75,75,75,75,75,75,75,75,75,75,75,75,75,75,75,75,75,75,75,75,75,75,75,75,75,75,75,75,75,75,75,75,75,75,75,75,75,75,75,75,75,75,75,75,75,75,75,75],"card_choices":[{"not_picked":["White Noise","Beam Cell"],"picked":"Coolheaded","floor":1},{"not_picked":["Conserve Battery","Melter"],"picked":"Defragment","floor":2},{"not_picked":["BootSequence","Auto Shields"],"picked":"Cold Snap","floor":4},{"not_picked":["Thunder Strike","Doom and Gloom"],"picked":"Cold Snap","floor":7},{"not_picked":["Stack","Turbo","Streamline"],"picked":"SKIP","floor":12},{"not_picked":["Seek","All For One"],"picked":"Echo Form","floor":16},{"not_picked":["Auto Shields","Coolheaded"],"picked":"Self Repair","floor":18},{"not_picked":["Steam Power","Gash"],"picked":"Cold Snap","floor":20},{"not_picked":["Sweeping Beam","Hello World+1"],"picked":"Loop+1","floor":21},{"not_picked":["Rip and Tear","Chaos","Streamline+1"],"picked":"SKIP","floor":24},{"not_picked":["Rebound+1","Coolheaded"],"picked":"Ball Lightning+1","floor":27},{"not_picked":["Compile Driver","Heatsinks+1"],"picked":"Storm+1","floor":31},{"not_picked":["Echo Form","Reboot"],"picked":"Seek","floor":33},{"not_picked":["Reprogram","Sweeping Beam+1","Steam"],"picked":"SKIP","floor":35},{"not_picked":["Streamline","Fusion+1","Gash"],"picked":"SKIP","floor":36},{"not_picked":["Go for the Eyes","Sweeping Beam+1"],"picked":"Hologram+1","floor":38},{"not_picked":["Gash+1","Sunder+1"],"picked":"Capacitor+1","floor":40},{"not_picked":["Auto Shields+1","Compile Driver"],"picked":"Coolheaded+1","floor":42},{"not_picked":["Ball Lightning+1","Gash+1"],"picked":"Redo+1","floor":44},{"not_picked":["Compile Driver+1","Fusion+1","Streamline"],"picked":"SKIP","floor":47}],"player_experience":1010223,"relics_obtained":[{"floor":7,"key":"Ornamental Fan"},{"floor":9,"key":"Dodecahedron"},{"floor":26,"key":"Pantograph"},{"floor":40,"key":"Gambling Chip"},{"floor":43,"key":"Nunchaku"}],"event_choices":[{"damage_healed":0,"gold_gain":0,"player_choice":"Box","damage_taken":0,"relics_obtained":["Mercury Hourglass"],"max_hp_gain":0,"max_hp_loss":0,"event_name":"Big Fish","floor":3,"gold_loss":0,"cards_obtained":["Regret"]},{"damage_healed":0,"gold_gain":100,"player_choice":"Gold","damage_taken":0,"max_hp_gain":0,"max_hp_loss":0,"event_name":"Wheel of Change","floor":5,"gold_loss":0},{"damage_healed":0,"gold_gain":0,"player_choice":"Take Damage","damage_taken":18,"relics_obtained":["Golden Idol"],"max_hp_gain":0,"max_hp_loss":0,"event_name":"Golden Idol","floor":13,"gold_loss":0},{"damage_healed":0,"gold_gain":0,"player_choice":"Searched \u00271\u0027 times","damage_taken":0,"relics_obtained":["Blood Vial"],"max_hp_gain":0,"max_hp_loss":0,"event_name":"Dead Adventurer","floor":14,"gold_loss":0},{"cards_removed":["Strike_B"],"damage_healed":0,"gold_gain":0,"player_choice":"Elegance","damage_taken":0,"max_hp_gain":0,"max_hp_loss":0,"event_name":"Back to Basics","floor":22,"gold_loss":0},{"damage_healed":0,"gold_gain":0,"player_choice":"Read","damage_taken":0,"max_hp_gain":0,"max_hp_loss":0,"event_name":"The Library","floor":28,"gold_loss":0,"cards_obtained":["Defragment"]},{"damage_healed":0,"gold_gain":0,"player_choice":"Opened","damage_taken":0,"relics_obtained":["War Paint"],"max_hp_gain":0,"max_hp_loss":0,"event_name":"The Mausoleum","floor":29,"gold_loss":0,"cards_obtained":["Writhe"]},{"damage_healed":0,"gold_gain":0,"player_choice":"Embrace Madness","damage_taken":9,"max_hp_gain":0,"max_hp_loss":0,"event_name":"Winding Halls","floor":37,"gold_loss":0,"cards_obtained":["Madness","Madness"]},{"cards_removed":["Writhe"],"damage_healed":0,"gold_gain":0,"player_choice":"Removed Curses","damage_taken":0,"max_hp_gain":0,"max_hp_loss":0,"event_name":"Fountain of Cleansing","floor":39,"gold_loss":0}],"is_beta":false,"boss_relics":[{"not_picked":["Empty Cage","Runic Dome"],"picked":"Astrolabe"},{"not_picked":["Busted Crown","Velvet Choker"],"picked":"Nuclear Battery"}],"items_purged_floors":[11,45],"is_endless":false,"potions_floor_spawned":[1,7,16,20,27,31,44,47],"ascension_level":0}