{"gold_per_floor":[109,109,126,22,38,38,64,84,84,115,115,75],"floor_reached":12,"playtime":666,"items_purged":["Strike_G"],"score":176,"play_id":"76de1597-cbf1-4985-a69b-dc94a2760bc8","local_time":"20190403171507","is_ascension_mode":true,"campfire_choices":[{"data":"Flying Knee","floor":6.0,"key":"SMITH"},{"data":"Noxious Fumes","floor":11,"key":"SMITH"}],"neow_cost":"NONE","seed_source_timestamp":680177372505000,"circlet_count":0,"master_deck":["AscendersBane","Defend_G","Defend_G","Defend_G","Defend_G","Defend_G","Strike_G","Strike_G","Strike_G","Strike_G","Survivor","Neutralize","Caltrops","Dagger Throw","Escape Plan","Flying Knee+1","Cloak And Dagger","Crippling Poison","Noxious Fumes+1","Grand Finale+1"],"special_seed":0,"relics":["Ring of the Snake","Molten Egg 2","Meat on the Bone","Mercury Hourglass"],"potions_floor_usage":[10,10],"damage_taken":[{"damage":5.0,"enemies":"Jaw Worm","floor":1.0,"turns":4.0},{"damage":1.0,"enemies":"Small Slimes","floor":3.0,"turns":3.0},{"damage":2.0,"enemies":"2 Louse","floor":5.0,"turns":4.0},{"damage":18.0,"enemies":"3 Sentries","floor":7.0,"turns":10.0},{"damage":5.0,"enemies":"Blue Slaver","floor":8.0,"turns":4.0},{"damage":22,"enemies":"Gremlin Nob","floor":10,"turns":4},{"damage":23,"enemies":"Exordium Thugs","floor":12,"turns":4}],"seed_played":"4652617184995692589","potions_obtained":[{"floor":3.0,"key":"Block Potion"},{"floor":5.0,"key":"Poison Potion"},{"floor":8.0,"key":"Strength Potion"}],"is_trial":false,"path_per_floor":["M","?","M","$","M","R","E","M","T","E","R","M"],"character_chosen":"THE_SILENT","items_purchased":["Flying Knee"],"campfire_rested":0,"item_purchase_floors":[4],"current_hp_per_floor":[54,59,58,58,56,56,38,33,33,23,23,0],"gold":75,"neow_bonus":"THREE_CARDS","is_prod":false,"is_daily":false,"chose_seed":false,"campfire_upgraded":2,"win_rate":0,"timestamp":1554300907,"path_taken":["M","?","M","$","M","R","E","M","T","E","R","M"],"build_version":"2019-01-23","purchased_purges":1,"victory":false,"max_hp_per_floor":[66,71,71,71,71,71,71,71,71,71,71,71],"card_choices":[{"not_picked":["Tactician","Deflect"],"picked":"Caltrops","floor":0.0},{"not_picked":["Dagger Spray","Bane"],"picked":"Dagger Throw","floor":1.0},{"not_picked":["Expertise","Distraction"],"picked":"Escape Plan","floor":3.0},{"not_picked":["Dodge and Roll","Riddle With Holes"],"picked":"Cloak And Dagger","floor":5.0},{"not_picked":["Sucker Punch","Deadly Poison"],"picked":"Crippling Poison","floor":7.0},{"not_picked":["Quick Slash+1","Blade Dance"],"picked":"Noxious Fumes","floor":8.0},{"not_picked":["Blade Dance","Outmaneuver"],"picked":"Grand Finale+1","floor":10}],"player_experience":957559,"relics_obtained":[{"floor":7.0,"key":"Molten Egg 2"},{"floor":9.0,"key":"Meat on the Bone"},{"floor":10,"key":"Mercury Hourglass"}],"event_choices":[{"damage_healed":0.0,"max_hp_gain":5.0,"max_hp_loss":0.0,"gold_gain":0.0,"event_name":"Big Fish","player_choice":"Donut","floor":2.0,"gold_loss":0.0,"damage_taken":0.0}],"is_beta":false,"boss_relics":[],"items_purged_floors":[4],"is_endless":false,"potions_floor_spawned":[3,5,8],"killed_by":"Exordium Thugs","ascension_level":20}