{"gold_per_floor":[110,110,60,73,85,85,111,31,55,82,92,104,118,131,131,232,232,247,5,5,22,22,22,22,22,22,54,66,97,144,173,185,297,309,340,364,376,388,51,51,68,80,130,130,107,126,151,163,163,163],"floor_reached":51,"playtime":3901,"items_purged":[],"score":709,"play_id":"5df39577-17b1-43aa-8182-e81c911e8c68","local_time":"20180728233721","daily_mods":["Draft"],"is_ascension_mode":false,"campfire_choices":[{"data":"Inflame","floor":15.0,"key":"SMITH"},{"data":"Demon Form","floor":23.0,"key":"SMITH"},{"data":"Heavy Blade","floor":28.0,"key":"SMITH"},{"data":"Heavy Blade","floor":32.0,"key":"SMITH"},{"data":"Flex","floor":40.0,"key":"SMITH"},{"floor":44,"key":"REST"},{"floor":49,"key":"REST"}],"neow_cost":"","seed_source_timestamp":0,"circlet_count":0,"master_deck":["True Grit+1","Iron Wave","Seeing Red","Rage","Flex+1","Heavy Blade+1","Twin Strike","Body Slam","Clash+1","Twin Strike","Disarm","Rage","Bloodletting","Warcry","Perfected Strike+1","Disarm","Heavy Blade+1","Ghostly Armor","Inflame+1","Sentinel","Ghostly Armor","Battle Trance","Intimidate","Demon Form+1","Intimidate","Inflame","Iron Wave+1","True Grit+1","Armaments+1","Flex+1","Barricade","Flex+1","Clothesline+1","Secret Technique","Juggernaut","Clash","Heavy Blade","Pommel Strike","Shrug It Off+1","Sword Boomerang"],"special_seed":0,"relics":["Burning Blood","Blood Vial","Vajra","Whetstone","Gremlin Horn","Sozu","Bottled Tornado","Orichalcum","Art of War","MawBank","Red Mask","Philosopher\u0027s Stone","HandDrill","War Paint","Du-Vu Doll"],"potions_floor_usage":[42,50],"damage_taken":[{"damage":0.0,"enemies":"Jaw Worm","floor":1.0,"turns":3.0},{"damage":0.0,"enemies":"Cultist","floor":4.0,"turns":3.0},{"damage":0.0,"enemies":"2 Louse","floor":5.0,"turns":2.0},{"damage":27.0,"enemies":"3 Sentries","floor":7.0,"turns":7.0},{"damage":4.0,"enemies":"Gremlin Nob","floor":10.0,"turns":3.0},{"damage":0.0,"enemies":"2 Fungi Beasts","floor":11.0,"turns":1.0},{"damage":8.0,"enemies":"Looter","floor":12.0,"turns":4.0},{"damage":0.0,"enemies":"Exordium Thugs","floor":13.0,"turns":2.0},{"damage":2.0,"enemies":"Lots of Slimes","floor":14.0,"turns":3.0},{"damage":30.0,"enemies":"Slime Boss","floor":16.0,"turns":10.0},{"damage":0.0,"enemies":"Spheric Guardian","floor":18.0,"turns":3.0},{"damage":5.0,"enemies":"3 Byrds","floor":21.0,"turns":5.0},{"damage":36.0,"enemies":"Gremlin Leader","floor":27.0,"turns":5.0},{"damage":13.0,"enemies":"Snake Plant","floor":29.0,"turns":4.0},{"damage":22.0,"floor":30.0,"turns":4.0},{"damage":6.0,"enemies":"3 Cultists","floor":31.0,"turns":5.0},{"damage":23.0,"enemies":"Champ","floor":33.0,"turns":7.0},{"damage":11.0,"enemies":"3 Darklings","floor":35.0,"turns":3.0},{"damage":7.0,"enemies":"Orb Walker","floor":36.0,"turns":3.0},{"damage":20.0,"enemies":"3 Darklings","floor":41.0,"turns":4.0},{"damage":33,"enemies":"Flame Bruiser 2 Orb","floor":42,"turns":3},{"damage":10,"enemies":"4 Shapes","floor":46,"turns":5},{"damage":45,"enemies":"Giant Head","floor":47,"turns":8},{"damage":16,"enemies":"Maw","floor":48,"turns":6},{"damage":34,"enemies":"Awakened One","floor":50,"turns":8}],"seed_played":"6898868309126482791","potions_obtained":[{"floor":4.0,"key":"EssenceOfSteel"},{"floor":5.0,"key":"SteroidPotion"},{"floor":7.0,"key":"SneckoOil"}],"is_trial":true,"path_per_floor":["M","?","?","M","M","$","E","$","T","E","M","M","M","M","R","B",null,"M","$","?","M","?","R","$","?","T","E","R","M","?","M","R","B",null,"M","M","?","?","$","R","M","M","T","R","$","M","E","M","R","B"],"character_chosen":"IRONCLAD","items_purchased":["Ghostly Armor","Bottled Tornado","HandDrill","Juggernaut","Heavy Blade"],"campfire_rested":2,"item_purchase_floors":[8,19,39,39,45],"current_hp_per_floor":[80,80,80,80,80,80,59,59,59,63,71,71,79,80,80,56,80,80,80,80,80,80,80,80,80,80,50,50,45,31,33,33,18,80,75,76,76,76,76,76,64,39,39,63,63,61,24,16,40,14],"gold":163,"neow_bonus":"","is_prod":false,"is_daily":false,"chose_seed":false,"campfire_upgraded":5,"win_rate":0,"timestamp":1532788641,"path_taken":["M","?","?","?","?","$","E","$","T","E","?","?","M","M","R","BOSS","M","$","?","M","?","R","?","?","T","E","R","?","?","M","R","BOSS","M","M","?","?","$","R","M","M","T","R","$","M","E","M","R","BOSS"],"build_version":"2018-07-26","purchased_purges":0,"victory":true,"max_hp_per_floor":[80,80,80,80,80,80,80,80,80,80,80,80,80,80,80,80,80,80,80,80,80,80,80,80,80,80,80,80,80,80,80,80,80,80,80,80,80,80,80,80,80,80,80,80,80,80,80,80,80,80],"card_choices":[{"not_picked":["Perfected Strike","Reckless Charge"],"picked":"True Grit","floor":0.0},{"not_picked":["Evolve","Flex"],"picked":"Iron Wave","floor":0.0},{"not_picked":["Anger","Iron Wave"],"picked":"Seeing Red","floor":0.0},{"not_picked":["Shrug It Off","Perfected Strike"],"picked":"Rage","floor":0.0},{"not_picked":["Entrench","Combust"],"picked":"Flex","floor":0.0},{"not_picked":["Shrug It Off","Sword Boomerang"],"picked":"Heavy Blade","floor":0.0},{"not_picked":["Dual Wield","Second Wind"],"picked":"Twin Strike","floor":0.0},{"not_picked":["Havoc","Thunderclap"],"picked":"Body Slam","floor":0.0},{"not_picked":["Combust","True Grit"],"picked":"Clash","floor":0.0},{"not_picked":["Power Through","Anger"],"picked":"Twin Strike","floor":0.0},{"not_picked":["Armaments","Havoc"],"picked":"Disarm","floor":0.0},{"not_picked":["Body Slam","True Grit"],"picked":"Rage","floor":0.0},{"not_picked":["Blood for Blood","Cleave"],"picked":"Bloodletting","floor":0.0},{"not_picked":["Reckless Charge","Headbutt"],"picked":"Warcry","floor":0.0},{"not_picked":["Clothesline","Rampage"],"picked":"Perfected Strike","floor":0.0},{"not_picked":["Power Through","Cleave"],"picked":"Disarm","floor":1.0},{"not_picked":["Warcry","Wild Strike"],"picked":"Perfected Strike","floor":4.0},{"not_picked":["Iron Wave","True Grit"],"picked":"Heavy Blade","floor":5.0},{"not_picked":["Second Wind","Sever Soul","Dropkick"],"picked":"SKIP","floor":7.0},{"not_picked":["Fire Breathing","Body Slam"],"picked":"Inflame","floor":10.0},{"not_picked":["Cleave","Clothesline"],"picked":"Sentinel","floor":11.0},{"not_picked":["Blood for Blood","Intimidate"],"picked":"Ghostly Armor","floor":12.0},{"not_picked":["Intimidate","Cleave"],"picked":"Battle Trance","floor":13.0},{"not_picked":["Sword Boomerang","Body Slam"],"picked":"Intimidate","floor":14.0},{"not_picked":["Double Tap","Berserk"],"picked":"Demon Form","floor":16.0},{"not_picked":["Havoc","Hemokinesis"],"picked":"Intimidate","floor":18.0},{"not_picked":["Thunderclap","Corruption"],"picked":"Iron Wave+1","floor":21.0},{"not_picked":["Fiend Fire","Evolve"],"picked":"True Grit+1","floor":27.0},{"not_picked":["Power Through","Clothesline"],"picked":"Armaments+1","floor":29.0},{"not_picked":["Wild Strike","Anger"],"picked":"Flex","floor":31.0},{"not_picked":["Dark Embrace","Exhume"],"picked":"Barricade","floor":33.0},{"not_picked":["Iron Wave+1","Sword Boomerang+1"],"picked":"Flex+1","floor":35.0},{"not_picked":["Cleave+1","Anger+1"],"picked":"Clothesline+1","floor":36.0},{"not_picked":["Forethought","Dark Shackles"],"picked":"Secret Technique","floor":37.0},{"not_picked":["Combust","Perfected Strike+1","Searing Blow"],"picked":"SKIP","floor":41.0},{"not_picked":["Shrug It Off","Thunderclap+1"],"picked":"Clash","floor":42},{"not_picked":["Carnage","Fire Breathing+1"],"picked":"Pommel Strike","floor":46},{"not_picked":["Whirlwind+1","Pommel Strike"],"picked":"Shrug It Off+1","floor":47},{"not_picked":["Bludgeon","Sever Soul+1"],"picked":"Sword Boomerang","floor":48}],"player_experience":300608,"relics_obtained":[{"floor":7.0,"key":"Vajra"},{"floor":9.0,"key":"Whetstone"},{"floor":10.0,"key":"Gremlin Horn"},{"floor":26.0,"key":"Art of War"},{"floor":27.0,"key":"MawBank"},{"floor":30.0,"key":"Red Mask"},{"floor":43,"key":"War Paint"},{"floor":47,"key":"Du-Vu Doll"}],"event_choices":[{"event_name":"Accursed Blacksmith","player_choice":"Rummage","floor":2.0,"damage_taken":0.0},{"event_name":"The Cleric","player_choice":"Card Removal","floor":3.0,"damage_taken":0.0},{"event_name":"Match and Keep!","player_choice":"1 cards matched","floor":20.0,"damage_taken":0.0},{"event_name":"Drug Dealer","player_choice":"Ignored","floor":22.0,"damage_taken":0.0},{"event_name":"The Mausoleum","player_choice":"Yes","floor":25.0,"damage_taken":0.0},{"event_name":"Masked Bandits","player_choice":"Fought over 109 gold","floor":30.0,"damage_taken":0.0},{"event_name":"SensoryStone","player_choice":"Memory 1","floor":37.0,"damage_taken":0.0},{"event_name":"Falling","player_choice":"Removed Attack","floor":38.0,"damage_taken":0.0}],"is_beta":true,"boss_relics":[{"not_picked":["Ectoplasm","Astrolabe"],"picked":"Sozu"},{"not_picked":["Fusion Hammer","Snecko Eye"],"picked":"Philosopher\u0027s Stone"}],"items_purged_floors":[],"is_endless":false,"potions_floor_spawned":[4,5,7,10,12,13,27,30,31,33,35,36],"ascension_level":0}