{"gold_per_floor":[10,29,29,29,29,29,64,64,64,82,82,95,95,123,123,200,200,216,243,23,33,33,33,61,61],"floor_reached":25,"playtime":989,"items_purged":[],"score":504,"play_id":"3e629d85-c746-4acf-b5fd-0d900dfe6646","local_time":"20190328144355","is_ascension_mode":true,"campfire_choices":[{"data":"Battle Trance","floor":6,"key":"SMITH"},{"data":"Flame Barrier","floor":8,"key":"SMITH"},{"data":"Anger","floor":11,"key":"SMITH"},{"data":"Shrug It Off","floor":13,"key":"SMITH"},{"data":"Defend_R","floor":15,"key":"SMITH"},{"data":"Barricade","floor":23,"key":"SMITH"}],"neow_cost":"NO_GOLD","seed_source_timestamp":155986833370000,"circlet_count":0,"master_deck":["AscendersBane","Strike_R","Strike_R","Defend_R","Defend_R","Defend_R+1","Defend_R+1","Bash+1","Battle Trance+1","Hemokinesis+1","Flame Barrier+1","Anger+1","Shrug It Off+1","Barricade+1","Headbutt+1","Clash+1","Cleave+1","Uppercut","Whirlwind","Spot Weakness"],"relics":["Burning Blood","StoneCalendar","Ancient Tea Set","Bottled Lightning","Boot","Astrolabe","Red Mask","Strange Spoon","Orichalcum"],"potions_floor_usage":[16,19,24,25,25],"damage_taken":[{"damage":14,"enemies":"Jaw Worm","floor":1,"turns":4},{"damage":1,"enemies":"Small Slimes","floor":2,"turns":4},{"damage":25,"enemies":"3 Sentries","floor":7,"turns":7},{"damage":2,"enemies":"Cultist","floor":10,"turns":2},{"damage":2,"enemies":"Lots of Slimes","floor":12,"turns":4},{"damage":0,"enemies":"Gremlin Nob","floor":14,"turns":3},{"damage":15,"enemies":"The Guardian","floor":16,"turns":9},{"damage":11,"enemies":"2 Thieves","floor":18,"turns":4},{"damage":13,"enemies":"Masked Bandits","floor":19,"turns":4},{"damage":11,"enemies":"Chosen","floor":21,"turns":7},{"damage":41,"enemies":"Book of Stabbing","floor":24,"turns":5},{"damage":16,"enemies":"3 Cultists","floor":25,"turns":3}],"seed_played":"209503986528576073","potions_obtained":[{"floor":1,"key":"Fire Potion"},{"floor":2,"key":"LiquidBronze"},{"floor":16,"key":"AttackPotion"},{"floor":19,"key":"Energy Potion"},{"floor":24,"key":"PowerPotion"}],"is_trial":false,"path_per_floor":["M","M","?","?","?","R","E","R","T","M","R","M","R","E","R","B",null,"M","?","$","M","?","R","E","M"],"character_chosen":"IRONCLAD","items_purchased":["Strange Spoon"],"campfire_rested":0,"item_purchase_floors":[20],"current_hp_per_floor":[60,65,65,65,42,42,23,23,23,27,27,31,31,37,37,28,63,58,51,51,46,46,46,11,0],"gold":61,"neow_bonus":"ONE_RARE_RELIC","is_prod":false,"is_daily":false,"chose_seed":false,"campfire_upgraded":6,"win_rate":0,"timestamp":1553777035,"path_taken":["M","M","?","?","?","R","E","R","T","M","R","?","R","E","R","BOSS","M","?","$","M","?","R","E","M"],"build_version":"2019-01-23","purchased_purges":0,"victory":false,"max_hp_per_floor":[75,75,75,75,75,75,75,75,75,75,75,75,75,75,75,75,75,75,75,75,75,75,75,75,75],"card_choices":[{"not_picked":["Heavy Blade","Clash"],"picked":"Battle Trance","floor":1},{"not_picked":["Flex","Wild Strike"],"picked":"Hemokinesis","floor":2},{"not_picked":["Barricade","Sever Soul"],"picked":"Flame Barrier","floor":7},{"not_picked":["Warcry","Sword Boomerang"],"picked":"Anger","floor":10},{"not_picked":["Body Slam","Second Wind"],"picked":"Shrug It Off","floor":12},{"not_picked":["Power Through","Fire Breathing","Perfected Strike"],"picked":"SKIP","floor":14},{"not_picked":["Limit Break","Reaper"],"picked":"Barricade","floor":16},{"not_picked":["Sword Boomerang","Intimidate"],"picked":"Uppercut","floor":18},{"not_picked":["Heavy Blade","Clothesline"],"picked":"Whirlwind","floor":19},{"not_picked":["Pommel Strike+1","Combust+1","Perfected Strike"],"picked":"SKIP","floor":21},{"not_picked":["Twin Strike","Heavy Blade"],"picked":"Spot Weakness","floor":24}],"player_experience":948662,"relics_obtained":[{"floor":7,"key":"Ancient Tea Set"},{"floor":9,"key":"Bottled Lightning"},{"floor":14,"key":"Boot"},{"floor":19,"key":"Red Mask"},{"floor":24,"key":"Orichalcum"}],"event_choices":[{"damage_healed":0,"gold_gain":0,"player_choice":"Leave","damage_taken":0,"max_hp_gain":0,"max_hp_loss":0,"event_name":"The Cleric","floor":3,"gold_loss":0},{"damage_healed":0,"gold_gain":0,"player_choice":"Grow","damage_taken":0,"max_hp_gain":0,"max_hp_loss":0,"event_name":"Living Wall","floor":4,"gold_loss":0,"cards_upgraded":["Bash"]},{"damage_healed":0,"gold_gain":0,"player_choice":"Entered Light","damage_taken":23,"max_hp_gain":0,"max_hp_loss":0,"event_name":"Shining Light","floor":5,"gold_loss":0,"cards_upgraded":["Defend_R","Hemokinesis"]},{"damage_healed":0,"gold_gain":0,"player_choice":"Fought Bandits","damage_taken":0,"max_hp_gain":0,"max_hp_loss":0,"event_name":"Masked Bandits","floor":19,"gold_loss":0},{"damage_healed":0,"gold_gain":0,"player_choice":"0 cards matched","damage_taken":0,"max_hp_gain":0,"max_hp_loss":0,"event_name":"Match and Keep!","floor":22,"gold_loss":0,"cards_obtained":[]}],"is_beta":false,"boss_relics":[{"not_picked":["Runic Pyramid","Coffee Dripper"],"picked":"Astrolabe"}],"items_purged_floors":[],"is_endless":false,"potions_floor_spawned":[1,2,7,12,16,19,24],"killed_by":"3 Cultists","ascension_level":20}