{"gold_per_floor":[114,39,39,39,9,37,37,54,80,230,230,47,61,61,61,139,139,152,165,177,0,20,20,36,36,83,83,46,46,46,81,81,81],"floor_reached":33,"playtime":1780,"items_purged":["Strike_G","Doubt"],"score":496,"play_id":"f176aa8b-1ed3-4ff7-96a0-6e999f594370","local_time":"20190211181617","is_ascension_mode":true,"campfire_choices":[{"data":"1","floor":7.0,"key":"LIFT"},{"data":"2","floor":11.0,"key":"LIFT"},{"data":"3","floor":15.0,"key":"LIFT"},{"floor":23.0,"key":"REST"},{"data":"Crippling Poison","floor":25.0,"key":"SMITH"},{"data":"Ghostly","floor":32,"key":"SMITH"}],"neow_cost":"NONE","seed_source_timestamp":377236041173900,"circlet_count":0,"master_deck":["AscendersBane","Defend_G","Defend_G","Defend_G","Defend_G","Defend_G","Strike_G","Strike_G","Survivor","Neutralize","Riddle With Holes","Dagger Throw","Deadly Poison","Footwork","Well Laid Plans","Outmaneuver","Crippling Poison+1","Storm of Steel","Dash","Cloak And Dagger+1","PiercingWail","Bouncing Flask","Choke","Ghostly","Ghostly","Ghostly+1","Backflip"],"special_seed":0,"relics":["Ring of the Snake","Girya","Orichalcum","Strawberry","Sozu","Frozen Egg 2"],"potions_floor_usage":[31],"damage_taken":[{"damage":4.0,"enemies":"Small Slimes","floor":1.0,"turns":6.0},{"damage":34.0,"enemies":"3 Sentries","floor":6.0,"turns":14.0},{"damage":0.0,"enemies":"Jaw Worm","floor":8.0,"turns":3.0},{"damage":0.0,"enemies":"2 Louse","floor":13.0,"turns":2.0},{"damage":14.0,"enemies":"The Guardian","floor":16.0,"turns":14.0},{"damage":17.0,"enemies":"Chosen","floor":18.0,"turns":5.0},{"damage":21.0,"enemies":"2 Thieves","floor":19.0,"turns":5.0},{"damage":17.0,"enemies":"Shelled Parasite and Fungi","floor":20.0,"turns":6.0},{"damage":4.0,"enemies":"Chosen and Byrds","floor":22.0,"turns":5.0},{"damage":2.0,"enemies":"Centurion and Healer","floor":24.0,"turns":6.0},{"damage":2,"enemies":"Gremlin Leader","floor":31,"turns":5},{"damage":23,"enemies":"Champ","floor":33,"turns":5}],"seed_played":"5138272294727758437","potions_obtained":[{"floor":6.0,"key":"Energy Potion"},{"floor":13.0,"key":"PowerPotion"},{"floor":14.0,"key":"GhostInAJar"}],"is_trial":false,"path_per_floor":["M","?","?","?","$","E","R","M","T","?","R","$","M","?","R","B",null,"M","M","M","$","M","R","M","R","T","?","$","?","?","E","R","B"],"character_chosen":"THE_SILENT","items_purchased":["Dagger Throw","Well Laid Plans","Outmaneuver","Bouncing Flask","Choke"],"campfire_rested":1,"item_purchase_floors":[5,12,12,21,28],"current_hp_per_floor":[61,61,56,49,49,15,15,15,22,22,22,22,22,22,22,8,61,44,23,6,6,2,25,23,23,23,23,23,23,23,21,21,0],"gold":81,"neow_bonus":"TEN_PERCENT_HP_BONUS","is_prod":false,"is_daily":false,"chose_seed":false,"campfire_upgraded":2,"win_rate":0,"timestamp":1549901777,"path_taken":["M","?","?","?","$","E","R","?","T","?","R","$","M","?","R","BOSS","M","?","M","$","M","R","M","R","T","?","$","?","?","E","R","BOSS"],"build_version":"2019-01-23","purchased_purges":2,"victory":false,"max_hp_per_floor":[72,72,72,72,72,72,72,72,79,79,79,79,79,79,79,79,79,79,79,79,79,79,79,79,79,79,79,79,79,39,39,39,39],"card_choices":[{"not_picked":["Underhanded Strike","Distraction"],"picked":"Riddle With Holes","floor":1.0},{"not_picked":["Dash","Blade Dance"],"picked":"Deadly Poison","floor":6.0},{"not_picked":["Dagger Throw","Backstab"],"picked":"Footwork","floor":8.0},{"not_picked":["Slice","Infinite Blades"],"picked":"Crippling Poison","floor":13.0},{"not_picked":["Wraith Form v2","Tools of the Trade"],"picked":"Storm of Steel","floor":16.0},{"not_picked":["Blade Dance","Underhanded Strike"],"picked":"Dash","floor":18.0},{"not_picked":["Prepared","Quick Slash"],"picked":"Cloak And Dagger+1","floor":19.0},{"not_picked":["Flying Knee","Masterful Stab"],"picked":"PiercingWail","floor":20.0},{"not_picked":["Setup","Blade Dance","Bouncing Flask"],"picked":"SKIP","floor":22.0},{"not_picked":["Dagger Throw","Cloak And Dagger","Blade Dance"],"picked":"SKIP","floor":24.0},{"not_picked":["Quick Slash","Dodge and Roll"],"picked":"Backflip","floor":31}],"player_experience":879358,"relics_obtained":[{"floor":6.0,"key":"Orichalcum"},{"floor":9.0,"key":"Strawberry"},{"floor":31,"key":"Frozen Egg 2"}],"event_choices":[{"cards_removed":["Strike_G"],"damage_healed":0.0,"max_hp_gain":0.0,"max_hp_loss":0.0,"gold_gain":0.0,"event_name":"The Cleric","player_choice":"Card Removal","floor":2.0,"gold_loss":75.0,"damage_taken":0.0},{"damage_healed":0.0,"max_hp_gain":0.0,"max_hp_loss":0.0,"gold_gain":0.0,"event_name":"Scrap Ooze","player_choice":"Success","floor":3.0,"gold_loss":0.0,"damage_taken":5.0,"relics_obtained":["Girya"]},{"cards_removed":["Strike_G"],"damage_healed":0.0,"max_hp_gain":0.0,"max_hp_loss":0.0,"gold_gain":0.0,"event_name":"Golden Wing","player_choice":"Card Removal","floor":4.0,"gold_loss":0.0,"damage_taken":7.0},{"damage_healed":0.0,"max_hp_gain":0.0,"max_hp_loss":0.0,"gold_gain":150.0,"event_name":"Liars Game","player_choice":"AGREE","floor":10.0,"gold_loss":0.0,"damage_taken":0.0,"cards_obtained":["Doubt"]},{"damage_healed":0.0,"max_hp_gain":0.0,"max_hp_loss":0.0,"gold_gain":0.0,"event_name":"Lab","player_choice":"Got Potions","floor":14.0,"gold_loss":0.0,"damage_taken":0.0},{"damage_healed":0.0,"max_hp_gain":0.0,"max_hp_loss":0.0,"gold_gain":0.0,"event_name":"Vampires","player_choice":"Ignored","floor":27.0,"gold_loss":0.0,"damage_taken":0.0},{"damage_healed":0.0,"max_hp_gain":0.0,"max_hp_loss":0.0,"gold_gain":0.0,"event_name":"Beggar","player_choice":"Ignored","floor":29.0,"gold_loss":0.0,"damage_taken":0.0},{"damage_healed":0.0,"max_hp_gain":0.0,"max_hp_loss":40.0,"gold_gain":0.0,"event_name":"Ghosts","player_choice":"Became a Ghost","floor":30.0,"gold_loss":0.0,"damage_taken":0.0,"cards_obtained":["Ghostly","Ghostly","Ghostly"]}],"is_beta":false,"boss_relics":[{"not_picked":["Velvet Choker","HoveringKite"],"picked":"Sozu"}],"items_purged_floors":[12,21],"is_endless":false,"potions_floor_spawned":[6,13,20,24,31],"killed_by":"Champ","ascension_level":18}