{"gold_per_floor":[113,188,363,380,400,400,414,339,393,393,406,406,406,417,417,513,513,525,535,535,546,563,563,576,576,599,341,360,360,380,399,399,494,544,562,562,662,4,4,38,56,56,101,139,161,23,23,39,39,39],"floor_reached":51,"playtime":2021,"items_purged":["Doubt","Strike_B","Defend_B","Defend_B"],"score":721,"play_id":"7ebd1b52-fb31-4c57-ac68-1a440445e38c","local_time":"20190609053612","is_ascension_mode":false,"campfire_choices":[{"data":"Zap","floor":6,"key":"SMITH"},{"data":"Defragment","floor":10,"key":"SMITH"},{"data":"Dualcast","floor":12,"key":"SMITH"},{"data":"Sunder","floor":15,"key":"SMITH"},{"data":"Coolheaded","floor":23,"key":"SMITH"},{"data":"Go for the Eyes","floor":25,"key":"SMITH"},{"data":"Panacea","floor":29,"key":"SMITH"},{"data":"Loop","floor":32,"key":"SMITH"},{"data":"Seek","floor":42,"key":"SMITH"},{"data":"Defend_B","floor":47,"key":"PURGE"},{"data":"Defend_B","floor":49,"key":"PURGE"}],"neow_cost":"PERCENT_DAMAGE","seed_source_timestamp":771773188912175,"circlet_count":0,"master_deck":["Zap+1","Dualcast+1","Chill","Sunder+1","Go for the Eyes+1","FTL+1","Go for the Eyes+1","Defragment+1","Heatsinks","Cold Snap","Echo Form","Coolheaded+1","Glacier","Self Repair+1","Core Surge","Loop+1","Panacea+1","Barrage+1","Coolheaded","Seek+1","Ball Lightning","Coolheaded+1","Redo+1","Storm","Electrodynamics","White Noise+1","Parasite","Cold Snap+1"],"relics":["Cracked Core","Anchor","Turnip","Inserter","DataDisk","Tiny House","Peace Pipe","Mummified Hand","TheAbacus","Shuriken","Happy Flower","MawBank","Pen Nib"],"potions_floor_usage":[50,50,50],"damage_taken":[{"damage":0,"enemies":"2 Louse","floor":1,"turns":2},{"damage":1,"enemies":"Jaw Worm","floor":4,"turns":3},{"damage":0,"enemies":"Cultist","floor":5,"turns":2},{"damage":1,"enemies":"Large Slime","floor":7,"turns":5},{"damage":0,"enemies":"2 Fungi Beasts","floor":11,"turns":2},{"damage":5,"enemies":"Exordium Wildlife","floor":14,"turns":3},{"damage":15,"enemies":"Slime Boss","floor":16,"turns":12},{"damage":0,"enemies":"3 Byrds","floor":18,"turns":5},{"damage":6,"enemies":"Shell Parasite","floor":19,"turns":4},{"damage":6,"enemies":"Snake Plant","floor":21,"turns":5},{"damage":0,"enemies":"Chosen and Byrds","floor":22,"turns":7},{"damage":4,"enemies":"3 Cultists","floor":24,"turns":6},{"damage":0,"enemies":"Snake Plant","floor":28,"turns":6},{"damage":0,"enemies":"Chosen and Byrds","floor":30,"turns":5},{"damage":1,"enemies":"Cultist and Chosen","floor":31,"turns":5},{"damage":5,"enemies":"Champ","floor":33,"turns":8},{"damage":4,"enemies":"Orb Walker","floor":35,"turns":4},{"damage":1,"enemies":"Mind Bloom Boss Battle","floor":37,"turns":8},{"damage":7,"enemies":"Reptomancer","floor":40,"turns":7},{"damage":0,"enemies":"3 Darklings","floor":41,"turns":2},{"damage":0,"enemies":"Writhing Mass","floor":45,"turns":4},{"damage":0,"enemies":"Spire Growth","floor":48,"turns":3},{"damage":39,"enemies":"Awakened One","floor":50,"turns":6}],"seed_played":"67822588675738421","potions_obtained":[{"floor":4,"key":"AttackPotion"},{"floor":7,"key":"Poison Potion"},{"floor":11,"key":"Poison Potion"},{"floor":19,"key":"PowerPotion"}],"is_trial":false,"path_per_floor":["M","?","?","M","M","R","M","$","T","R","M","R","T","M","R","B",null,"M","M","?","M","M","R","M","R","T","$","M","R","M","M","R","B",null,"M","?","?","$","T","E","M","R","T","T","M","$","R","M","R","B",null],"character_chosen":"DEFECT","items_purchased":["Loop","Panacea","Mummified Hand","Storm","TheAbacus"],"campfire_rested":0,"item_purchase_floors":[27,27,38,38,38],"current_hp_per_floor":[54,43,43,42,42,42,41,41,41,41,41,41,41,36,36,21,75,75,69,69,63,73,73,75,75,75,75,75,75,75,75,75,75,80,76,76,80,80,80,80,80,80,80,80,80,80,80,80,80,51],"gold":39,"neow_bonus":"TRANSFORM_TWO_CARDS","is_prod":false,"is_daily":false,"chose_seed":false,"campfire_upgraded":9,"win_rate":0,"timestamp":1560026172,"path_taken":["M","?","?","M","M","R","M","$","T","R","M","R","?","M","R","BOSS","M","M","?","M","M","R","M","R","T","$","M","R","M","?","R","BOSS","M","?","?","?","?","E","M","R","T","?","?","$","R","M","R","BOSS"],"build_version":"2019-01-23","purchased_purges":4,"victory":true,"max_hp_per_floor":[75,75,75,75,75,75,75,75,75,75,75,75,75,75,75,75,75,75,75,75,75,75,75,75,75,75,75,75,75,75,75,75,75,80,80,80,80,80,80,80,80,80,80,80,80,80,80,80,80,80],"card_choices":[{"not_picked":["Turbo","Barrage"],"picked":"Go for the Eyes","floor":1},{"not_picked":["Stack","Barrage"],"picked":"FTL","floor":4},{"not_picked":["Gash","Blizzard"],"picked":"Go for the Eyes","floor":5},{"not_picked":["Rebound","Beam Cell"],"picked":"Defragment","floor":7},{"not_picked":["Turbo","Doom and Gloom"],"picked":"Heatsinks","floor":11},{"not_picked":["Go for the Eyes","Steam"],"picked":"Cold Snap","floor":14},{"not_picked":["Thunder Strike","Seek"],"picked":"Echo Form","floor":16},{"not_picked":["Recycle+1","Rebound"],"picked":"Coolheaded","floor":18},{"not_picked":["Blizzard","Go for the Eyes"],"picked":"Glacier","floor":19},{"not_picked":["Cold Snap","Steam"],"picked":"Self Repair+1","floor":21},{"not_picked":["Redo","Reprogram","Steam"],"picked":"SKIP","floor":22},{"not_picked":["Aggregate","Melter"],"picked":"Core Surge","floor":24},{"not_picked":["Reinforced Body","Storm"],"picked":"Barrage+1","floor":28},{"not_picked":["Ball Lightning","Lockon"],"picked":"Coolheaded","floor":30},{"not_picked":["Chaos+1","Beam Cell","Amplify"],"picked":"SKIP","floor":31},{"not_picked":["All For One","Rainbow"],"picked":"Seek","floor":33},{"not_picked":["Tempest","Compile Driver"],"picked":"Ball Lightning","floor":34},{"not_picked":["Gash","Beam Cell+1"],"picked":"Coolheaded+1","floor":35},{"not_picked":["Genetic Algorithm","Scrape+1"],"picked":"Redo+1","floor":37},{"not_picked":["Tempest","Lockon"],"picked":"Electrodynamics","floor":40},{"not_picked":["Steam","Hello World+1"],"picked":"White Noise+1","floor":41},{"not_picked":["Double Energy","Skim","Beam Cell+1"],"picked":"SKIP","floor":45},{"not_picked":["Stack+1","Force Field"],"picked":"Cold Snap+1","floor":48}],"player_experience":1000858,"relics_obtained":[{"floor":9,"key":"Anchor"},{"floor":13,"key":"Turnip"},{"floor":26,"key":"DataDisk"},{"floor":37,"key":"Peace Pipe"},{"floor":39,"key":"Shuriken"},{"floor":40,"key":"Happy Flower"},{"floor":43,"key":"MawBank"},{"floor":44,"key":"Pen Nib"}],"event_choices":[{"damage_healed":0,"gold_gain":75,"player_choice":"Gather Gold","damage_taken":11,"max_hp_gain":0,"max_hp_loss":0,"event_name":"World of Goop","floor":2,"gold_loss":0},{"damage_healed":0,"gold_gain":175,"player_choice":"AGREE","damage_taken":0,"max_hp_gain":0,"max_hp_loss":0,"event_name":"Liars Game","floor":3,"gold_loss":0,"cards_obtained":["Doubt"]},{"damage_healed":0,"gold_gain":0,"player_choice":"Upgraded","damage_taken":0,"max_hp_gain":0,"max_hp_loss":0,"event_name":"Upgrade Shrine","floor":20,"gold_loss":0,"cards_upgraded":["Go for the Eyes"]},{"cards_removed":["Strike_B"],"damage_healed":0,"gold_gain":0,"player_choice":"Removed Attack","damage_taken":0,"max_hp_gain":0,"max_hp_loss":0,"event_name":"Falling","floor":36,"gold_loss":0},{"damage_healed":0,"gold_gain":0,"player_choice":"Fight","damage_taken":0,"max_hp_gain":0,"max_hp_loss":0,"event_name":"MindBloom","floor":37,"gold_loss":0}],"is_beta":false,"boss_relics":[{"not_picked":["FrozenCore","Nuclear Battery"],"picked":"Inserter"},{"not_picked":["Lizard Tail","Runic Dome"],"picked":"Tiny House"}],"items_purged_floors":[8,27,38,46],"is_endless":false,"potions_floor_spawned":[4,7,11,18,19,28,33,37,40,48],"ascension_level":0}