{"gold_per_floor":[115,37,49,59,59,59,59,59,59,85,85,112,112,123,123,123],"floor_reached":16,"playtime":360,"items_purged":[],"score":98,"play_id":"016ccdc4-c31f-4a70-93f4-aa9f71049b76","local_time":"20181218012955","is_ascension_mode":false,"campfire_choices":[{"data":"Whirlwind","floor":6,"key":"SMITH"},{"data":"Entrench","floor":8,"key":"SMITH"},{"data":"Heavy Blade","floor":11,"key":"SMITH"},{"data":"Demon Form","floor":15,"key":"SMITH"}],"neow_cost":"PERCENT_DAMAGE","seed_source_timestamp":30704155097059,"circlet_count":0,"master_deck":["Strike_R","Strike_R+1","Strike_R","Strike_R","Defend_R","Defend_R+1","Defend_R","Defend_R","Bash","Demon Form+1","Entrench+1","Whirlwind+1","Heavy Blade+1","Berserk+1","Ghostly Armor"],"relics":["Burning Blood","Mango","Potion Belt","Odd Mushroom"],"potions_floor_usage":[14],"damage_taken":[{"damage":10,"enemies":"Small Slimes","floor":1,"turns":4},{"damage":1,"enemies":"2 Louse","floor":3,"turns":3},{"damage":1,"enemies":"Cultist","floor":4,"turns":3},{"damage":36,"enemies":"Lagavulin","floor":10,"turns":6},{"damage":9,"enemies":"The Mushroom Lair","floor":12,"turns":2},{"damage":0,"enemies":"Looter","floor":14,"turns":3},{"damage":26,"enemies":"The Guardian","floor":16,"turns":5}],"seed_played":"2058007583310391397","potions_obtained":[{"floor":4,"key":"Block Potion"},{"floor":10,"key":"SpeedPotion"}],"is_trial":false,"path_per_floor":["M","$","M","M","?","R","?","R","T","E","R","?","?","M","R","B"],"character_chosen":"IRONCLAD","items_purchased":["Whirlwind"],"campfire_rested":0,"item_purchase_floors":[2],"current_hp_per_floor":[52,52,57,62,55,55,39,39,53,23,23,20,20,26,26,0],"gold":123,"neow_bonus":"THREE_RARE_CARDS","is_prod":false,"is_daily":false,"chose_seed":false,"campfire_upgraded":4,"win_rate":0,"timestamp":1545064195,"path_taken":["M","$","M","M","?","R","?","R","T","E","R","?","?","?","R","BOSS"],"build_version":"2018-12-13","purchased_purges":0,"victory":false,"max_hp_per_floor":[80,80,80,80,80,80,80,80,94,94,94,94,94,94,94,94],"card_choices":[{"not_picked":["Juggernaut","Reaper"],"picked":"Demon Form","floor":0},{"not_picked":["Body Slam","Flex"],"picked":"Entrench","floor":1},{"not_picked":["Thunderclap","Searing Blow","True Grit"],"picked":"SKIP","floor":3},{"not_picked":["Carnage","Twin Strike"],"picked":"Heavy Blade","floor":4},{"not_picked":["Heavy Blade","Pommel Strike"],"picked":"Berserk","floor":10},{"not_picked":["Sentinel","Clash"],"picked":"Ghostly Armor","floor":14}],"player_experience":642356,"relics_obtained":[{"floor":9,"key":"Mango"},{"floor":10,"key":"Potion Belt"},{"floor":12,"key":"Odd Mushroom"}],"event_choices":[{"cards_removed":["Strike_R"],"damage_healed":0,"gold_gain":0,"player_choice":"Card Removal","damage_taken":7,"max_hp_gain":0,"max_hp_loss":0,"event_name":"Golden Wing","floor":5,"gold_loss":0},{"damage_healed":0,"gold_gain":0,"player_choice":"Entered Light","damage_taken":16,"max_hp_gain":0,"max_hp_loss":0,"event_name":"Shining Light","floor":7,"gold_loss":0,"cards_upgraded":["Defend_R","Strike_R"]},{"damage_healed":0,"gold_gain":0,"player_choice":"Fought Mushrooms","damage_taken":0,"max_hp_gain":0,"max_hp_loss":0,"event_name":"Mushrooms","floor":12,"gold_loss":0},{"damage_healed":0,"gold_gain":0,"player_choice":"Forge","damage_taken":0,"max_hp_gain":0,"max_hp_loss":0,"event_name":"Accursed Blacksmith","floor":13,"gold_loss":0,"cards_upgraded":["Berserk"]}],"is_beta":false,"boss_relics":[],"items_purged_floors":[],"is_endless":false,"potions_floor_spawned":[4,10],"killed_by":"The Guardian","ascension_level":0}