{"gold_per_floor":[368,293,443,443,443,486,510,49,49,49,90,111,129,11,11,11],"floor_reached":16,"playtime":469,"items_purged":["Strike_B"],"score":205,"play_id":"f03b3631-f94e-47b6-a459-6d911b85a3a3","local_time":"20190222114527","is_ascension_mode":true,"campfire_choices":[{"floor":10,"key":"REST"},{"floor":15,"key":"REST"}],"neow_cost":"PERCENT_DAMAGE","seed_source_timestamp":567731583078000,"circlet_count":0,"master_deck":["AscendersBane","Strike_B","Strike_B","Defend_B","Defend_B","Defend_B","Defend_B","Zap","Dualcast","Ball Lightning","Injury","White Noise","Cold Snap","Core Surge","Hyperbeam","Auto Shields","Capacitor","Sunder"],"relics":["Cracked Core","Golden Idol","Gambling Chip","DataDisk","Blue Candle","Girya"],"potions_floor_usage":[6,11,16],"damage_taken":[{"damage":2,"enemies":"2 Louse","floor":1,"turns":2},{"damage":30,"enemies":"Lagavulin","floor":6,"turns":5},{"damage":0,"enemies":"Small Slimes","floor":7,"turns":2},{"damage":22,"enemies":"Gremlin Nob","floor":11,"turns":4},{"damage":2,"enemies":"Jaw Worm","floor":12,"turns":3},{"damage":5,"enemies":"Gremlin Gang","floor":13,"turns":3},{"damage":29,"enemies":"The Guardian","floor":16,"turns":5}],"seed_played":"-7278914999693450738","potions_obtained":[{"floor":1,"key":"Weak Potion"},{"floor":11,"key":"SkillPotion"}],"is_trial":false,"path_per_floor":["M","?","?","?","?","E","M","$","T","R","E","M","M","$","R","B"],"character_chosen":"DEFECT","items_purchased":["DataDisk","Core Surge","PowerPotion","Capacitor","Sunder"],"campfire_rested":2,"item_purchase_floors":[8,8,8,14,14],"current_hp_per_floor":[44,44,44,44,44,14,14,14,14,35,13,11,6,6,27,0],"gold":11,"neow_bonus":"TWO_FIFTY_GOLD","is_prod":false,"is_daily":false,"chose_seed":false,"campfire_upgraded":0,"win_rate":0,"timestamp":1550828727,"path_taken":["M","?","?","?","?","E","M","$","T","R","E","M","?","$","R","BOSS"],"build_version":"2019-01-23","purchased_purges":1,"victory":false,"max_hp_per_floor":[71,71,71,71,71,71,71,71,71,71,71,71,71,71,71,71],"card_choices":[{"not_picked":["Self Repair","Lockon"],"picked":"Ball Lightning","floor":1},{"not_picked":["Go for the Eyes","Steam Power"],"picked":"White Noise","floor":6},{"not_picked":["Go for the Eyes","Conserve Battery"],"picked":"Cold Snap","floor":7},{"not_picked":["Hologram","Static Discharge"],"picked":"Hyperbeam","floor":11},{"not_picked":["Streamline","Compile Driver"],"picked":"Auto Shields","floor":12},{"not_picked":["Stack","Leap","Turbo"],"picked":"SKIP","floor":13}],"player_experience":891787,"relics_obtained":[{"floor":6,"key":"Gambling Chip"},{"floor":9,"key":"Blue Candle"},{"floor":11,"key":"Girya"}],"event_choices":[{"cards_removed":["Strike_B"],"damage_healed":0,"gold_gain":0,"player_choice":"Card Removal","damage_taken":0,"max_hp_gain":0,"max_hp_loss":0,"event_name":"The Cleric","floor":2,"gold_loss":75},{"damage_healed":0,"gold_gain":150,"player_choice":"AGREE","damage_taken":0,"max_hp_gain":0,"max_hp_loss":0,"event_name":"Liars Game","floor":3,"gold_loss":0,"cards_obtained":["Doubt"]},{"cards_removed":["Doubt"],"damage_healed":0,"gold_gain":0,"player_choice":"Forget","damage_taken":0,"max_hp_gain":0,"max_hp_loss":0,"event_name":"Living Wall","floor":4,"gold_loss":0},{"damage_healed":0,"gold_gain":0,"player_choice":"Take Wound","damage_taken":0,"relics_obtained":["Golden Idol"],"max_hp_gain":0,"max_hp_loss":0,"event_name":"Golden Idol","floor":5,"gold_loss":0,"cards_obtained":["Injury"]}],"is_beta":false,"boss_relics":[],"items_purged_floors":[8],"is_endless":false,"potions_floor_spawned":[1,11],"killed_by":"The Guardian","ascension_level":18}