{"gold_per_floor":[116,391,403,368,239,269,269,297,320,345,359,359,359,370,370,370],"floor_reached":16,"playtime":682,"items_purged":["Regret"],"score":236,"play_id":"2669292d-e912-402a-816d-a27154cd9308","local_time":"20190623124605","is_ascension_mode":true,"campfire_choices":[{"data":"Finisher","floor":7.0,"key":"SMITH"},{"data":"Infinite Blades","floor":12.0,"key":"SMITH"},{"data":"Dagger Spray","floor":15.0,"key":"SMITH"}],"neow_cost":"NONE","seed_source_timestamp":876624181804400,"circlet_count":0,"master_deck":["AscendersBane","Defend_G","Defend_G","Defend_G","Defend_G","Defend_G","Strike_G","Strike_G","Strike_G","Strike_G","Survivor","Neutralize","Poisoned Stab","Finisher+1","Bane","Dagger Spray+1","Infinite Blades+1","Flying Knee"],"special_seed":0,"relics":["Ring of the Snake","PreservedInsect","Regal Pillow","Art of War","Lantern","Bronze Scales"],"potions_floor_usage":[16],"damage_taken":[{"damage":10.0,"enemies":"Jaw Worm","floor":1.0,"turns":7.0},{"damage":3.0,"enemies":"Cultist","floor":3.0,"turns":4.0},{"damage":6.0,"enemies":"Gremlin Nob","floor":6.0,"turns":3.0},{"damage":18.0,"enemies":"Lagavulin","floor":8.0,"turns":5.0},{"damage":6.0,"enemies":"Gremlin Nob","floor":10.0,"turns":3.0},{"damage":0.0,"enemies":"2 Louse","floor":11.0,"turns":2.0},{"damage":0.0,"enemies":"2 Fungi Beasts","floor":14.0,"turns":2.0},{"damage":30,"enemies":"Slime Boss","floor":16,"turns":8}],"seed_played":"9173843921396191706","potions_obtained":[{"floor":1.0,"key":"Block Potion"},{"floor":6.0,"key":"GhostInAJar"}],"is_trial":false,"path_per_floor":["M","?","M","?","$","E","R","E","T","E","M","R","?","M","R","B"],"character_chosen":"THE_SILENT","items_purchased":["Fire Potion"],"campfire_rested":0,"item_purchase_floors":[5],"current_hp_per_floor":[49,49,46,62,62,56,56,38,38,32,32,32,25,25,25,0],"gold":370,"neow_bonus":"RANDOM_COMMON_RELIC","is_prod":false,"is_daily":false,"chose_seed":false,"campfire_upgraded":3,"win_rate":0,"timestamp":1561283165,"path_taken":["M","?","?","?","$","E","R","E","T","E","M","R","?","M","R","BOSS"],"build_version":"2019-01-23","purchased_purges":1,"victory":false,"max_hp_per_floor":[66,66,66,66,66,66,66,66,66,66,66,66,66,66,66,66],"card_choices":[{"not_picked":["Catalyst","Sucker Punch"],"picked":"Poisoned Stab","floor":1.0},{"not_picked":["Terror","Catalyst"],"picked":"Finisher","floor":3.0},{"not_picked":["Concentrate","PiercingWail"],"picked":"Bane","floor":6.0},{"not_picked":["Calculated Gamble","Flying Knee"],"picked":"Dagger Spray","floor":8.0},{"not_picked":["Night Terror","Bullet Time"],"picked":"Infinite Blades","floor":10.0},{"not_picked":["Dagger Throw","Dodge and Roll"],"picked":"Flying Knee","floor":11.0},{"not_picked":["Bullet Time","Concentrate","Setup"],"picked":"SKIP","floor":14.0}],"player_experience":1165547,"relics_obtained":[{"floor":6.0,"key":"Regal Pillow"},{"floor":8.0,"key":"Art of War"},{"floor":9.0,"key":"Lantern"},{"floor":10.0,"key":"Bronze Scales"}],"event_choices":[{"damage_healed":0.0,"max_hp_gain":0.0,"max_hp_loss":0.0,"gold_gain":275.0,"event_name":"Golden Shrine","player_choice":"Desecrate","floor":2.0,"gold_loss":0.0,"damage_taken":0.0,"cards_obtained":["Regret"]},{"damage_healed":16.0,"max_hp_gain":0.0,"max_hp_loss":0.0,"gold_gain":0.0,"event_name":"The Cleric","player_choice":"Healed","floor":4.0,"gold_loss":35.0,"damage_taken":0.0},{"cards_removed":["Strike_G"],"damage_healed":0.0,"max_hp_gain":0.0,"max_hp_loss":0.0,"gold_gain":0.0,"event_name":"Golden Wing","player_choice":"Card Removal","floor":13.0,"gold_loss":0.0,"damage_taken":7.0}],"is_beta":false,"boss_relics":[],"items_purged_floors":[5],"is_endless":false,"potions_floor_spawned":[1,6],"killed_by":"Slime Boss","ascension_level":20}