{"gold_per_floor":[113,288,288,301,377,412,412,432,455,511,436,386,386],"floor_reached":13,"playtime":265,"items_purged":["Strike_R"],"score":106,"play_id":"52655729-2bdf-4190-bcd7-1bbb99252bef","local_time":"20181223234314","is_ascension_mode":false,"campfire_choices":[{"data":"Armaments","floor":7,"key":"SMITH"}],"neow_cost":"NONE","seed_source_timestamp":542790660626570,"circlet_count":0,"master_deck":["Strike_R","Strike_R+1","Strike_R+1","Defend_R","Defend_R","Defend_R","Defend_R","Bash","Armaments+1","Warcry","Berserk","Entrench"],"relics":["Burning Blood","NeowsBlessing","Mummified Hand","Whetstone","Pear"],"potions_floor_usage":[],"damage_taken":[{"damage":0,"enemies":"Jaw Worm","floor":1,"turns":1},{"damage":0,"enemies":"Small Slimes","floor":4,"turns":1},{"damage":0,"enemies":"Lagavulin","floor":6,"turns":1},{"damage":1,"enemies":"2 Louse","floor":8,"turns":3},{"damage":65,"enemies":"Lagavulin Event","floor":10,"turns":7},{"damage":40,"enemies":"Exordium Thugs","floor":13,"turns":6}],"seed_played":"593609066133577151","potions_obtained":[{"floor":8,"key":"EssenceOfSteel"}],"is_trial":false,"path_per_floor":["M","?","?","M","T","E","R","M","T","?","$","?","M"],"character_chosen":"IRONCLAD","items_purchased":[],"campfire_rested":0,"item_purchase_floors":[],"current_hp_per_floor":[80,80,80,80,80,80,80,80,80,31,31,31,0],"gold":386,"neow_bonus":"THREE_ENEMY_KILL","is_prod":false,"is_daily":false,"chose_seed":false,"campfire_upgraded":1,"win_rate":0,"timestamp":1545576194,"path_taken":["M","?","?","M","?","E","R","M","T","?","$","?","?"],"build_version":"2018-12-20","purchased_purges":1,"victory":false,"max_hp_per_floor":[80,80,80,80,80,80,80,80,80,90,90,90,90],"card_choices":[{"not_picked":["Thunderclap","Warcry"],"picked":"Armaments","floor":1},{"not_picked":["Pommel Strike","Searing Blow"],"picked":"Warcry","floor":4},{"not_picked":["Wild Strike","Dual Wield","Pommel Strike"],"picked":"SKIP","floor":6},{"not_picked":["Clash","Clothesline"],"picked":"Berserk","floor":8},{"not_picked":["Anger","Wild Strike"],"picked":"Entrench","floor":10}],"player_experience":652863,"relics_obtained":[{"floor":5,"key":"Mummified Hand"},{"floor":6,"key":"Whetstone"},{"floor":10,"key":"Pear"}],"event_choices":[{"damage_healed":0,"gold_gain":175,"player_choice":"AGREE","damage_taken":0,"max_hp_gain":0,"max_hp_loss":0,"event_name":"Liars Game","floor":2,"gold_loss":0,"cards_obtained":["Doubt"]},{"cards_removed":["Doubt"],"damage_healed":0,"gold_gain":0,"player_choice":"Forget","damage_taken":0,"max_hp_gain":0,"max_hp_loss":0,"event_name":"Living Wall","floor":3,"gold_loss":0},{"damage_healed":0,"gold_gain":0,"player_choice":"Searched \u00272\u0027 times","damage_taken":0,"max_hp_gain":0,"max_hp_loss":0,"event_name":"Dead Adventurer","floor":10,"gold_loss":0},{"cards_removed":["Strike_R"],"damage_healed":0,"gold_gain":0,"player_choice":"Card Removal","damage_taken":0,"max_hp_gain":0,"max_hp_loss":0,"event_name":"The Cleric","floor":12,"gold_loss":50}],"is_beta":false,"boss_relics":[],"items_purged_floors":[11],"is_endless":false,"potions_floor_spawned":[8],"killed_by":"Exordium Thugs","ascension_level":0}