{"gold_per_floor":[131,143,155,342,366,378,390,426,438,465,498,524,387,411,411,537,537,537,537,447,447,362,362,362,362,362,362,362,362,362,362,362,362,362,362,165,165,165,165,165,165,165,165,165,165,165,165,40,40,40],"floor_reached":51,"playtime":17243,"items_purged":["Doubt","Regret","Decay"],"score":664,"play_id":"070b346b-efeb-48d7-a0e3-449b3f5aab93","local_time":"20190603020604","is_ascension_mode":false,"campfire_choices":[{"data":"Zap","floor":6,"key":"SMITH"},{"data":"Go for the Eyes","floor":15,"key":"SMITH"},{"data":"Biased Cognition","floor":23,"key":"SMITH"},{"data":"Biased Cognition","floor":25,"key":"SMITH"},{"data":"Hyperbeam","floor":28,"key":"SMITH"},{"data":"Defragment","floor":32,"key":"SMITH"},{"data":"Panacea","floor":40,"key":"SMITH"},{"data":"Seek","floor":44,"key":"SMITH"},{"data":"Redo","floor":47,"key":"SMITH"},{"data":"Creative AI","floor":49,"key":"SMITH"}],"neow_cost":"NONE","seed_source_timestamp":225533835345553,"circlet_count":0,"master_deck":["Strike_B+1","Strike_B","Defend_B","Defend_B","Defend_B","Zap+1","Dualcast+1","Coolheaded","Coolheaded","FTL","Ball Lightning","Conserve Battery","Chill","Glacier","Go for the Eyes+1","Biased Cognition+1","Redo+1","Biased Cognition+1","Cold Snap","Static Discharge+1","All For One","Hyperbeam+1","Defragment+1","Coolheaded","Seek+1","Writhe","Redo+1","Panacea+1","Stack","Chill","Tempest+1","Cold Snap+1","Hologram+1","Creative AI+1"],"relics":["Cracked Core","MawBank","Golden Idol","Meat on the Bone","Ectoplasm","Symbiotic Virus","Dodecahedron","Ginger","Thread and Needle","Calling Bell","Bag of Marbles","Kunai","Pocketwatch","DataDisk","Girya"],"potions_floor_usage":[20,50,50,50],"damage_taken":[{"damage":6,"enemies":"Jaw Worm","floor":1,"turns":3},{"damage":0,"enemies":"2 Louse","floor":5,"turns":2},{"damage":1,"enemies":"Small Slimes","floor":8,"turns":4},{"damage":3,"enemies":"Gremlin Gang","floor":10,"turns":4},{"damage":1,"enemies":"Red Slaver","floor":11,"turns":3},{"damage":7,"enemies":"Lots of Slimes","floor":12,"turns":4},{"damage":0,"enemies":"2 Fungi Beasts","floor":14,"turns":3},{"damage":16,"enemies":"Hexaghost","floor":16,"turns":13},{"damage":0,"enemies":"Shell Parasite","floor":18,"turns":5},{"damage":0,"enemies":"2 Thieves","floor":20,"turns":5},{"damage":12,"enemies":"Snake Plant","floor":21,"turns":5},{"damage":0,"enemies":"Book of Stabbing","floor":29,"turns":5},{"damage":2,"enemies":"Centurion and Healer","floor":31,"turns":5},{"damage":11,"enemies":"Collector","floor":33,"turns":16},{"damage":3,"enemies":"3 Darklings","floor":35,"turns":5},{"damage":0,"enemies":"Orb Walker","floor":37,"turns":3},{"damage":0,"enemies":"Jaw Worm Horde","floor":38,"turns":1},{"damage":0,"enemies":"Spire Growth","floor":41,"turns":6},{"damage":7,"enemies":"4 Shapes","floor":42,"turns":4},{"damage":22,"enemies":"Nemesis","floor":45,"turns":7},{"damage":0,"enemies":"Maw","floor":46,"turns":8},{"damage":17,"enemies":"Awakened One","floor":50,"turns":15}],"seed_played":"-2064720578626069343","potions_obtained":[{"floor":1,"key":"SpeedPotion"},{"floor":12,"key":"AttackPotion"},{"floor":16,"key":"Ancient Potion"},{"floor":29,"key":"Ancient Potion"}],"is_trial":false,"path_per_floor":["M","?","?","?","M","R","?","M","T","M","M","M","$","M","R","B",null,"M","?","M","M","?","R","?","R","T","?","R","E","T","M","R","B",null,"M","$","M","M","?","R","M","M","T","R","E","M","R","$","R","B",null],"character_chosen":"DEFECT","items_purchased":["Glacier","Panacea"],"campfire_rested":0,"item_purchase_floors":[13,36],"current_hp_per_floor":[69,54,47,47,47,47,29,28,28,37,48,41,41,41,41,37,75,75,75,75,63,63,63,63,63,63,63,63,63,63,61,61,50,75,72,72,72,72,72,72,72,65,65,65,43,43,43,43,43,38],"gold":40,"neow_bonus":"RANDOM_COMMON_RELIC","is_prod":false,"is_daily":false,"chose_seed":false,"campfire_upgraded":10,"win_rate":0,"timestamp":1559495164,"path_taken":["M","?","?","?","M","R","?","M","T","M","M","M","?","?","R","BOSS","M","?","?","M","?","R","?","R","T","?","R","E","?","M","R","BOSS","M","$","M","M","?","R","M","M","T","R","E","M","R","$","R","BOSS"],"build_version":"2019-01-23","purchased_purges":3,"victory":true,"max_hp_per_floor":[75,75,75,75,75,75,75,75,75,75,75,75,75,75,75,75,75,75,75,75,75,75,75,75,75,75,75,75,75,75,75,75,75,75,75,75,75,75,75,75,75,75,75,75,75,75,75,75,75,75],"card_choices":[{"not_picked":["Heatsinks","Barrage"],"picked":"Coolheaded","floor":1},{"not_picked":["Redo","Hologram"],"picked":"Coolheaded","floor":5},{"not_picked":["Conserve Battery","Coolheaded"],"picked":"FTL","floor":8},{"not_picked":["Streamline","Turbo"],"picked":"Ball Lightning","floor":10},{"not_picked":["Sweeping Beam","Doom and Gloom"],"picked":"Conserve Battery","floor":11},{"not_picked":["Gash","Barrage"],"picked":"Chill","floor":12},{"not_picked":["Hologram","Scrape"],"picked":"Go for the Eyes","floor":14},{"not_picked":["Hyperbeam","Amplify"],"picked":"Biased Cognition","floor":16},{"not_picked":["Sweeping Beam","Beam Cell"],"picked":"Redo","floor":18},{"not_picked":["Auto Shields+1","Compile Driver"],"picked":"Cold Snap","floor":20},{"not_picked":["Steam","Coolheaded"],"picked":"Static Discharge+1","floor":21},{"not_picked":["Barrage+1","Machine Learning"],"picked":"Defragment","floor":29},{"not_picked":["Reprogram","Doom and Gloom+1"],"picked":"Coolheaded","floor":31},{"not_picked":["Meteor Strike","Multi-Cast"],"picked":"Seek","floor":33},{"not_picked":["Beam Cell+1","Sweeping Beam+1"],"picked":"Redo+1","floor":35},{"not_picked":["Reinforced Body+1","Amplify"],"picked":"Stack","floor":37},{"not_picked":["Turbo","Ball Lightning"],"picked":"Chill","floor":38},{"not_picked":["Rebound+1","Compile Driver"],"picked":"Tempest+1","floor":41},{"not_picked":["FTL","Rebound"],"picked":"Cold Snap+1","floor":42},{"not_picked":["Tempest","Lockon+1"],"picked":"Hologram+1","floor":45},{"not_picked":["FTL","Chill"],"picked":"Creative AI","floor":46}],"player_experience":951055,"relics_obtained":[{"floor":9,"key":"Meat on the Bone"},{"floor":26,"key":"Dodecahedron"},{"floor":29,"key":"Ginger"},{"floor":30,"key":"Thread and Needle"},{"floor":34,"key":"Bag of Marbles"},{"floor":34,"key":"Kunai"},{"floor":34,"key":"Pocketwatch"},{"floor":43,"key":"DataDisk"},{"floor":45,"key":"Girya"}],"event_choices":[{"damage_healed":0,"gold_gain":0,"player_choice":"Entered Light","damage_taken":15,"max_hp_gain":0,"max_hp_loss":0,"event_name":"Shining Light","floor":2,"gold_loss":0,"cards_upgraded":["Strike_B","Dualcast"]},{"cards_removed":["Strike_B"],"damage_healed":0,"gold_gain":0,"player_choice":"Card Removal","damage_taken":7,"max_hp_gain":0,"max_hp_loss":0,"event_name":"Golden Wing","floor":3,"gold_loss":0},{"damage_healed":0,"gold_gain":175,"player_choice":"AGREE","damage_taken":0,"max_hp_gain":0,"max_hp_loss":0,"event_name":"Liars Game","floor":4,"gold_loss":0,"cards_obtained":["Doubt"]},{"damage_healed":0,"gold_gain":0,"player_choice":"Take Damage","damage_taken":18,"relics_obtained":["Golden Idol"],"max_hp_gain":0,"max_hp_loss":0,"event_name":"Golden Idol","floor":7,"gold_loss":0},{"damage_healed":0,"gold_gain":0,"player_choice":"Copied","damage_taken":0,"max_hp_gain":0,"max_hp_loss":0,"event_name":"Duplicator","floor":19,"gold_loss":0,"cards_obtained":["Biased Cognition"]},{"damage_healed":0,"gold_gain":0,"player_choice":"Obtained Relic","damage_taken":0,"relics_obtained":["Symbiotic Virus"],"max_hp_gain":0,"max_hp_loss":0,"event_name":"Addict","floor":22,"gold_loss":85},{"damage_healed":0,"gold_gain":0,"cards_transformed":["Strike_B","Defend_B"],"player_choice":"Became Test Subject","damage_taken":0,"max_hp_gain":0,"max_hp_loss":0,"event_name":"Drug Dealer","floor":24,"gold_loss":0,"cards_obtained":["All For One","Hyperbeam"]},{"damage_healed":0,"gold_gain":0,"player_choice":"Ignored","damage_taken":0,"max_hp_gain":0,"max_hp_loss":0,"event_name":"Vampires","floor":27,"gold_loss":0},{"damage_healed":0,"gold_gain":0,"player_choice":"Ignored","damage_taken":0,"max_hp_gain":0,"max_hp_loss":0,"event_name":"SecretPortal","floor":39,"gold_loss":0}],"is_beta":false,"boss_relics":[{"not_picked":["Eternal Feather","Velvet Choker"],"picked":"Ectoplasm"},{"not_picked":["Coffee Dripper","Tiny House"],"picked":"Calling Bell"}],"items_purged_floors":[13,36,48],"is_endless":false,"potions_floor_spawned":[1,12,16,29,31,41,42,45],"ascension_level":0}