{"gold_per_floor":[112,125,144,69,69,69,103,121,146,49,68,68],"floor_reached":12,"playtime":524,"items_purged":[],"score":152,"play_id":"eeae6667-2268-42b9-a860-1e502c95bacc","local_time":"20190301222402","is_ascension_mode":true,"campfire_choices":[{"data":"Zap","floor":6,"key":"SMITH"}],"neow_cost":"NONE","seed_source_timestamp":531825683908500,"circlet_count":0,"master_deck":["AscendersBane","Strike_B","Strike_B","Strike_B","Defend_B","Defend_B","Defend_B","Defend_B","Zap+1","Dualcast","Glacier","Barrage","Compile Driver","Capacitor","Defragment","Capacitor","Coolheaded","Cold Snap"],"relics":["Cracked Core","Strawberry","Bag of Marbles"],"potions_floor_usage":[7,12],"damage_taken":[{"damage":7,"enemies":"Jaw Worm","floor":1,"turns":4},{"damage":11,"enemies":"Small Slimes","floor":2,"turns":5},{"damage":1,"enemies":"Cultist","floor":3,"turns":4},{"damage":10,"enemies":"3 Sentries","floor":7,"turns":9},{"damage":28,"enemies":"Exordium Wildlife","floor":8,"turns":7},{"damage":13,"enemies":"3 Louse","floor":11,"turns":4},{"damage":19,"enemies":"Gremlin Nob","floor":12,"turns":3}],"seed_played":"-7405051280191180906","potions_obtained":[{"floor":1,"key":"SneckoOil"},{"floor":2,"key":"Explosive Potion"},{"floor":11,"key":"Regen Potion"}],"is_trial":false,"path_per_floor":["M","M","M","?","$","R","E","M","T","$","M","E"],"character_chosen":"DEFECT","items_purchased":["Capacitor","Coolheaded"],"campfire_rested":0,"item_purchase_floors":[10,10],"current_hp_per_floor":[64,53,52,52,52,52,49,21,21,21,8,0],"gold":68,"neow_bonus":"TEN_PERCENT_HP_BONUS","is_prod":false,"is_daily":false,"chose_seed":false,"campfire_upgraded":1,"win_rate":0,"timestamp":1551471842,"path_taken":["M","M","M","?","$","R","E","M","T","$","M","E"],"build_version":"2019-01-23","purchased_purges":0,"victory":false,"max_hp_per_floor":[78,78,78,78,78,78,85,85,85,85,85,85],"card_choices":[{"not_picked":["Hello World","Beam Cell"],"picked":"Glacier","floor":1},{"not_picked":["Lockon","Stack"],"picked":"Barrage","floor":2},{"not_picked":["Gash","Fusion"],"picked":"Compile Driver","floor":3},{"not_picked":["Turbo","Conserve Battery"],"picked":"Capacitor","floor":7},{"not_picked":["Hologram","Meteor Strike"],"picked":"Defragment","floor":8},{"not_picked":["White Noise","Sunder"],"picked":"Cold Snap","floor":11}],"player_experience":898491,"relics_obtained":[{"floor":7,"key":"Strawberry"},{"floor":9,"key":"Bag of Marbles"}],"event_choices":[{"cards_removed":["Strike_B"],"damage_healed":0,"gold_gain":0,"player_choice":"Card Removal","damage_taken":0,"max_hp_gain":0,"max_hp_loss":0,"event_name":"The Cleric","floor":4,"gold_loss":75}],"is_beta":false,"boss_relics":[],"items_purged_floors":[],"is_endless":false,"potions_floor_spawned":[1,2,11],"killed_by":"Gremlin Nob","ascension_level":18}