{"gold_per_floor":[411,123,123,138,156,156,331,331,383,383,401,401,428,459,459,557,557,574,574,593,609,609,609,629,629,629,518,518,518,537,552,552,651,651,661,661,672,672,672,701,701,719,719,719,719,730,287,287,287,287],"floor_reached":51,"playtime":1550,"items_purged":[],"score":773,"play_id":"ac108561-bc64-4807-8f43-08ed934350b4","local_time":"20180905233054","daily_mods":["Draft","Heirloom"],"is_ascension_mode":false,"campfire_choices":[{"data":"Flex","floor":6,"key":"SMITH"},{"data":"Flex","floor":10,"key":"SMITH"},{"data":"Warcry","floor":12,"key":"SMITH"},{"data":"Whirlwind","floor":15,"key":"SMITH"},{"data":"Limit Break","floor":23,"key":"SMITH"},{"data":"Heavy Blade","floor":25,"key":"SMITH"},{"floor":32,"key":"REST"},{"data":"Warcry","floor":41,"key":"SMITH"},{"data":"Spot Weakness","floor":45,"key":"SMITH"},{"floor":49,"key":"REST"}],"neow_cost":"","seed_source_timestamp":0,"circlet_count":0,"master_deck":["Flex+1","Armaments","Pommel Strike","Warcry+1","Heavy Blade+1","Cleave","Disarm","Thunderclap","Twin Strike","Blood for Blood","Shrug It Off","Cleave","Iron Wave","Iron Wave","Iron Wave","Flex+1","Iron Wave","Warcry+1","Disarm","Whirlwind+1","Inflame+1","Limit Break+1","Headbutt+1","Spot Weakness+1","Heavy Blade+1","Shrug It Off","Inflame+1","Ghostly Armor","Heavy Blade+1","Demon Form+1","Cleave+1","Armaments+1","Dark Shackles","Limit Break+1"],"relics":["Burning Blood","Old Coin","Incense Burner","Kunai","Vajra","Odd Mushroom","Frozen Egg 2","Mark of Pain","Nunchaku","Sundial","Sozu","Strawberry","Bottled Lightning","Bronze Scales","Self Forming Clay","ClockworkSouvenir"],"potions_floor_usage":[],"damage_taken":[{"damage":5,"enemies":"Small Slimes","floor":1,"turns":3},{"damage":0,"enemies":"Cultist","floor":4,"turns":3},{"damage":1,"enemies":"2 Louse","floor":5,"turns":2},{"damage":0,"enemies":"Large Slime","floor":11,"turns":4},{"damage":14,"enemies":"The Mushroom Lair","floor":13,"turns":3},{"damage":13,"enemies":"3 Sentries","floor":14,"turns":5},{"damage":15,"enemies":"Hexaghost","floor":16,"turns":8},{"damage":1,"enemies":"Chosen","floor":18,"turns":3},{"damage":20,"enemies":"2 Thieves","floor":20,"turns":3},{"damage":20,"enemies":"Sentry and Sphere","floor":21,"turns":4},{"damage":6,"enemies":"Snake Plant","floor":24,"turns":3},{"damage":7,"enemies":"Centurion and Healer","floor":30,"turns":5},{"damage":5,"enemies":"Cultist and Chosen","floor":31,"turns":3},{"damage":4,"enemies":"Automaton","floor":33,"turns":6},{"damage":4,"enemies":"3 Shapes","floor":35,"turns":4},{"damage":12,"enemies":"Orb Walker","floor":37,"turns":3},{"damage":34,"enemies":"2 Orb Walkers","floor":40,"turns":4},{"damage":6,"enemies":"Sphere and 2 Shapes","floor":42,"turns":5},{"damage":1,"enemies":"Transient","floor":46,"turns":5},{"damage":4,"enemies":"Time Eater","floor":50,"turns":6}],"seed_played":"-8470244829979272890","potions_obtained":[{"floor":3,"key":"Weak Potion"},{"floor":3,"key":"GamblersBrew"},{"floor":3,"key":"EssenceOfSteel"}],"is_trial":true,"path_per_floor":["M","$","?","M","M","R","?","T","T","R","M","R","?","E","R","B",null,"M","?","M","M","?","R","M","R","T","$","?","T","M","M","R","B",null,"M","?","M","?","?","E","R","M","T","T","R","M","$","?","R","B"],"character_chosen":"IRONCLAD","items_purchased":["Incense Burner","Inflame+1","Ghostly Armor","Self Forming Clay","ClockworkSouvenir"],"campfire_rested":2,"item_purchase_floors":[2,27,27,47,47],"current_hp_per_floor":[80,80,80,80,80,80,80,80,80,80,80,80,72,65,65,56,80,80,65,51,37,37,37,37,37,37,37,37,37,36,37,62,64,85,85,85,79,79,79,58,58,58,58,58,58,63,63,63,90,92],"gold":287,"neow_bonus":"","is_prod":false,"is_daily":false,"chose_seed":false,"campfire_upgraded":8,"win_rate":0,"timestamp":1536157854,"path_taken":["M","$","?","M","M","R","?","?","T","R","M","R","?","E","R","BOSS","M","?","M","?","?","R","M","R","T","$","?","?","M","M","R","BOSS","M","?","?","?","?","E","R","?","T","?","R","?","$","?","R","BOSS"],"build_version":"2018-09-04-v2","purchased_purges":0,"victory":true,"max_hp_per_floor":[80,80,80,80,80,80,80,80,80,80,80,80,80,80,80,80,80,80,85,85,85,85,85,85,85,85,85,85,85,85,85,85,85,85,85,85,85,85,85,92,92,92,92,92,92,92,92,92,92,92],"card_choices":[{"not_picked":["Anger","Flame Barrier"],"picked":"Flex","floor":0},{"not_picked":["Thunderclap","Havoc"],"picked":"Armaments","floor":0},{"not_picked":["Reckless Charge","Anger"],"picked":"Pommel Strike","floor":0},{"not_picked":["Thunderclap","Spot Weakness"],"picked":"Warcry","floor":0},{"not_picked":["True Grit","Havoc"],"picked":"Heavy Blade","floor":0},{"not_picked":["Pommel Strike","Perfected Strike"],"picked":"Cleave","floor":0},{"not_picked":["Second Wind","Entrench"],"picked":"Disarm","floor":0},{"not_picked":["Perfected Strike","True Grit"],"picked":"Thunderclap","floor":0},{"not_picked":["Second Wind","Pommel Strike"],"picked":"Twin Strike","floor":0},{"not_picked":["True Grit","Body Slam"],"picked":"Blood for Blood","floor":0},{"not_picked":["Armaments","Searing Blow"],"picked":"Shrug It Off","floor":0},{"not_picked":["Blood for Blood","Thunderclap"],"picked":"Cleave","floor":0},{"not_picked":["Pommel Strike","Warcry"],"picked":"Iron Wave","floor":0},{"not_picked":["Pommel Strike","True Grit"],"picked":"Iron Wave","floor":0},{"not_picked":["Shrug It Off","Reckless Charge"],"picked":"Iron Wave","floor":0},{"not_picked":["Uppercut","Fire Breathing"],"picked":"Flex","floor":1},{"not_picked":["Armaments","Carnage"],"picked":"Iron Wave","floor":4},{"not_picked":["Pommel Strike","Sentinel"],"picked":"Warcry","floor":5},{"not_picked":["Sword Boomerang","Sentinel"],"picked":"Disarm","floor":11},{"not_picked":["Searing Blow","Sentinel"],"picked":"Whirlwind","floor":13},{"not_picked":["Exhume","Iron Wave"],"picked":"Inflame","floor":14},{"not_picked":["Double Tap","Brutality+1"],"picked":"Limit Break","floor":16},{"not_picked":["Warcry","Blood for Blood+1"],"picked":"Headbutt+1","floor":18},{"not_picked":["Thunderclap","Twin Strike"],"picked":"Spot Weakness","floor":20},{"not_picked":["Evolve+1","Clash"],"picked":"Heavy Blade+1","floor":21},{"not_picked":["Thunderclap","Body Slam+1"],"picked":"Shrug It Off","floor":24},{"not_picked":["Headbutt","Searing Blow+1"],"picked":"Heavy Blade+1","floor":30},{"not_picked":["Havoc","Sever Soul","Anger"],"picked":"SKIP","floor":31},{"not_picked":["Fiend Fire","Berserk+1"],"picked":"Demon Form+1","floor":33},{"not_picked":["Body Slam+1","Clothesline"],"picked":"Cleave+1","floor":35},{"not_picked":["Body Slam","Heavy Blade"],"picked":"Armaments+1","floor":37},{"not_picked":["Panacea","Transmutation"],"picked":"Dark Shackles","floor":39},{"not_picked":["Twin Strike","Thunderclap","Feel No Pain+1"],"picked":"SKIP","floor":40},{"not_picked":["Thunderclap","Clothesline+1","Flame Barrier+1"],"picked":"SKIP","floor":42},{"not_picked":["True Grit","Hemokinesis+1","Sentinel+1"],"picked":"SKIP","floor":46}],"player_experience":389015,"relics_obtained":[{"floor":8,"key":"Kunai"},{"floor":9,"key":"Vajra"},{"floor":13,"key":"Odd Mushroom"},{"floor":14,"key":"Frozen Egg 2"},{"floor":26,"key":"Nunchaku"},{"floor":29,"key":"Sundial"},{"floor":40,"key":"Strawberry"},{"floor":43,"key":"Bottled Lightning"},{"floor":44,"key":"Bronze Scales"}],"event_choices":[{"event_name":"The Lab","player_choice":"Got Potions","floor":3,"damage_taken":0},{"event_name":"Liars Game","player_choice":"agreed","floor":7,"damage_taken":0},{"event_name":"Mushrooms","player_choice":"Fought Mushrooms","floor":13,"damage_taken":0},{"event_name":"Forgotten Altar","player_choice":"Shed Blood","floor":19,"damage_taken":0},{"event_name":"Back to Basics","player_choice":"Elegance","floor":22,"damage_taken":0},{"event_name":"Purifier","player_choice":"Skipped","floor":28,"damage_taken":0},{"event_name":"Mysterious Sphere","player_choice":"Ignore","floor":36,"damage_taken":0},{"event_name":"Tomb of Lord Red Mask","player_choice":"Ignored","floor":38,"damage_taken":0},{"event_name":"SensoryStone","player_choice":"Memory 1","floor":39,"damage_taken":0},{"event_name":"Duplicator","player_choice":"One dupe","floor":48,"damage_taken":0}],"is_beta":true,"boss_relics":[{"not_picked":["Black Star","Runic Dome"],"picked":"Mark of Pain"},{"not_picked":["Runic Pyramid","Runic Cube"],"picked":"Sozu"}],"items_purged_floors":[],"is_endless":false,"potions_floor_spawned":[13,14,16,21,30,37,46],"ascension_level":0}