{"gold_per_floor":[118,118,118,131,131,131,172,196,196,216,250,273,273,294,294,385,385,409,534,552,577,125,160,181,201,228,242,242,276,294,329,329,425,425,445,445,464,477,7,38,38,73,73,73,91,122,146,167,167,167,167,167,167,42,82,82],"floor_reached":57,"playtime":5922,"items_purged":["Strike_B","Strike_B","Strike_B+1"],"score":2911,"play_id":"ccc73c30-5afa-4261-bcde-eb66682f843e","local_time":"20190613150201","is_ascension_mode":true,"campfire_choices":[{"data":"Zap","floor":6.0,"key":"SMITH"},{"data":"Coolheaded","floor":15.0,"key":"SMITH"},{"data":"Buffer","floor":28.0,"key":"SMITH"},{"data":"Coolheaded","floor":32.0,"key":"SMITH"},{"data":"Defragment","floor":41,"key":"SMITH"},{"data":"Seek","floor":44,"key":"SMITH"},{"floor":49,"key":"RECALL"},{"floor":53,"key":"REST"}],"neow_cost":"NONE","seed_source_timestamp":0,"circlet_count":0,"master_deck":["AscendersBane","Defend_B","Defend_B","Defend_B","Defend_B","Zap+1","Dualcast","Streamline+1","Steam","FTL","Echo Form","Self Repair","Coolheaded+1","Core Surge+1","Undo","Reinforced Body+1","Conserve Battery","Coolheaded+1","Buffer+1","Coolheaded+1","Creative AI","Seek+1","Go for the Eyes+1","Defragment+1","Consume","Machine Learning","Genetic Algorithm","Biased Cognition"],"special_seed":0,"relics":["Cracked Core","NeowsBlessing","Golden Idol","Meat on the Bone","Bag of Marbles","Cables","Velvet Choker","Calipers","Darkstone Periapt","Singing Bowl","Bottled Tornado","Vajra","Letter Opener","Mummified Hand","Inserter","FaceOfCleric","Lantern","Whetstone","Pear","DataDisk","Blood Vial"],"potions_floor_usage":[56,56],"damage_taken":[{"damage":0.0,"enemies":"Small Slimes","floor":1.0,"turns":1.0},{"damage":0.0,"enemies":"Jaw Worm","floor":4.0,"turns":1.0},{"damage":0.0,"enemies":"3 Sentries","floor":7.0,"turns":1.0},{"damage":0.0,"enemies":"Cultist","floor":8.0,"turns":3.0},{"damage":10.0,"enemies":"Exordium Thugs","floor":10.0,"turns":5.0},{"damage":8.0,"enemies":"Gremlin Nob","floor":11.0,"turns":3.0},{"damage":14.0,"enemies":"Gremlin Gang","floor":12.0,"turns":4.0},{"damage":0.0,"enemies":"2 Fungi Beasts","floor":14.0,"turns":2.0},{"damage":38.0,"enemies":"Slime Boss","floor":16.0,"turns":9.0},{"damage":29.0,"enemies":"Shell Parasite","floor":18.0,"turns":7.0},{"damage":18.0,"enemies":"Colosseum Slavers","floor":19.0,"turns":7.0},{"damage":20.0,"enemies":"Colosseum Nobs","floor":19.0,"turns":6.0},{"damage":23.0,"enemies":"3 Byrds","floor":20.0,"turns":5.0},{"damage":35.0,"enemies":"Shelled Parasite and Fungi","floor":21.0,"turns":7.0},{"damage":40.0,"enemies":"Slavers","floor":23.0,"turns":8.0},{"damage":6.0,"enemies":"Sentry and Sphere","floor":24.0,"turns":11.0},{"damage":4.0,"enemies":"3 Cultists","floor":25.0,"turns":7.0},{"damage":14.0,"enemies":"Centurion and Healer","floor":27.0,"turns":7.0},{"damage":42.0,"enemies":"Book of Stabbing","floor":29.0,"turns":6.0},{"damage":16.0,"enemies":"Snake Plant","floor":30.0,"turns":4.0},{"damage":29.0,"enemies":"Gremlin Leader","floor":31.0,"turns":11.0},{"damage":5.0,"enemies":"Champ","floor":33.0,"turns":16.0},{"damage":2.0,"enemies":"Orb Walker","floor":35.0,"turns":4.0},{"damage":1,"enemies":"3 Darklings","floor":37,"turns":9},{"damage":2,"enemies":"Spire Growth","floor":38,"turns":8},{"damage":38,"enemies":"Reptomancer","floor":40,"turns":8},{"damage":0,"enemies":"Nemesis","floor":42,"turns":7},{"damage":0,"enemies":"Maw","floor":45,"turns":8},{"damage":34,"enemies":"Reptomancer","floor":46,"turns":13},{"damage":18,"enemies":"3 Darklings","floor":47,"turns":9},{"damage":16,"enemies":"4 Shapes","floor":48,"turns":3},{"damage":43,"enemies":"Awakened One","floor":50,"turns":17},{"damage":23,"enemies":"Donu and Deca","floor":51,"turns":13},{"damage":96,"enemies":"Shield and Spear","floor":55,"turns":14},{"damage":40,"enemies":"The Heart","floor":56,"turns":12}],"seed_played":"165097739756732572","potions_obtained":[{"floor":4.0,"key":"SkillPotion"},{"floor":7.0,"key":"AttackPotion"},{"floor":11.0,"key":"Fire Potion"},{"floor":12.0,"key":"EssenceOfSteel"},{"floor":18.0,"key":"Energy Potion"},{"floor":23.0,"key":"Ancient Potion"},{"floor":24.0,"key":"Dexterity Potion"},{"floor":31.0,"key":"Energy Potion"}],"is_trial":false,"path_per_floor":["M","?","?","M","?","R","E","M","T","M","E","M","?","M","R","B",null,"M","?","M","M","$","E","M","M","T","M","R","E","M","E","R","B",null,"M","?","M","M","$","E","R","E","T","R","M","E","M","M","R","B","B",null,"R","$","E","B",null],"character_chosen":"DEFECT","items_purchased":["Singing Bowl","Buffer","Defragment","Consume","PowerPotion","Lantern"],"campfire_rested":1,"item_purchase_floors":[22,22,39,39,39,39],"current_hp_per_floor":[64,69,69,69,69,69,69,69,69,59,51,37,30,49,49,23,58,55,57,60,51,51,39,61,73,73,73,73,45,55,54,54,63,75,81,81,82,85,85,55,55,68,68,68,85,78,68,67,67,51,55,96,109,109,42,17],"gold":82,"neow_bonus":"THREE_ENEMY_KILL","is_prod":false,"is_daily":false,"chose_seed":false,"campfire_upgraded":6,"win_rate":0,"timestamp":1560427321,"path_taken":["M","?","?","M","?","R","E","M","T","?","E","M","?","M","R","BOSS","M","?","M","M","$","E","M","M","T","M","R","E","M","E","R","BOSS","M","?","?","M","$","E","R","E","T","R","M","E","M","M","R","BOSS","BOSS","R","$","E","BOSS"],"build_version":"2019-01-23","purchased_purges":3,"victory":true,"max_hp_per_floor":[71,76,69,69,69,69,69,69,69,69,69,69,69,69,69,69,69,69,69,69,69,69,71,73,75,75,75,75,77,77,79,79,79,79,81,81,82,85,85,86,86,99,99,99,102,103,104,107,107,108,109,109,109,109,112,113],"card_choices":[{"not_picked":["Hologram","Loop"],"picked":"Streamline","floor":1.0},{"not_picked":["Cold Snap","Double Energy"],"picked":"Steam","floor":4.0},{"not_picked":["Loop","Barrage"],"picked":"FTL","floor":7.0},{"not_picked":["Go for the Eyes","Rebound"],"picked":"Echo Form","floor":8.0},{"not_picked":["Chill","Barrage","Stack"],"picked":"SKIP","floor":10.0},{"not_picked":["Beam Cell","Barrage","Lockon"],"picked":"SKIP","floor":11.0},{"not_picked":["Skim","Ball Lightning"],"picked":"Self Repair","floor":12.0},{"not_picked":["Rebound","Static Discharge"],"picked":"Coolheaded","floor":14.0},{"not_picked":["Amplify","Hyperbeam"],"picked":"Core Surge","floor":16.0},{"not_picked":["Hologram+1","Gash"],"picked":"Undo","floor":18.0},{"not_picked":["Stack","Streamline+1"],"picked":"Reinforced Body+1","floor":19.0},{"not_picked":["Hyperbeam","Stack"],"picked":"Conserve Battery","floor":20.0},{"not_picked":["Darkness+1","Stack"],"picked":"Coolheaded","floor":21.0},{"not_picked":["Gash+1","Steam+1","Go for the Eyes"],"picked":"Singing Bowl","floor":23.0},{"not_picked":["Barrage","Compile Driver","Sweeping Beam+1"],"picked":"Singing Bowl","floor":24.0},{"not_picked":["Redo","Conserve Battery","Beam Cell"],"picked":"Singing Bowl","floor":25.0},{"not_picked":["Steam","Leap"],"picked":"Coolheaded+1","floor":27.0},{"not_picked":["Compile Driver","Go for the Eyes","Leap"],"picked":"Singing Bowl","floor":29.0},{"not_picked":["BootSequence","Rebound+1"],"picked":"Creative AI","floor":30.0},{"not_picked":["Auto Shields","Creative AI","Sweeping Beam"],"picked":"Singing Bowl","floor":31.0},{"not_picked":["Core Surge","Echo Form"],"picked":"Seek","floor":33.0},{"not_picked":["Beam Cell","Scrape","Compile Driver"],"picked":"Singing Bowl","floor":35.0},{"not_picked":["Redo","Lockon"],"picked":"Go for the Eyes+1","floor":37},{"not_picked":["Undo","Streamline","Fusion"],"picked":"Singing Bowl","floor":38},{"not_picked":["Leap+1","Hello World"],"picked":"Machine Learning","floor":40},{"not_picked":["Beam Cell","Aggregate+1","Sweeping Beam"],"picked":"Singing Bowl","floor":42},{"not_picked":["Redo","Turbo","Rebound"],"picked":"Singing Bowl","floor":45},{"not_picked":["Hello World","Compile Driver"],"picked":"Genetic Algorithm","floor":46},{"not_picked":["Cold Snap+1","Steam"],"picked":"Biased Cognition","floor":47},{"not_picked":["Compile Driver+1","Go for the Eyes","Cold Snap"],"picked":"Singing Bowl","floor":48},{"not_picked":["Rebound+1","Hyperbeam","BootSequence"],"picked":"Singing Bowl","floor":55}],"player_experience":1093508,"relics_obtained":[{"floor":7.0,"key":"Meat on the Bone"},{"floor":9.0,"key":"Bag of Marbles"},{"floor":11.0,"key":"Cables"},{"floor":19.0,"key":"Calipers"},{"floor":19.0,"key":"Darkstone Periapt"},{"floor":23.0,"key":"Bottled Tornado"},{"floor":26.0,"key":"Vajra"},{"floor":29.0,"key":"Letter Opener"},{"floor":31.0,"key":"Mummified Hand"},{"floor":40,"key":"Whetstone"},{"floor":42,"key":"Pear"},{"floor":46,"key":"DataDisk"},{"floor":55,"key":"Blood Vial"}],"event_choices":[{"damage_healed":0.0,"max_hp_gain":5.0,"max_hp_loss":0.0,"gold_gain":0.0,"event_name":"Big Fish","player_choice":"Donut","floor":2.0,"gold_loss":0.0,"damage_taken":0.0},{"damage_healed":0.0,"max_hp_gain":0.0,"max_hp_loss":7.0,"gold_gain":0.0,"event_name":"Golden Idol","player_choice":"Lose Max HP","floor":3.0,"gold_loss":0.0,"damage_taken":0.0,"relics_obtained":["Golden Idol"]},{"damage_healed":0.0,"max_hp_gain":0.0,"max_hp_loss":0.0,"gold_gain":0.0,"event_name":"Living Wall","player_choice":"Grow","floor":5.0,"gold_loss":0.0,"damage_taken":0.0,"cards_upgraded":["Streamline"]},{"cards_removed":["Strike_B"],"damage_healed":0.0,"max_hp_gain":0.0,"max_hp_loss":0.0,"gold_gain":0.0,"event_name":"Golden Wing","player_choice":"Card Removal","floor":13.0,"gold_loss":0.0,"damage_taken":7.0},{"damage_healed":0.0,"max_hp_gain":0.0,"max_hp_loss":0.0,"gold_gain":0.0,"event_name":"Colosseum","player_choice":"Fight","floor":19.0,"gold_loss":0.0,"damage_taken":0.0},{"damage_healed":0.0,"max_hp_gain":0.0,"max_hp_loss":0.0,"gold_gain":0.0,"event_name":"Colosseum","player_choice":"Fought Nobs","floor":19.0,"gold_loss":0.0,"damage_taken":0.0},{"damage_healed":0.0,"max_hp_gain":0.0,"max_hp_loss":0.0,"gold_gain":0.0,"event_name":"FaceTrader","player_choice":"Trade","floor":36.0,"gold_loss":0.0,"damage_taken":0.0,"relics_obtained":["FaceOfCleric"]}],"is_beta":false,"boss_relics":[{"not_picked":["FrozenCore","Nuclear Battery"],"picked":"Velvet Choker"},{"not_picked":["Tiny House","Eternal Feather"],"picked":"Inserter"}],"items_purged_floors":[22,39,54],"is_endless":false,"potions_floor_spawned":[4,7,10,11,12,18,19,23,24,27,31,35,38,40,46,48],"ascension_level":20}