{"gold_per_floor":[111,123,223,242,252,252,277,295,295,295,295,308,308,337,337,337],"floor_reached":16,"playtime":893,"items_purged":[],"score":112,"play_id":"30ad2cc5-cab7-46e6-b7b5-5aebf8f273d8","local_time":"20190623043859","is_ascension_mode":false,"campfire_choices":[{"data":"Undo","floor":6,"key":"SMITH"},{"data":"Multi-Cast","floor":10,"key":"SMITH"},{"data":"Rebound","floor":13,"key":"SMITH"},{"data":"Defend_B","floor":15,"key":"SMITH"}],"neow_cost":"NONE","seed_source_timestamp":310921923004012,"circlet_count":0,"master_deck":["Strike_B","Strike_B","Strike_B","Defend_B+1","Defend_B","Defend_B","Defend_B","Zap","Dualcast","Redo","Undo+1","Multi-Cast+1","Rebound+1"],"relics":["Snecko Eye","Happy Flower","Singing Bowl","Omamori"],"potions_floor_usage":[7],"damage_taken":[{"damage":6,"enemies":"Jaw Worm","floor":1,"turns":3},{"damage":0,"enemies":"Cultist","floor":2,"turns":3},{"damage":2,"enemies":"2 Louse","floor":4,"turns":3},{"damage":5,"enemies":"Red Slaver","floor":5,"turns":4},{"damage":20,"enemies":"3 Sentries","floor":7,"turns":8},{"damage":5,"enemies":"Exordium Wildlife","floor":8,"turns":5},{"damage":12,"enemies":"Blue Slaver","floor":12,"turns":2},{"damage":26,"enemies":"Lagavulin","floor":14,"turns":8},{"damage":6,"enemies":"Hexaghost","floor":16,"turns":9}],"seed_played":"6182006621337875133","potions_obtained":[{"floor":2,"key":"Explosive Potion"}],"is_trial":false,"path_per_floor":["M","M","?","M","M","R","E","M","T","R","?","M","R","E","R","B"],"character_chosen":"DEFECT","items_purchased":[],"campfire_rested":0,"item_purchase_floors":[],"current_hp_per_floor":[69,69,69,67,62,62,42,37,37,37,37,27,27,3,3,0],"gold":337,"neow_bonus":"BOSS_RELIC","is_prod":false,"is_daily":false,"chose_seed":false,"campfire_upgraded":4,"win_rate":0,"timestamp":1561232339,"path_taken":["M","M","?","?","M","R","E","M","T","R","?","M","R","E","R","BOSS"],"build_version":"2019-01-23","purchased_purges":0,"victory":false,"max_hp_per_floor":[75,75,75,75,75,75,75,75,75,75,75,77,77,79,79,79],"card_choices":[{"not_picked":["Steam","Aggregate","Go for the Eyes"],"picked":"SKIP","floor":1},{"not_picked":["Steam","Stack"],"picked":"Redo","floor":2},{"not_picked":["Sweeping Beam","Coolheaded"],"picked":"Undo","floor":4},{"not_picked":["Leap","Rip and Tear","Sweeping Beam"],"picked":"SKIP","floor":5},{"not_picked":["Conserve Battery","Steam"],"picked":"Multi-Cast","floor":7},{"not_picked":["Stack","Barrage"],"picked":"Rebound","floor":8},{"not_picked":["Leap","Chill","Melter"],"picked":"Singing Bowl","floor":12},{"not_picked":["Redo","Hello World","Go for the Eyes"],"picked":"Singing Bowl","floor":14}],"player_experience":1062024,"relics_obtained":[{"floor":7,"key":"Happy Flower"},{"floor":9,"key":"Singing Bowl"},{"floor":14,"key":"Omamori"}],"event_choices":[{"damage_healed":0,"gold_gain":100,"player_choice":"Pray","damage_taken":0,"max_hp_gain":0,"max_hp_loss":0,"event_name":"Golden Shrine","floor":3,"gold_loss":0},{"cards_removed":["Strike_B"],"damage_healed":0,"gold_gain":0,"player_choice":"Offered Basic","damage_taken":0,"max_hp_gain":0,"max_hp_loss":0,"event_name":"Bonfire Elementals","floor":11,"gold_loss":0}],"is_beta":false,"boss_relics":[],"items_purged_floors":[],"is_endless":false,"potions_floor_spawned":[2],"killed_by":"Hexaghost","ascension_level":0}