{"gold_per_floor":[366,381,306,306,318,318,141,141,141,161,161,187,20,30,30,108,108,125,125,125,40,50,50,62,12,12,12,44,44,54,85,97,109],"floor_reached":33,"playtime":1929,"items_purged":["Strike_G","Strike_G"],"score":538,"play_id":"3e6d8268-d748-449e-ab78-5ac2a7df4e5e","local_time":"20190204172727","is_ascension_mode":true,"campfire_choices":[{"data":"Crippling Poison","floor":6,"key":"SMITH"},{"data":"Envenom","floor":11,"key":"SMITH"},{"data":"Noxious Fumes","floor":15,"key":"SMITH"},{"data":"Wraith Form v2","floor":23,"key":"SMITH"},{"data":"Neutralize","floor":27,"key":"SMITH"},{"data":"Acrobatics","floor":29,"key":"SMITH"},{"data":"Cloak And Dagger","floor":32,"key":"SMITH"}],"neow_cost":"TEN_PERCENT_HP_LOSS","seed_source_timestamp":1240557895391000,"circlet_count":0,"master_deck":["AscendersBane","Defend_G","Defend_G","Defend_G","Defend_G","Defend_G","Survivor","Neutralize+1","Dagger Throw","Dash","Crippling Poison+1","Envenom+1","Bane","Infinite Blades","Backstab","Well Laid Plans","Dagger Throw","Noxious Fumes+1","Wraith Form v2+1","Acrobatics+1","After Image","Leg Sweep","Heel Hook","Tactician+1","Cloak And Dagger+1","Escape Plan"],"relics":["Ring of the Snake","Boot","Smiling Mask","Coffee Dripper","Juzu Bracelet","Frozen Egg 2","Bag of Marbles","MawBank"],"potions_floor_usage":[18],"damage_taken":[{"damage":2,"enemies":"Jaw Worm","floor":1,"turns":7},{"damage":0,"enemies":"2 Louse","floor":2,"turns":3},{"damage":0,"enemies":"Cultist","floor":5,"turns":3},{"damage":4,"enemies":"Lots of Slimes","floor":10,"turns":2},{"damage":10,"enemies":"Lagavulin","floor":12,"turns":5},{"damage":3,"enemies":"Looter","floor":14,"turns":2},{"damage":7,"enemies":"Hexaghost","floor":16,"turns":8},{"damage":7,"enemies":"Spheric Guardian","floor":18,"turns":4},{"damage":1,"enemies":"Chosen","floor":22,"turns":4},{"damage":4,"enemies":"Centurion and Healer","floor":24,"turns":6},{"damage":11,"enemies":"Gremlin Leader","floor":28,"turns":6},{"damage":9,"enemies":"Snake Plant","floor":30,"turns":5},{"damage":10,"enemies":"Book of Stabbing","floor":31,"turns":6},{"damage":10,"enemies":"Collector","floor":33,"turns":2}],"seed_played":"-1215921696768862926","potions_obtained":[{"floor":10,"key":"SneckoOil"},{"floor":14,"key":"Dexterity Potion"},{"floor":18,"key":"Dexterity Potion"},{"floor":30,"key":"SkillPotion"}],"is_trial":false,"path_per_floor":["M","M","?","?","M","R","$","?","T","M","R","E","$","M","R","B",null,"M","?","?","?","M","R","M","$","T","R","E","R","M","E","R","B"],"character_chosen":"THE_SILENT","items_purchased":["Envenom","Bane","Well Laid Plans","Dagger Throw"],"campfire_rested":0,"item_purchase_floors":[7,7,13,13],"current_hp_per_floor":[57,57,57,50,50,50,50,50,50,46,46,36,36,33,33,26,52,45,45,45,45,44,44,40,40,40,40,29,29,20,10,10,0],"gold":109,"neow_bonus":"TWO_FIFTY_GOLD","is_prod":false,"is_daily":false,"chose_seed":false,"campfire_upgraded":7,"win_rate":0,"timestamp":1549294047,"path_taken":["M","M","?","?","M","R","$","?","T","?","R","E","$","?","R","BOSS","M","?","?","?","M","R","M","$","T","R","E","R","M","E","R","BOSS"],"build_version":"2019-01-23","purchased_purges":2,"victory":false,"max_hp_per_floor":[60,60,60,60,60,60,60,60,60,60,60,60,60,60,60,60,60,60,60,60,60,60,60,60,60,60,60,60,60,60,60,60,60],"card_choices":[{"not_picked":["Acrobatics","Dagger Spray"],"picked":"Dagger Throw","floor":1},{"not_picked":["Dagger Throw","Acrobatics"],"picked":"Dash","floor":2},{"not_picked":["Bane","Skewer"],"picked":"Crippling Poison","floor":5},{"not_picked":["Underhanded Strike","Distraction"],"picked":"Backstab","floor":10},{"not_picked":["Slice","Accuracy","Grand Finale"],"picked":"SKIP","floor":12},{"not_picked":["Dagger Throw","Escape Plan"],"picked":"Noxious Fumes","floor":14},{"not_picked":["Die Die Die","Tools of the Trade"],"picked":"Wraith Form v2","floor":16},{"not_picked":["Dodge and Roll","Dagger Throw"],"picked":"Acrobatics","floor":18},{"not_picked":["Dagger Throw+1","Choke"],"picked":"Leg Sweep","floor":22},{"not_picked":["Distraction","Poisoned Stab"],"picked":"Heel Hook","floor":24},{"not_picked":["Prepared","Slice"],"picked":"Tactician+1","floor":28},{"not_picked":["Blur","Deadly Poison"],"picked":"Cloak And Dagger","floor":30},{"not_picked":["Dagger Spray","Quick Slash"],"picked":"Escape Plan","floor":31}],"player_experience":867885,"relics_obtained":[{"floor":9,"key":"Boot"},{"floor":12,"key":"Smiling Mask"},{"floor":26,"key":"Frozen Egg 2"},{"floor":28,"key":"Bag of Marbles"},{"floor":31,"key":"MawBank"}],"event_choices":[{"cards_removed":["Strike_G"],"damage_healed":0,"gold_gain":0,"player_choice":"Card Removal","damage_taken":0,"max_hp_gain":0,"max_hp_loss":0,"event_name":"The Cleric","floor":3,"gold_loss":75},{"cards_removed":["Strike_G"],"damage_healed":0,"gold_gain":0,"player_choice":"Card Removal","damage_taken":7,"max_hp_gain":0,"max_hp_loss":0,"event_name":"Golden Wing","floor":4,"gold_loss":0},{"damage_healed":0,"gold_gain":0,"cards_transformed":["Strike_G"],"player_choice":"Transformed","damage_taken":0,"max_hp_gain":0,"max_hp_loss":0,"event_name":"Transmorgrifier","floor":8,"gold_loss":0,"cards_obtained":["Infinite Blades"]},{"damage_healed":0,"gold_gain":0,"player_choice":"Ignored","damage_taken":0,"max_hp_gain":0,"max_hp_loss":0,"event_name":"Vampires","floor":19,"gold_loss":0},{"damage_healed":0,"gold_gain":0,"player_choice":"Read","damage_taken":0,"max_hp_gain":0,"max_hp_loss":0,"event_name":"The Library","floor":20,"gold_loss":0,"cards_obtained":["After Image"]},{"damage_healed":0,"gold_gain":0,"player_choice":"Obtained Relic","damage_taken":0,"relics_obtained":["Juzu Bracelet"],"max_hp_gain":0,"max_hp_loss":0,"event_name":"Addict","floor":21,"gold_loss":85}],"is_beta":false,"boss_relics":[{"not_picked":["Runic Dome","Black Star"],"picked":"Coffee Dripper"}],"items_purged_floors":[13,25],"is_endless":false,"potions_floor_spawned":[10,14,16,18,30],"killed_by":"Collector","ascension_level":18}