{"gold_per_floor":[110,126,126,144,160,185,185,201,201,201,351,371,429,464,464,464],"floor_reached":16,"playtime":528,"items_purged":[],"score":224,"play_id":"d07ef676-556a-4c02-baa2-84c6df4f61e5","local_time":"20190403173814","is_ascension_mode":true,"campfire_choices":[{"floor":7,"key":"REST"},{"floor":10,"key":"REST"},{"floor":15,"key":"REST"}],"neow_cost":"NONE","seed_source_timestamp":681720303755300,"circlet_count":0,"master_deck":["AscendersBane","Defend_G","Defend_G","Defend_G","Defend_G","Defend_G","Strike_G","Strike_G","Strike_G","Strike_G","Strike_G","Survivor","Neutralize","Quick Slash","Noxious Fumes","Die Die Die","Bane","Predator","Dash","Doubt","PiercingWail"],"relics":["Ring of the Snake","NeowsBlessing","Bottled Flame","Sundial","Paper Crane","The Courier"],"potions_floor_usage":[13,14],"damage_taken":[{"damage":0,"enemies":"Cultist","floor":1,"turns":1},{"damage":0,"enemies":"Small Slimes","floor":2,"turns":1},{"damage":0,"enemies":"2 Louse","floor":4,"turns":1},{"damage":0,"enemies":"2 Fungi Beasts","floor":5,"turns":2},{"damage":40,"enemies":"Lagavulin","floor":6,"turns":10},{"damage":22,"enemies":"Exordium Thugs","floor":8,"turns":4},{"damage":2,"enemies":"Large Slime","floor":12,"turns":5},{"damage":20,"enemies":"Gremlin Nob","floor":13,"turns":4},{"damage":10,"enemies":"3 Sentries","floor":14,"turns":5},{"damage":38,"enemies":"Slime Boss","floor":16,"turns":3}],"seed_played":"722001606734163627","potions_obtained":[{"floor":2,"key":"SmokeBomb"},{"floor":4,"key":"Strength Potion"},{"floor":8,"key":"Explosive Potion"}],"is_trial":false,"path_per_floor":["M","M","?","M","M","E","R","M","T","R","?","M","?","E","R","B"],"character_chosen":"THE_SILENT","items_purchased":[],"campfire_rested":3,"item_purchase_floors":[],"current_hp_per_floor":[59,59,59,59,59,19,38,16,16,35,35,33,13,3,22,0],"gold":464,"neow_bonus":"THREE_ENEMY_KILL","is_prod":false,"is_daily":false,"chose_seed":false,"campfire_upgraded":0,"win_rate":0,"timestamp":1554302294,"path_taken":["M","?","?","M","?","E","R","M","T","R","?","M","?","E","R","BOSS"],"build_version":"2019-01-23","purchased_purges":0,"victory":false,"max_hp_per_floor":[66,66,66,66,66,66,66,66,66,66,66,66,66,66,66,66],"card_choices":[{"not_picked":["Outmaneuver","Caltrops"],"picked":"Quick Slash","floor":1},{"not_picked":["Catalyst","Leg Sweep"],"picked":"Noxious Fumes","floor":2},{"not_picked":["Accuracy","Outmaneuver","Dagger Throw"],"picked":"SKIP","floor":4},{"not_picked":["Dagger Throw","Heel Hook"],"picked":"Bane","floor":5},{"not_picked":["Blade Dance","Phantasmal Killer"],"picked":"Predator","floor":6},{"not_picked":["Slice","Caltrops"],"picked":"Dash","floor":8},{"not_picked":["Quick Slash","Escape Plan"],"picked":"PiercingWail","floor":12},{"not_picked":["Dodge and Roll","Expertise","Acrobatics"],"picked":"SKIP","floor":14}],"player_experience":958225,"relics_obtained":[{"floor":6,"key":"Bottled Flame"},{"floor":9,"key":"Sundial"},{"floor":13,"key":"Paper Crane"},{"floor":14,"key":"The Courier"}],"event_choices":[{"damage_healed":0,"gold_gain":0,"player_choice":"1 cards matched","damage_taken":0,"max_hp_gain":0,"max_hp_loss":0,"event_name":"Match and Keep!","floor":3,"gold_loss":0,"cards_obtained":["Die Die Die"]},{"damage_healed":0,"gold_gain":150,"player_choice":"AGREE","damage_taken":0,"max_hp_gain":0,"max_hp_loss":0,"event_name":"Liars Game","floor":11,"gold_loss":0,"cards_obtained":["Doubt"]},{"damage_healed":0,"gold_gain":30,"player_choice":"Searched \u00272\u0027 times","damage_taken":0,"max_hp_gain":0,"max_hp_loss":0,"event_name":"Dead Adventurer","floor":13,"gold_loss":0}],"is_beta":false,"boss_relics":[],"items_purged_floors":[],"is_endless":false,"potions_floor_spawned":[2,4,8,12],"killed_by":"Slime Boss","ascension_level":20}