{"gold_per_floor":[112,112,27,45,56,56,68,68,68,68,68,100,24,42,42,116,116,16,16,16,16,16,16,16,16,16,16,16,16,16,16,16,16,16,16,16,16,16,16,16,16],"floor_reached":41,"playtime":3034,"items_purged":[],"score":731,"play_id":"bbd39514-e77a-4624-8a14-58f4a2f81a2f","local_time":"20190121222734","is_ascension_mode":true,"campfire_choices":[{"data":"Neutralize","floor":6,"key":"SMITH"},{"data":"Crippling Poison","floor":8,"key":"SMITH"},{"data":"Dagger Spray","floor":11,"key":"SMITH"},{"data":"Accuracy","floor":15,"key":"SMITH"},{"floor":23,"key":"REST"},{"data":"Footwork","floor":25,"key":"SMITH"},{"data":"Infinite Blades","floor":28,"key":"SMITH"},{"floor":32,"key":"REST"},{"data":"Well Laid Plans","floor":40,"key":"SMITH"}],"neow_cost":"NONE","seed_source_timestamp":47840242307000,"circlet_count":0,"master_deck":["AscendersBane","Defend_G","Defend_G","Defend_G","Defend_G","Defend_G","Strike_G","Strike_G","Survivor","Neutralize+1","Well Laid Plans+1","Footwork+1","Dagger Spray+1","Blur","Crippling Poison+1","Infinite Blades+1","Accuracy+1","Backflip+1","Malaise+1","Dodge and Roll+1","Infinite Blades+1","Dodge and Roll+1","Blur+1","Escape Plan+1","Acrobatics+1","Night Terror+1","Crippling Poison+1","Backflip+1","Blind+1","Reflex+1"],"relics":["Ring of the Snake","Blood Vial","Boot","Toxic Egg 2","Ectoplasm","Old Coin","Pantograph","Bottled Lightning","Velvet Choker"],"potions_floor_usage":[20,20,36],"damage_taken":[{"damage":1,"enemies":"Small Slimes","floor":1,"turns":3},{"damage":1,"enemies":"Cultist","floor":4,"turns":6},{"damage":0,"enemies":"Jaw Worm","floor":5,"turns":6},{"damage":4,"enemies":"Exordium Wildlife","floor":7,"turns":4},{"damage":12,"enemies":"3 Sentries","floor":12,"turns":9},{"damage":7,"enemies":"Large Slime","floor":14,"turns":6},{"damage":5,"enemies":"Hexaghost","floor":16,"turns":15},{"damage":11,"enemies":"2 Thieves","floor":18,"turns":4},{"damage":11,"enemies":"Colosseum Slavers","floor":20,"turns":5},{"damage":12,"enemies":"Colosseum Nobs","floor":20,"turns":6},{"damage":2,"enemies":"3 Byrds","floor":21,"turns":5},{"damage":19,"enemies":"3 Cultists","floor":22,"turns":5},{"damage":9,"enemies":"Sentry and Sphere","floor":24,"turns":8},{"damage":6,"enemies":"Snake Plant","floor":27,"turns":7},{"damage":0,"enemies":"3 Cultists","floor":30,"turns":5},{"damage":3,"enemies":"Centurion and Healer","floor":31,"turns":7},{"damage":3,"enemies":"Automaton","floor":33,"turns":15},{"damage":0,"enemies":"3 Shapes","floor":35,"turns":6},{"damage":2,"enemies":"3 Darklings","floor":36,"turns":6},{"damage":24,"enemies":"Maw","floor":39,"turns":12},{"damage":81,"enemies":"Giant Head","floor":41,"turns":15}],"seed_played":"16360439399895584","potions_obtained":[{"floor":4,"key":"PowerPotion"},{"floor":12,"key":"Explosive Potion"},{"floor":14,"key":"SpeedPotion"},{"floor":20,"key":"Fire Potion"},{"floor":24,"key":"SpeedPotion"},{"floor":36,"key":"Energy Potion"}],"is_trial":false,"path_per_floor":["M","?","$","M","M","R","M","R","T","$","R","E","$","M","R","B",null,"M","$","?","M","M","R","M","R","T","M","R","?","M","M","R","B",null,"M","M","?","?","M","R","E"],"character_chosen":"THE_SILENT","items_purchased":["Footwork","Accuracy"],"campfire_rested":2,"item_purchase_floors":[3,13],"current_hp_per_floor":[60,60,60,61,63,63,61,61,61,61,61,51,51,46,46,43,60,51,51,32,32,15,34,27,27,27,23,23,23,25,24,43,63,65,66,64,64,64,42,42,0],"gold":16,"neow_bonus":"RANDOM_COMMON_RELIC","is_prod":false,"is_daily":false,"chose_seed":false,"campfire_upgraded":7,"win_rate":0,"timestamp":1548102454,"path_taken":["M","?","?","M","M","R","M","R","T","?","R","E","$","?","R","BOSS","M","$","?","M","M","R","M","R","T","M","R","?","M","M","R","BOSS","M","M","?","?","?","R","E"],"build_version":"2019-01-17v2","purchased_purges":0,"victory":false,"max_hp_per_floor":[66,66,66,66,66,66,66,66,66,66,66,66,66,66,66,66,66,66,66,66,66,66,66,66,66,66,66,66,66,66,66,66,66,66,66,66,66,66,66,66,66],"card_choices":[{"not_picked":["Flying Knee","Prepared"],"picked":"Well Laid Plans","floor":1},{"not_picked":["Bane","Underhanded Strike"],"picked":"Dagger Spray","floor":4},{"not_picked":["Masterful Stab","Heel Hook"],"picked":"Blur","floor":5},{"not_picked":["PiercingWail","Cloak And Dagger"],"picked":"Crippling Poison","floor":7},{"not_picked":["Bane","Die Die Die"],"picked":"Infinite Blades","floor":12},{"not_picked":["Escape Plan+1","PiercingWail+1"],"picked":"Backflip+1","floor":14},{"not_picked":["Storm of Steel+1","Wraith Form v2"],"picked":"Malaise+1","floor":16},{"not_picked":["Deflect+1","Footwork"],"picked":"Dodge and Roll+1","floor":18},{"not_picked":["Deflect+1","PiercingWail+1"],"picked":"Infinite Blades+1","floor":20},{"not_picked":["Poisoned Stab","Heel Hook"],"picked":"Dodge and Roll+1","floor":21},{"not_picked":["Bullet Time+1","Underhanded Strike"],"picked":"Blur+1","floor":22},{"not_picked":["Expertise+1","Sucker Punch","All Out Attack"],"picked":"SKIP","floor":24},{"not_picked":["Outmaneuver+1","Underhanded Strike"],"picked":"Escape Plan+1","floor":27},{"not_picked":["Tools of the Trade","Quick Slash+1"],"picked":"Acrobatics+1","floor":30},{"not_picked":["Bane","Poisoned Stab","Sucker Punch"],"picked":"SKIP","floor":31},{"not_picked":["Corpse Explosion+1","Tools of the Trade"],"picked":"Night Terror+1","floor":33},{"not_picked":["Dodge and Roll+1","Masterful Stab"],"picked":"Crippling Poison+1","floor":35},{"not_picked":["Flying Knee","Deflect+1"],"picked":"Backflip+1","floor":36},{"not_picked":["Secret Technique+1","Transmutation+1"],"picked":"Blind+1","floor":37},{"not_picked":["Expertise+1","Sucker Punch+1","Slice"],"picked":"SKIP","floor":39}],"player_experience":832787,"relics_obtained":[{"floor":9,"key":"Boot"},{"floor":12,"key":"Toxic Egg 2"},{"floor":20,"key":"Old Coin"},{"floor":20,"key":"Pantograph"},{"floor":26,"key":"Bottled Lightning"}],"event_choices":[{"cards_removed":["Strike_G"],"damage_healed":0,"gold_gain":0,"player_choice":"Offered Basic","damage_taken":0,"max_hp_gain":0,"max_hp_loss":0,"event_name":"Bonfire Elementals","floor":2,"gold_loss":0},{"damage_healed":0,"gold_gain":0,"player_choice":"Fight","damage_taken":0,"max_hp_gain":0,"max_hp_loss":0,"event_name":"Colosseum","floor":20,"gold_loss":0},{"damage_healed":0,"gold_gain":0,"player_choice":"Fought Nobs","damage_taken":0,"max_hp_gain":0,"max_hp_loss":0,"event_name":"Colosseum","floor":20,"gold_loss":0},{"cards_removed":["Strike_G"],"damage_healed":0,"gold_gain":0,"player_choice":"Card Removal","damage_taken":0,"max_hp_gain":0,"max_hp_loss":0,"event_name":"Wheel of Change","floor":29,"gold_loss":0},{"damage_healed":0,"gold_gain":0,"player_choice":"Memory 1","damage_taken":0,"max_hp_gain":0,"max_hp_loss":0,"event_name":"SensoryStone","floor":37,"gold_loss":0},{"damage_healed":0,"gold_gain":0,"cards_transformed":["Strike_G"],"player_choice":"Transformed","damage_taken":0,"max_hp_gain":0,"max_hp_loss":0,"event_name":"Transmorgrifier","floor":38,"gold_loss":0,"cards_obtained":["Reflex"]}],"is_beta":false,"boss_relics":[{"not_picked":["White Beast Statue","Eternal Feather"],"picked":"Ectoplasm"},{"not_picked":["Snecko Eye","Lizard Tail"],"picked":"Velvet Choker"}],"items_purged_floors":[],"is_endless":false,"potions_floor_spawned":[4,12,14,18,20,24,27,33,35,36],"killed_by":"Giant Head","ascension_level":17}