{"gold_per_floor":[112,37,57,57,67,67,78,78,101,119,145,145,195,207,207,285,285,305,318,239,289,301,301,301],"floor_reached":24,"playtime":1133,"items_purged":["Decay"],"score":459,"play_id":"c3d5558f-f460-43cb-a5a1-377d47b967d3","local_time":"20190104223258","is_ascension_mode":true,"campfire_choices":[{"data":"Reinforced Body","floor":6.0,"key":"SMITH"},{"data":"Zap","floor":8.0,"key":"SMITH"},{"data":"Buffer","floor":12.0,"key":"SMITH"},{"data":"Defragment","floor":15.0,"key":"SMITH"},{"data":"Biased Cognition","floor":23.0,"key":"SMITH"}],"neow_cost":"CURSE","seed_source_timestamp":1574461962307806,"circlet_count":0,"master_deck":["AscendersBane","Strike_B","Strike_B","Strike_B","Defend_B","Defend_B","Defend_B","Defend_B","Zap+1","Dualcast","Echo Form","Biased Cognition+1","Reinforced Body+1","Coolheaded","Hologram","Coolheaded","Buffer+1","Defragment+1","Creative AI","Glacier","Glacier","Self Repair","Loop"],"special_seed":0,"relics":["Cracked Core","Boot","Orichalcum","Eternal Feather"],"potions_floor_usage":[24],"damage_taken":[{"damage":1.0,"enemies":"Cultist","floor":1.0,"turns":3.0},{"damage":2.0,"enemies":"Jaw Worm","floor":3.0,"turns":3.0},{"damage":5.0,"enemies":"Small Slimes","floor":5.0,"turns":6.0},{"damage":4.0,"enemies":"Looter","floor":7.0,"turns":4.0},{"damage":13.0,"enemies":"Blue Slaver","floor":10.0,"turns":4.0},{"damage":7.0,"enemies":"Lagavulin","floor":11.0,"turns":6.0},{"damage":8.0,"enemies":"Red Slaver","floor":14.0,"turns":4.0},{"damage":0.0,"enemies":"The Guardian","floor":16.0,"turns":15.0},{"damage":0.0,"enemies":"Chosen","floor":18.0,"turns":9.0},{"damage":0.0,"enemies":"Spheric Guardian","floor":19.0,"turns":8.0},{"damage":0.0,"enemies":"Snake Plant","floor":22.0,"turns":9.0},{"damage":72,"enemies":"Gremlin Leader","floor":24,"turns":8}],"seed_played":"4461796053179706736","potions_obtained":[{"floor":7.0,"key":"PowerPotion"},{"floor":11.0,"key":"Fire Potion"}],"is_trial":false,"path_per_floor":["M","$","M","?","M","R","M","R","T","M","E","R","?","M","R","B",null,"M","M","$","?","M","R","E"],"character_chosen":"DEFECT","items_purchased":["Self Repair"],"campfire_rested":0,"item_purchase_floors":[20],"current_hp_per_floor":[63,63,61,61,56,56,52,52,52,39,32,32,32,24,24,24,59,59,59,59,59,66,71,0],"gold":301,"neow_bonus":"THREE_RARE_CARDS","is_prod":false,"is_daily":false,"chose_seed":false,"campfire_upgraded":5,"win_rate":0,"timestamp":1546608778,"path_taken":["M","$","M","?","M","R","M","R","T","M","E","R","?","M","R","BOSS","M","?","$","?","M","R","E"],"build_version":"2019-01-03v3","purchased_purges":1,"victory":false,"max_hp_per_floor":[71,71,71,71,71,71,71,71,71,71,71,71,71,71,71,71,71,71,71,71,71,71,71,71],"card_choices":[{"not_picked":["Buffer","Rainbow"],"picked":"Echo Form","floor":0.0},{"not_picked":["Stack","Rebound","Doom and Gloom"],"picked":"SKIP","floor":1.0},{"not_picked":["Conserve Battery","Barrage"],"picked":"Biased Cognition","floor":3.0},{"not_picked":["Stack","Chaos"],"picked":"Coolheaded","floor":5.0},{"not_picked":["Redo","Barrage"],"picked":"Hologram","floor":7.0},{"not_picked":["Compile Driver","Steam Power"],"picked":"Coolheaded","floor":10.0},{"not_picked":["Chill","Capacitor"],"picked":"Buffer","floor":11.0},{"not_picked":["Stack","Gash"],"picked":"Defragment","floor":14.0},{"not_picked":["Hyperbeam","Amplify"],"picked":"Creative AI","floor":16.0},{"not_picked":["Consume+1","Sweeping Beam"],"picked":"Glacier","floor":18.0},{"not_picked":["Consume+1","Sweeping Beam"],"picked":"Glacier","floor":18.0},{"not_picked":["Compile Driver","Leap","Tempest"],"picked":"SKIP","floor":19.0},{"not_picked":["Static Discharge+1","Melter"],"picked":"Loop","floor":22.0}],"player_experience":752948,"relics_obtained":[{"floor":9.0,"key":"Boot"},{"floor":11.0,"key":"Orichalcum"}],"event_choices":[{"damage_healed":0.0,"max_hp_gain":0.0,"max_hp_loss":0.0,"gold_gain":0.0,"cards_transformed":["Strike_B"],"event_name":"Living Wall","player_choice":"Change","floor":4.0,"gold_loss":0.0,"damage_taken":0.0,"cards_obtained":["Reinforced Body"]},{"damage_healed":0.0,"max_hp_gain":0.0,"max_hp_loss":0.0,"gold_gain":50.0,"event_name":"Golden Shrine","player_choice":"Pray","floor":13.0,"gold_loss":0.0,"damage_taken":0.0},{"damage_healed":0.0,"max_hp_gain":0.0,"max_hp_loss":0.0,"gold_gain":50.0,"event_name":"Nest","player_choice":"Stole From Cult","floor":21.0,"gold_loss":0.0,"damage_taken":0.0}],"is_beta":false,"boss_relics":[{"not_picked":["Calling Bell","Tiny House"],"picked":"Eternal Feather"}],"items_purged_floors":[2],"is_endless":false,"potions_floor_spawned":[7,11,16,18,19],"killed_by":"Gremlin Leader","ascension_level":17}