{"gold_per_floor":[115,133,149,149,62,95,154,186,186,186,214,214,227,152,152,224,224,239,258,269,26,26,26,40,40,40,40,40,75,75,90,90,90],"floor_reached":33,"playtime":1547,"items_purged":["Strike_R"],"score":566,"play_id":"2be88f0a-ce00-4257-add9-5093fd6ca091","local_time":"20190526144525","is_ascension_mode":true,"campfire_choices":[{"floor":10.0,"key":"REST"},{"data":"Uppercut","floor":12.0,"key":"SMITH"},{"data":"Metallicize","floor":15.0,"key":"SMITH"},{"floor":23,"key":"REST"},{"floor":25,"key":"REST"},{"data":"Anger","floor":27,"key":"SMITH"},{"data":"Metallicize","floor":32,"key":"SMITH"}],"neow_cost":"NONE","seed_source_timestamp":0,"circlet_count":0,"master_deck":["AscendersBane","Strike_R+1","Strike_R+1","Strike_R+1","Defend_R+1","Defend_R+1","Defend_R+1","Defend_R+1","Bash+1","Uppercut+1","Shrug It Off+1","Dropkick","Anger+1","Burning Pact","Metallicize+1","Impervious","Body Slam","Sword Boomerang+1","Metallicize+1","Metallicize+1"],"special_seed":0,"relics":["Burning Blood","Dead Branch","Dodecahedron","Pen Nib","Meat on the Bone","Blood Vial","Philosopher\u0027s Stone","Oddly Smooth Stone","Singing Bowl","War Paint"],"potions_floor_usage":[29,29],"damage_taken":[{"damage":1.0,"enemies":"Cultist","floor":1.0,"turns":3.0},{"damage":14.0,"enemies":"Small Slimes","floor":2.0,"turns":4.0},{"damage":2.0,"enemies":"2 Louse","floor":3.0,"turns":4.0},{"damage":22.0,"enemies":"3 Sentries","floor":6.0,"turns":8.0},{"damage":25.0,"enemies":"Lagavulin","floor":8.0,"turns":6.0},{"damage":8.0,"enemies":"Gremlin Nob","floor":11.0,"turns":3.0},{"damage":1.0,"enemies":"2 Fungi Beasts","floor":13.0,"turns":3.0},{"damage":55.0,"enemies":"The Guardian","floor":16.0,"turns":11.0},{"damage":26.0,"enemies":"Spheric Guardian","floor":18.0,"turns":4.0},{"damage":22,"enemies":"2 Thieves","floor":19,"turns":4},{"damage":47,"enemies":"Sentry and Sphere","floor":20,"turns":7},{"damage":23,"enemies":"Snake Plant","floor":24,"turns":5},{"damage":27,"enemies":"Slavers","floor":29,"turns":7},{"damage":9,"enemies":"Chosen and Byrds","floor":31,"turns":7},{"damage":79,"enemies":"Champ","floor":33,"turns":15}],"seed_played":"-2831577568555558825","potions_obtained":[{"floor":2.0,"key":"Dexterity Potion"},{"floor":6.0,"key":"Energy Potion"},{"floor":13.0,"key":"Energy Potion"},{"floor":19,"key":"Strength Potion"},{"floor":31,"key":"Energy Potion"}],"is_trial":false,"path_per_floor":["M","M","M","?","$","E","?","E","T","R","E","R","M","?","R","B",null,"M","M","M","$","?","R","M","R","T","R","$","E","?","M","R","B"],"character_chosen":"IRONCLAD","items_purchased":["Dropkick","Oddly Smooth Stone"],"campfire_rested":3,"item_purchase_floors":[5,21],"current_hp_per_floor":[73,65,69,51,51,35,35,16,16,38,48,48,55,55,55,20,61,55,53,26,26,5,29,26,50,50,50,50,45,45,58,58,0],"gold":90,"neow_bonus":"UPGRADE_CARD","is_prod":false,"is_daily":false,"chose_seed":false,"campfire_upgraded":4,"win_rate":0,"timestamp":1558871125,"path_taken":["M","M","?","?","$","E","?","E","T","R","E","R","M","?","R","BOSS","M","M","M","$","?","R","M","R","T","R","$","E","?","M","R","BOSS"],"build_version":"2019-01-23","purchased_purges":1,"victory":false,"max_hp_per_floor":[75,75,75,75,75,75,75,75,75,75,75,75,75,75,75,75,75,75,75,75,75,80,80,80,80,80,80,80,82,82,84,84,84],"card_choices":[{"not_picked":["Armaments","Disarm"],"picked":"Uppercut","floor":1.0},{"not_picked":["Intimidate","Havoc"],"picked":"Shrug It Off","floor":2.0},{"not_picked":["Perfected Strike","Flex","Twin Strike"],"picked":"SKIP","floor":3.0},{"not_picked":["Fire Breathing","Evolve","Entrench"],"picked":"SKIP","floor":6.0},{"not_picked":["Heavy Blade","Havoc"],"picked":"Anger","floor":8.0},{"not_picked":["Evolve","Sword Boomerang"],"picked":"Burning Pact","floor":11.0},{"not_picked":["Havoc","Heavy Blade"],"picked":"Metallicize","floor":13.0},{"not_picked":["Limit Break","Brutality"],"picked":"Impervious","floor":16.0},{"not_picked":["Evolve","Second Wind"],"picked":"Body Slam","floor":18.0},{"not_picked":["Body Slam","Reckless Charge"],"picked":"Sword Boomerang+1","floor":19},{"not_picked":["Havoc","Metallicize","Clash"],"picked":"SKIP","floor":20},{"not_picked":["Havoc","Clash"],"picked":"Metallicize","floor":20},{"not_picked":["Hemokinesis","Anger"],"picked":"Metallicize+1","floor":24},{"not_picked":["Pommel Strike","Perfected Strike+1","Pummel"],"picked":"Singing Bowl","floor":29},{"not_picked":["Blood for Blood","Rage","Shockwave"],"picked":"Singing Bowl","floor":31}],"player_experience":1037861,"relics_obtained":[{"floor":6.0,"key":"Dodecahedron"},{"floor":8.0,"key":"Pen Nib"},{"floor":9.0,"key":"Meat on the Bone"},{"floor":11.0,"key":"Blood Vial"},{"floor":26,"key":"Singing Bowl"},{"floor":29,"key":"War Paint"}],"event_choices":[{"damage_healed":0.0,"max_hp_gain":0.0,"max_hp_loss":0.0,"gold_gain":0.0,"event_name":"Scrap Ooze","player_choice":"Success","floor":4.0,"gold_loss":0.0,"damage_taken":18.0,"relics_obtained":["Dead Branch"]},{"damage_healed":0.0,"max_hp_gain":0.0,"max_hp_loss":0.0,"gold_gain":59.0,"event_name":"Golden Wing","player_choice":"Gained Gold","floor":7.0,"gold_loss":0.0,"damage_taken":0.0},{"cards_removed":["Strike_R"],"damage_healed":0.0,"max_hp_gain":0.0,"max_hp_loss":0.0,"gold_gain":0.0,"event_name":"The Cleric","player_choice":"Card Removal","floor":14.0,"gold_loss":75.0,"damage_taken":0.0},{"damage_healed":0,"gold_gain":0,"player_choice":"Shed Blood","damage_taken":26,"max_hp_gain":5,"max_hp_loss":0,"event_name":"Forgotten Altar","floor":22,"gold_loss":0},{"damage_healed":0,"gold_gain":0,"player_choice":"Simplicity","damage_taken":0,"max_hp_gain":0,"max_hp_loss":0,"event_name":"Back to Basics","floor":30,"gold_loss":0,"cards_upgraded":["Strike_R","Strike_R","Strike_R","Defend_R","Defend_R","Defend_R"]}],"is_beta":false,"boss_relics":[{"not_picked":["Runic Dome","Calling Bell"],"picked":"Philosopher\u0027s Stone"}],"items_purged_floors":[21],"is_endless":false,"potions_floor_spawned":[2,6,13,16,19,31],"killed_by":"Champ","ascension_level":20}