{"gold_per_floor":[119,119,142,152,77,77,97,110,137,37,37,37,112,132,132,132],"floor_reached":16,"playtime":279,"items_purged":["Strike_B","Strike_B"],"score":90,"play_id":"b42259fd-7386-4ede-b64c-93528d45cedf","local_time":"20190702011052","is_ascension_mode":false,"campfire_choices":[{"data":"Dualcast","floor":6,"key":"SMITH"},{"data":"Defend_B","floor":11,"key":"SMITH"},{"data":"Gash","floor":15,"key":"SMITH"}],"neow_cost":"NONE","seed_source_timestamp":81027215506000,"circlet_count":0,"master_deck":["Strike_B","Strike_B","Defend_B","Defend_B","Defend_B+1","Defend_B+1","Zap+1","Dualcast+1","Gash+1"],"relics":["Cracked Core","NeowsBlessing","PreservedInsect","Vajra","Golden Idol"],"potions_floor_usage":[16],"damage_taken":[{"damage":0,"enemies":"Small Slimes","floor":1,"turns":1},{"damage":0,"enemies":"Jaw Worm","floor":4,"turns":1},{"damage":0,"enemies":"Cultist","floor":7,"turns":1},{"damage":3,"enemies":"Red Slaver","floor":8,"turns":3},{"damage":11,"enemies":"Exordium Wildlife","floor":14,"turns":5},{"damage":17,"enemies":"Hexaghost","floor":16,"turns":9}],"seed_played":"-6035911750340484606","potions_obtained":[{"floor":1,"key":"Energy Potion"},{"floor":14,"key":"Swift Potion"}],"is_trial":false,"path_per_floor":["M","?","T","M","$","R","M","M","T","$","R","?","?","M","R","B"],"character_chosen":"DEFECT","items_purchased":[],"campfire_rested":0,"item_purchase_floors":[],"current_hp_per_floor":[75,60,60,60,60,60,60,57,57,57,57,39,28,17,17,0],"gold":132,"neow_bonus":"THREE_ENEMY_KILL","is_prod":false,"is_daily":false,"chose_seed":false,"campfire_upgraded":3,"win_rate":0,"timestamp":1561997452,"path_taken":["M","?","?","M","$","R","M","?","T","?","R","?","?","M","R","BOSS"],"build_version":"2019-01-23","purchased_purges":2,"victory":false,"max_hp_per_floor":[75,75,75,75,75,75,75,75,75,75,75,75,75,75,75,75],"card_choices":[{"not_picked":["Genetic Algorithm","Compile Driver","Redo"],"picked":"SKIP","floor":1},{"not_picked":["Steam","Blizzard","Conserve Battery"],"picked":"SKIP","floor":4},{"not_picked":["Steam Power","Stack","Ball Lightning"],"picked":"SKIP","floor":7},{"not_picked":["Leap","Sweeping Beam","Redo"],"picked":"SKIP","floor":8},{"not_picked":["Ball Lightning","Self Repair"],"picked":"Gash","floor":14}],"player_experience":1078887,"relics_obtained":[{"floor":3,"key":"PreservedInsect"},{"floor":9,"key":"Vajra"}],"event_choices":[{"damage_healed":0,"gold_gain":0,"player_choice":"Entered Light","damage_taken":15,"max_hp_gain":0,"max_hp_loss":0,"event_name":"Shining Light","floor":2,"gold_loss":0,"cards_upgraded":["Defend_B","Zap"]},{"damage_healed":0,"gold_gain":0,"player_choice":"Take Damage","damage_taken":18,"relics_obtained":["Golden Idol"],"max_hp_gain":0,"max_hp_loss":0,"event_name":"Golden Idol","floor":12,"gold_loss":0},{"damage_healed":0,"gold_gain":75,"player_choice":"Gather Gold","damage_taken":11,"max_hp_gain":0,"max_hp_loss":0,"event_name":"World of Goop","floor":13,"gold_loss":0}],"is_beta":false,"boss_relics":[],"items_purged_floors":[5,10],"is_endless":false,"potions_floor_spawned":[1,14],"killed_by":"Hexaghost","ascension_level":0}