{"gold_per_floor":[116,25,25,37,49,49,83,83,83,152,2,19,37,37],"floor_reached":14,"playtime":469,"items_purged":["Strike_G"],"score":180,"play_id":"aab11a45-356a-4985-8c8c-92612807f8fb","local_time":"20190620222820","is_ascension_mode":true,"campfire_choices":[{"data":"Finisher","floor":6,"key":"SMITH"},{"floor":8,"key":"REST"}],"neow_cost":"NONE","seed_source_timestamp":652742985761500,"circlet_count":0,"master_deck":["AscendersBane","Defend_G","Defend_G","Defend_G","Defend_G","Defend_G","Strike_G","Strike_G","Strike_G","Survivor","Neutralize+1","Dagger Spray","Noxious Fumes","Grand Finale","Finisher+1","Slice","Cloak And Dagger","Noxious Fumes+1","Flying Knee","Cloak And Dagger"],"relics":["Ring of the Snake","Pear","Frozen Egg 2"],"potions_floor_usage":[12],"damage_taken":[{"damage":0,"enemies":"2 Louse","floor":1,"turns":3},{"damage":9,"enemies":"Cultist","floor":4,"turns":6},{"damage":0,"enemies":"Jaw Worm","floor":5,"turns":5},{"damage":44,"enemies":"3 Sentries","floor":7,"turns":9},{"damage":0,"enemies":"Gremlin Gang","floor":12,"turns":1},{"damage":16,"enemies":"3 Louse","floor":13,"turns":3},{"damage":31,"enemies":"Gremlin Nob","floor":14,"turns":3}],"seed_played":"-1758594703824148734","potions_obtained":[{"floor":1,"key":"LiquidBronze"}],"is_trial":false,"path_per_floor":["M","$","?","M","M","R","E","R","T","?","$","M","M","E"],"character_chosen":"THE_SILENT","items_purchased":["SteroidPotion","Noxious Fumes","Noxious Fumes+1"],"campfire_rested":1,"item_purchase_floors":[2,2,11],"current_hp_per_floor":[59,59,59,50,50,50,16,38,38,38,38,38,22,0],"gold":37,"neow_bonus":"UPGRADE_CARD","is_prod":false,"is_daily":false,"chose_seed":false,"campfire_upgraded":1,"win_rate":0,"timestamp":1561058900,"path_taken":["M","$","?","?","M","R","E","R","T","?","?","M","?","E"],"build_version":"2019-01-23","purchased_purges":1,"victory":false,"max_hp_per_floor":[66,66,66,66,66,66,76,76,76,76,76,76,76,76],"card_choices":[{"not_picked":["Catalyst","Flying Knee"],"picked":"Dagger Spray","floor":1},{"not_picked":["Infinite Blades","Flying Knee"],"picked":"Finisher","floor":4},{"not_picked":["Choke","Caltrops"],"picked":"Slice","floor":5},{"not_picked":["Blur","Bane"],"picked":"Cloak And Dagger","floor":7},{"not_picked":["Bane","Outmaneuver"],"picked":"Flying Knee","floor":12},{"not_picked":["Dodge and Roll","Quick Slash"],"picked":"Cloak And Dagger","floor":13}],"player_experience":1151650,"relics_obtained":[{"floor":7,"key":"Pear"},{"floor":9,"key":"Frozen Egg 2"}],"event_choices":[{"damage_healed":0,"gold_gain":0,"cards_transformed":["Strike_G"],"player_choice":"Transformed","damage_taken":0,"max_hp_gain":0,"max_hp_loss":0,"event_name":"Transmorgrifier","floor":3,"gold_loss":0,"cards_obtained":["Grand Finale"]},{"damage_healed":0,"gold_gain":69,"player_choice":"Gained Gold","damage_taken":0,"max_hp_gain":0,"max_hp_loss":0,"event_name":"Golden Wing","floor":10,"gold_loss":0}],"is_beta":false,"boss_relics":[],"items_purged_floors":[11],"is_endless":false,"potions_floor_spawned":[1,4,7],"killed_by":"Gremlin Nob","ascension_level":20}