{"gold_per_floor":[115,133,148,70,20,20,48,48,48,48,15,15,15,29,29,130,130,148,73,73,87,87,87,98,23,23,23,23,23,41,52,52,52],"floor_reached":33,"playtime":1346,"items_purged":["Parasite"],"score":268,"play_id":"ea15fef2-aafe-4b5f-8987-cc420547848f","local_time":"20190603054427","is_ascension_mode":false,"campfire_choices":[{"data":"Zap","floor":6,"key":"SMITH"},{"data":"Dualcast","floor":8,"key":"SMITH"},{"data":"Barrage","floor":10,"key":"SMITH"},{"data":"Defragment","floor":15,"key":"SMITH"},{"data":"Thunder Strike","floor":23,"key":"SMITH"},{"data":"Consume","floor":27,"key":"SMITH"},{"data":"Capacitor","floor":29,"key":"SMITH"},{"data":"Genetic Algorithm","floor":32,"key":"SMITH"}],"neow_cost":"PERCENT_DAMAGE","seed_source_timestamp":254582971385285,"circlet_count":0,"master_deck":["Strike_B+1","Defend_B+1","Zap+1","Dualcast+1","Barrage+1","FTL","Hologram","Capacitor+1","FTL","Defragment+1","Gash","Thunder Strike+1","Parasite","Leap+1","Chill","Genetic Algorithm+1","Gash","Consume+1","Turbo","Barrage+1"],"relics":["Cracked Core","Darkstone Periapt","Pear","Calling Bell","Happy Flower","Question Card","FossilizedHelix","Mummified Hand","Emotion Chip"],"potions_floor_usage":[30,33,33,33],"damage_taken":[{"damage":10,"enemies":"Jaw Worm","floor":1,"turns":5},{"damage":1,"enemies":"2 Louse","floor":2,"turns":2},{"damage":0,"enemies":"Small Slimes","floor":3,"turns":3},{"damage":16,"enemies":"Lagavulin","floor":7,"turns":6},{"damage":2,"enemies":"Blue Slaver","floor":14,"turns":4},{"damage":18,"enemies":"Hexaghost","floor":16,"turns":7},{"damage":22,"enemies":"Chosen","floor":18,"turns":6},{"damage":10,"enemies":"Spheric Guardian","floor":21,"turns":4},{"damage":24,"enemies":"Centurion and Healer","floor":24,"turns":7},{"damage":12,"enemies":"Cultist and Chosen","floor":30,"turns":6},{"damage":6,"enemies":"3 Cultists","floor":31,"turns":6},{"damage":47,"enemies":"Collector","floor":33,"turns":7}],"seed_played":"-16850210470873022","potions_obtained":[{"floor":3,"key":"GamblersBrew"},{"floor":14,"key":"PowerPotion"},{"floor":24,"key":"Swift Potion"},{"floor":31,"key":"Explosive Potion"}],"is_trial":false,"path_per_floor":["M","M","M","$","?","R","E","R","T","R","$","?","$","M","R","B",null,"M","?","?","M","?","R","M","$","T","R","?","R","M","M","R","B"],"character_chosen":"DEFECT","items_purchased":["Capacitor","Defragment"],"campfire_rested":0,"item_purchase_floors":[4,11],"current_hp_per_floor":[44,43,43,43,43,43,27,27,37,37,37,30,30,28,28,10,103,81,81,81,71,71,71,47,47,47,47,47,47,35,29,29,0],"gold":52,"neow_bonus":"REMOVE_TWO","is_prod":false,"is_daily":false,"chose_seed":false,"campfire_upgraded":8,"win_rate":0,"timestamp":1559508267,"path_taken":["M","M","M","$","?","R","E","R","T","R","$","?","?","?","R","BOSS","M","?","?","M","?","R","M","$","T","R","?","R","M","M","R","BOSS"],"build_version":"2019-01-23","purchased_purges":1,"victory":false,"max_hp_per_floor":[75,75,75,75,75,75,75,75,85,85,85,85,85,85,85,85,103,103,103,103,103,103,103,103,100,100,100,100,100,100,100,100,100],"card_choices":[{"not_picked":["Stack","Streamline"],"picked":"Barrage","floor":1},{"not_picked":["Chaos","Sweeping Beam"],"picked":"FTL","floor":2},{"not_picked":["Sweeping Beam","Leap"],"picked":"Hologram","floor":3},{"not_picked":["Stack","Go for the Eyes"],"picked":"FTL","floor":7},{"not_picked":["Double Energy","Skim"],"picked":"Gash","floor":14},{"not_picked":["Seek","Core Surge"],"picked":"Thunder Strike","floor":16},{"not_picked":["Undo+1","Chaos","Rebound"],"picked":"Leap+1","floor":18},{"not_picked":["Redo","Leap","Hologram"],"picked":"Chill","floor":21},{"not_picked":["Double Energy","FTL","Redo+1"],"picked":"Consume","floor":24},{"not_picked":["Stack","Go for the Eyes","Barrage"],"picked":"Turbo","floor":30},{"not_picked":["Scrape","Darkness+1","Fusion"],"picked":"Barrage+1","floor":31}],"player_experience":974574,"relics_obtained":[{"floor":7,"key":"Darkstone Periapt"},{"floor":9,"key":"Pear"},{"floor":17,"key":"Happy Flower"},{"floor":17,"key":"Question Card"},{"floor":17,"key":"FossilizedHelix"},{"floor":26,"key":"Emotion Chip"}],"event_choices":[{"cards_removed":["Defend_B"],"damage_healed":0,"gold_gain":0,"player_choice":"Card Removal","damage_taken":0,"max_hp_gain":0,"max_hp_loss":0,"event_name":"The Cleric","floor":5,"gold_loss":50},{"cards_removed":["Strike_B"],"damage_healed":0,"gold_gain":0,"player_choice":"Card Removal","damage_taken":7,"max_hp_gain":0,"max_hp_loss":0,"event_name":"Golden Wing","floor":12,"gold_loss":0},{"cards_removed":["Writhe"],"damage_healed":0,"gold_gain":0,"player_choice":"Gave Gold","damage_taken":0,"max_hp_gain":0,"max_hp_loss":0,"event_name":"Beggar","floor":19,"gold_loss":75},{"damage_healed":0,"gold_gain":0,"player_choice":"Opened","damage_taken":0,"relics_obtained":["Mummified Hand"],"max_hp_gain":0,"max_hp_loss":0,"event_name":"The Mausoleum","floor":20,"gold_loss":0},{"damage_healed":0,"gold_gain":0,"cards_transformed":["Defend_B","Defend_B"],"player_choice":"Became Test Subject","damage_taken":0,"max_hp_gain":0,"max_hp_loss":0,"event_name":"Drug Dealer","floor":22,"gold_loss":0,"cards_obtained":["Genetic Algorithm","Gash"]},{"damage_healed":0,"gold_gain":0,"player_choice":"Simplicity","damage_taken":0,"max_hp_gain":0,"max_hp_loss":0,"event_name":"Back to Basics","floor":28,"gold_loss":0,"cards_upgraded":["Strike_B","Defend_B"]}],"is_beta":false,"boss_relics":[{"not_picked":["White Beast Statue","Orrery"],"picked":"Calling Bell"}],"items_purged_floors":[25],"is_endless":false,"potions_floor_spawned":[3,14,24,31],"killed_by":"Collector","ascension_level":0}