{"gold_per_floor":[116,41,41,60,60,60,70,70,116,116,135,34,67,83,83,160,160,176,176,195,20,20,20],"floor_reached":23,"playtime":681,"items_purged":["Strike_B","Defend_B"],"score":350,"play_id":"93362143-3eb2-4260-8875-d269d2f8e873","local_time":"20190109204146","is_ascension_mode":true,"campfire_choices":[{"data":"Zap","floor":6,"key":"SMITH"},{"data":"Loop","floor":8,"key":"SMITH"},{"data":"Dualcast","floor":10,"key":"SMITH"},{"data":"Consume","floor":15,"key":"SMITH"}],"neow_cost":"CURSE","seed_source_timestamp":2000255568194681,"circlet_count":0,"master_deck":["AscendersBane","Strike_B","Strike_B","Defend_B","Defend_B","Defend_B","Zap+1","Dualcast+1","Loop+1","Ball Lightning","Ball Lightning","Consume+1","Thunder Strike","Leap+1","Stack","Go for the Eyes","Defragment"],"relics":["Cracked Core","Gambling Chip","Oddly Smooth Stone","Boot","Inserter","Bottled Flame"],"potions_floor_usage":[11,13,16,23],"damage_taken":[{"damage":14,"enemies":"Small Slimes","floor":1,"turns":3},{"damage":9,"enemies":"Jaw Worm","floor":4,"turns":4},{"damage":1,"enemies":"2 Louse","floor":7,"turns":2},{"damage":6,"enemies":"Exordium Thugs","floor":11,"turns":4},{"damage":8,"enemies":"3 Sentries","floor":13,"turns":6},{"damage":10,"enemies":"Lots of Slimes","floor":14,"turns":3},{"damage":12,"enemies":"Hexaghost","floor":16,"turns":6},{"damage":12,"enemies":"Chosen","floor":18,"turns":4},{"damage":7,"enemies":"3 Byrds","floor":20,"turns":5},{"damage":41,"enemies":"Gremlin Leader","floor":23,"turns":2}],"seed_played":"2965247302250956043","potions_obtained":[{"floor":4,"key":"Block Potion"},{"floor":11,"key":"Dexterity Potion"},{"floor":14,"key":"Poison Potion"},{"floor":20,"key":"SkillPotion"}],"is_trial":false,"path_per_floor":["M","?","$","M","?","R","M","R","T","R","M","$","E","M","R","B",null,"M","?","M","$","T","E"],"character_chosen":"DEFECT","items_purchased":["Ball Lightning","Defragment"],"campfire_rested":0,"item_purchase_floors":[12,21],"current_hp_per_floor":[50,50,50,41,41,41,40,40,40,40,34,34,26,16,16,4,54,42,42,35,35,35,0],"gold":20,"neow_bonus":"ONE_RARE_RELIC","is_prod":false,"is_daily":false,"chose_seed":false,"campfire_upgraded":4,"win_rate":0,"timestamp":1547034106,"path_taken":["M","?","$","M","?","R","M","R","T","R","?","$","E","M","R","BOSS","M","?","M","$","?","E"],"build_version":"2019-01-03v4","purchased_purges":2,"victory":false,"max_hp_per_floor":[71,71,71,71,71,71,71,71,71,71,71,71,71,71,71,71,71,71,71,71,71,71,71],"card_choices":[{"not_picked":["Chaos","Redo","Steam"],"picked":"SKIP","floor":1},{"not_picked":["Leap","Hello World"],"picked":"Loop","floor":4},{"not_picked":["Aggregate","Rebound"],"picked":"Ball Lightning","floor":7},{"not_picked":["Gash","Lockon","Darkness"],"picked":"SKIP","floor":11},{"not_picked":["Darkness","Hyperbeam","Steam"],"picked":"SKIP","floor":13},{"not_picked":["Ball Lightning","Barrage"],"picked":"Consume","floor":14},{"not_picked":["Amplify","Meteor Strike"],"picked":"Thunder Strike","floor":16},{"not_picked":["Double Energy","Undo"],"picked":"Leap+1","floor":18},{"not_picked":["Lockon+1","Barrage"],"picked":"Go for the Eyes","floor":20}],"player_experience":800783,"relics_obtained":[{"floor":9,"key":"Oddly Smooth Stone"},{"floor":13,"key":"Boot"},{"floor":22,"key":"Bottled Flame"}],"event_choices":[{"cards_removed":["Injury"],"damage_healed":0,"gold_gain":0,"player_choice":"Card Removal","damage_taken":0,"max_hp_gain":0,"max_hp_loss":0,"event_name":"The Cleric","floor":2,"gold_loss":75},{"damage_healed":0,"gold_gain":0,"player_choice":"Fled","damage_taken":0,"max_hp_gain":0,"max_hp_loss":0,"event_name":"Scrap Ooze","floor":5,"gold_loss":0},{"damage_healed":0,"gold_gain":0,"cards_transformed":["Strike_B"],"player_choice":"Transformed","damage_taken":0,"max_hp_gain":0,"max_hp_loss":0,"event_name":"Transmorgrifier","floor":19,"gold_loss":0,"cards_obtained":["Stack"]}],"is_beta":false,"boss_relics":[{"not_picked":["Tiny House","White Beast Statue"],"picked":"Inserter"}],"items_purged_floors":[12,21],"is_endless":false,"potions_floor_spawned":[4,11,14,20],"killed_by":"Gremlin Leader","ascension_level":17}