{"gold_per_floor":[113,263,16,16,27,27,39,71,71,71,146,146,175,193,193,193],"floor_reached":16,"playtime":622,"items_purged":["Doubt"],"score":216,"play_id":"4683685a-5134-4c1d-a0fa-c878defcb719","local_time":"20190328142656","is_ascension_mode":true,"campfire_choices":[{"data":"Battle Trance","floor":6,"key":"SMITH"},{"data":"Rampage","floor":10,"key":"SMITH"},{"floor":12,"key":"REST"},{"data":"Headbutt","floor":15,"key":"SMITH"}],"neow_cost":"PERCENT_DAMAGE","seed_source_timestamp":155335427635400,"circlet_count":0,"master_deck":["AscendersBane","Strike_R","Strike_R","Strike_R","Strike_R","Strike_R","Defend_R","Defend_R","Defend_R","Defend_R","Bash+1","Feed","Rampage+1","Reaper","Battle Trance+1","Headbutt+1"],"relics":["Burning Blood","Letter Opener","Omamori","Bird Faced Urn"],"potions_floor_usage":[16,16],"damage_taken":[{"damage":0,"enemies":"2 Louse","floor":1,"turns":3},{"damage":9,"enemies":"Jaw Worm","floor":5,"turns":4},{"damage":2,"enemies":"Cultist","floor":7,"turns":4},{"damage":30,"enemies":"Lagavulin","floor":8,"turns":6},{"damage":50,"enemies":"3 Sentries","floor":13,"turns":8},{"damage":23,"enemies":"Lots of Slimes","floor":14,"turns":5},{"damage":31,"enemies":"Hexaghost","floor":16,"turns":4}],"seed_played":"6506109148784591327","potions_obtained":[{"floor":8,"key":"Strength Potion"},{"floor":13,"key":"PowerPotion"}],"is_trial":false,"path_per_floor":["M","?","$","?","M","R","M","E","T","R","?","R","E","M","R","B"],"character_chosen":"IRONCLAD","items_purchased":["Reaper"],"campfire_rested":1,"item_purchase_floors":[3],"current_hp_per_floor":[59,59,59,59,63,63,70,49,49,49,38,64,31,29,29,0],"gold":193,"neow_bonus":"THREE_RARE_CARDS","is_prod":false,"is_daily":false,"chose_seed":false,"campfire_upgraded":3,"win_rate":0,"timestamp":1553776016,"path_taken":["M","?","$","?","M","R","?","E","T","R","?","R","E","M","R","BOSS"],"build_version":"2019-01-23","purchased_purges":1,"victory":false,"max_hp_per_floor":[78,78,78,78,81,81,84,87,87,87,87,87,90,93,93,93],"card_choices":[{"not_picked":["Limit Break","Exhume"],"picked":"Feed","floor":0},{"not_picked":["Havoc","Armaments"],"picked":"Rampage","floor":1},{"not_picked":["Headbutt","Heavy Blade"],"picked":"Battle Trance","floor":5},{"not_picked":["Anger","Twin Strike","Bloodletting"],"picked":"SKIP","floor":7},{"not_picked":["Searing Blow","Reckless Charge","Blood for Blood"],"picked":"SKIP","floor":8},{"not_picked":["Ghostly Armor","Power Through","Heavy Blade"],"picked":"SKIP","floor":13},{"not_picked":["Barricade","Sever Soul"],"picked":"Headbutt","floor":14}],"player_experience":948040,"relics_obtained":[{"floor":8,"key":"Letter Opener"},{"floor":9,"key":"Omamori"},{"floor":13,"key":"Bird Faced Urn"}],"event_choices":[{"damage_healed":0,"gold_gain":150,"player_choice":"AGREE","damage_taken":0,"max_hp_gain":0,"max_hp_loss":0,"event_name":"Liars Game","floor":2,"gold_loss":0,"cards_obtained":["Doubt"]},{"damage_healed":0,"gold_gain":0,"player_choice":"Grow","damage_taken":0,"max_hp_gain":0,"max_hp_loss":0,"event_name":"Living Wall","floor":4,"gold_loss":0,"cards_upgraded":["Bash"]},{"damage_healed":0,"gold_gain":75,"player_choice":"Gather Gold","damage_taken":11,"max_hp_gain":0,"max_hp_loss":0,"event_name":"World of Goop","floor":11,"gold_loss":0}],"is_beta":false,"boss_relics":[],"items_purged_floors":[3],"is_endless":false,"potions_floor_spawned":[8,13],"killed_by":"Hexaghost","ascension_level":20}