{"path_per_floor":["M","$","?","?","?","E","M","E","T","M","E","$","M","$","R"],"character_chosen":"IRONCLAD","items_purchased":[],"gold_per_floor":[112,37,37,112,112,156,176,209,286,307,340,240,265,140,140,140],"floor_reached":16,"campfire_rested":0,"playtime":1245,"current_hp_per_floor":[83,83,83,72,72,45,54,17,17,12,13,13,22,22,22,0],"items_purged":["Strike_R","Strike_R","Strike_R"],"gold":140,"score":149,"play_id":"869b5c03-0558-4db5-8e31-a58fe10aad55","local_time":"20180415091658","is_prod":false,"is_daily":false,"chose_seed":false,"is_ascension_mode":true,"campfire_upgraded":0,"timestamp":1523751418,"path_taken":["M","$","?","?","?","E","M","E","T","M","E","?","?","$","R","BOSS"],"build_version":"2018-04-12","seed_source_timestamp":2650840466291,"purchased_purges":3,"victory":false,"master_deck":["Strike_R","Defend_R","Defend_R","Defend_R","Defend_R","Bash","Feed","Rampage","Clash","Metallicize","Second Wind","Headbutt","Feed","Cleave"],"max_hp_per_floor":[83,83,90,90,83,86,89,89,89,89,92,92,95,95,95,95],"relics":["Burning Blood","Strawberry","Golden Idol","Bottled Flame","Peace Pipe","Dodecahedron","Ancient Tea Set"],"card_choices":[{"not_picked":["Twin Strike","Iron Wave"],"picked":"Rampage","floor":1},{"not_picked":["Rage","Dark Embrace"],"picked":"Clash","floor":6},{"not_picked":["Thunderclap","Perfected Strike"],"picked":"Metallicize","floor":7},{"not_picked":["Searing Blow","Sever Soul"],"picked":"Second Wind","floor":8},{"not_picked":["Dropkick","Twin Strike"],"picked":"Headbutt","floor":10},{"not_picked":["Pommel Strike","Burning Pact"],"picked":"Feed","floor":11},{"not_picked":["Pummel","Body Slam"],"picked":"Cleave","floor":13}],"player_experience":63089,"potions_floor_usage":[11],"damage_taken":[{"damage":2,"enemies":"Small Slimes","floor":1,"turns":5},{"damage":36,"enemies":"3 Sentries","floor":6,"turns":10},{"damage":0,"enemies":"2 Louse","floor":7,"turns":4},{"damage":43,"enemies":"Lagavulin","floor":8,"turns":8},{"damage":11,"enemies":"Jaw Worm","floor":10,"turns":3},{"damage":8,"enemies":"3 Sentries","floor":11,"turns":7},{"damage":0,"enemies":"Large Slime","floor":13,"turns":4},{"damage":25,"enemies":"Hexaghost","floor":16,"turns":9}],"event_choices":[{"event_name":"Scrap Ooze","player_choice":"success","floor":3,"damage_taken":7},{"event_name":"World of Goop","player_choice":"Gather Gold","floor":4,"damage_taken":0},{"event_name":"Golden Idol","player_choice":"Lose Max HP","floor":5,"damage_taken":0}],"boss_relics":[],"potions_floor_spawned":[7,10,11],"seed_played":"-3410016727263998323","killed_by":"Hexaghost","ascension_level":1,"is_trial":false}