{"gold_per_floor":[109,31,42,42,54,89,49,49,75,104,124,142,163,183,183,260,260,279,289,289,304,71,71,105,105,405,405,505,532,532,532,532,609,609,623,623,639,209,224,224,224,252,278,291,317,317,317,36,36,36,36,36,36,8,35,35],"floor_reached":57,"playtime":3891,"items_purged":["Strike_G","Strike_G","Strike_G"],"score":2737,"play_id":"b290e0ef-00ac-4a88-ba92-f3b41f3a73d3","local_time":"20190623220456","is_ascension_mode":true,"campfire_choices":[{"data":"Deadly Poison","floor":8.0,"key":"SMITH"},{"data":"Catalyst","floor":15.0,"key":"SMITH"},{"floor":23.0,"key":"REST"},{"data":"Wraith Form v2","floor":25.0,"key":"SMITH"},{"data":"Footwork","floor":27.0,"key":"SMITH"},{"floor":32.0,"key":"REST"},{"floor":40.0,"key":"REST"},{"data":"Wraith Form v2","floor":47,"key":"SMITH"},{"floor":49,"key":"RECALL"},{"data":"Discovery","floor":53,"key":"SMITH"}],"neow_cost":"NONE","seed_source_timestamp":0,"circlet_count":0,"master_deck":["AscendersBane","Defend_G","Defend_G","Defend_G","Defend_G","Defend_G","Strike_G","Survivor","Neutralize","Leg Sweep","Masterful Stab+1","Calculated Gamble","Deadly Poison+1","Catalyst+1","Deadly Poison","Deflect","PiercingWail","Footwork+1","Die Die Die","Wraith Form v2+1","Dodge and Roll+1","Backflip","Night Terror","Noxious Fumes+1","Concentrate","Deflect","Flash of Steel","Thinking Ahead","Discovery+1","Catalyst+1","PiercingWail","Wraith Form v2+1","PiercingWail","Footwork+1"],"special_seed":0,"relics":["Ring of the Snake","NeowsBlessing","Potion Belt","Regal Pillow","StoneCalendar","Odd Mushroom","Velvet Choker","Bottled Flame","Old Coin","Calipers","Pantograph","Omamori","Runic Pyramid","Membership Card","Art of War","Oddly Smooth Stone","Bag of Marbles","TwistedFunnel","Ancient Tea Set","Gremlin Horn"],"potions_floor_usage":[56,56,56],"damage_taken":[{"damage":0.0,"enemies":"Cultist","floor":1.0,"turns":1.0},{"damage":0.0,"enemies":"2 Louse","floor":3.0,"turns":1.0},{"damage":0.0,"enemies":"Small Slimes","floor":5.0,"turns":1.0},{"damage":20.0,"enemies":"3 Sentries","floor":6.0,"turns":14.0},{"damage":25.0,"enemies":"Lagavulin","floor":10.0,"turns":8.0},{"damage":0.0,"enemies":"2 Fungi Beasts","floor":11.0,"turns":4.0},{"damage":6.0,"enemies":"Exordium Thugs","floor":12.0,"turns":3.0},{"damage":4.0,"enemies":"The Mushroom Lair","floor":13.0,"turns":4.0},{"damage":0.0,"enemies":"Large Slime","floor":14.0,"turns":4.0},{"damage":9.0,"enemies":"Hexaghost","floor":16.0,"turns":8.0},{"damage":23.0,"enemies":"3 Byrds","floor":18.0,"turns":6.0},{"damage":0.0,"enemies":"Chosen","floor":19.0,"turns":3.0},{"damage":8.0,"enemies":"Snake Plant","floor":21.0,"turns":3.0},{"damage":4.0,"enemies":"Gremlin Leader","floor":24.0,"turns":5.0},{"damage":23.0,"enemies":"Colosseum Slavers","floor":28.0,"turns":7.0},{"damage":8.0,"enemies":"Colosseum Nobs","floor":28.0,"turns":7.0},{"damage":11.0,"enemies":"Slavers","floor":29.0,"turns":7.0},{"damage":62.0,"enemies":"Champ","floor":33.0,"turns":18.0},{"damage":23.0,"enemies":"3 Darklings","floor":35.0,"turns":7.0},{"damage":0.0,"enemies":"3 Shapes","floor":37.0,"turns":7.0},{"damage":0.0,"enemies":"Maw","floor":39.0,"turns":8.0},{"damage":6.0,"enemies":"Reptomancer","floor":42.0,"turns":8.0},{"damage":10.0,"enemies":"Spire Growth","floor":44.0,"turns":4.0},{"damage":0,"enemies":"Giant Head","floor":45,"turns":5},{"damage":14,"enemies":"Time Eater","floor":50,"turns":12},{"damage":37,"enemies":"Donu and Deca","floor":51,"turns":8},{"damage":33,"enemies":"Shield and Spear","floor":55,"turns":13},{"damage":17,"enemies":"The Heart","floor":56,"turns":7}],"seed_played":"-2686003018628071042","potions_obtained":[{"floor":1.0,"key":"Ancient Potion"},{"floor":7.0,"key":"SpeedPotion"},{"floor":7.0,"key":"Regen Potion"},{"floor":7.0,"key":"Strength Potion"},{"floor":10.0,"key":"LiquidBronze"},{"floor":11.0,"key":"Explosive Potion"},{"floor":14.0,"key":"SkillPotion"},{"floor":16.0,"key":"FearPotion"},{"floor":18.0,"key":"GhostInAJar"},{"floor":21.0,"key":"Block Potion"},{"floor":29.0,"key":"SpeedPotion"},{"floor":33.0,"key":"Explosive Potion"},{"floor":35.0,"key":"GhostInAJar"},{"floor":42.0,"key":"Dexterity Potion"}],"is_trial":false,"path_per_floor":["M","$","M","?","M","E","?","R","T","E","M","M","?","M","R","B",null,"M","M","?","M","$","R","E","R","T","R","?","E","?","?","R","B",null,"M","?","M","$","M","R","?","E","T","M","E","?","R","$","R","B","B",null,"R","$","E","B",null],"character_chosen":"THE_SILENT","items_purchased":["Masterful Stab","Footwork","Die Die Die","Membership Card","Art of War","Concentrate","Deflect","TwistedFunnel","PiercingWail","Ancient Tea Set","Dexterity Potion"],"campfire_rested":3,"item_purchase_floors":[2,22,22,38,38,38,38,48,48,48,54],"current_hp_per_floor":[59,59,59,59,59,39,39,39,39,29,29,23,19,19,19,10,52,29,29,29,21,21,55,51,51,51,51,20,9,9,9,43,4,51,28,28,28,28,28,62,52,46,46,36,36,36,36,36,36,47,29,57,57,57,24,32],"gold":35,"neow_bonus":"THREE_ENEMY_KILL","is_prod":false,"is_daily":false,"chose_seed":false,"campfire_upgraded":6,"win_rate":0,"timestamp":1561316696,"path_taken":["M","$","M","?","M","E","?","R","T","E","M","?","?","M","R","BOSS","M","M","?","M","?","R","E","R","T","R","?","E","?","?","R","BOSS","M","?","M","$","?","R","?","E","T","M","E","?","R","$","R","BOSS","BOSS","R","$","E","BOSS"],"build_version":"2019-01-23","purchased_purges":3,"victory":true,"max_hp_per_floor":[66,66,66,66,66,66,66,66,66,66,66,66,66,66,66,66,66,66,66,66,66,66,66,66,66,66,66,66,66,66,66,66,66,66,66,66,66,66,66,66,66,66,66,66,66,66,66,66,66,66,66,66,66,66,66,66],"card_choices":[{"not_picked":["Underhanded Strike","Cloak And Dagger"],"picked":"Leg Sweep","floor":1.0},{"not_picked":["Backflip","Accuracy"],"picked":"Calculated Gamble","floor":3.0},{"not_picked":["Concentrate","Dodge and Roll"],"picked":"Deadly Poison","floor":5.0},{"not_picked":["Outmaneuver","Bullet Time"],"picked":"Catalyst","floor":6.0},{"not_picked":["Phantasmal Killer","Blade Dance","Choke"],"picked":"SKIP","floor":10.0},{"not_picked":["Outmaneuver","Bane","Reflex"],"picked":"SKIP","floor":11.0},{"not_picked":["Outmaneuver","Deflect","Sucker Punch"],"picked":"SKIP","floor":12.0},{"not_picked":["Bane","Quick Slash"],"picked":"Deadly Poison","floor":13.0},{"not_picked":["Heel Hook","Sucker Punch"],"picked":"Deflect","floor":14.0},{"not_picked":["Cloak And Dagger","Quick Slash","Prepared"],"picked":"SKIP","floor":18.0},{"not_picked":["Slice","Acrobatics"],"picked":"PiercingWail","floor":19.0},{"not_picked":["Poisoned Stab","Deflect","Deadly Poison"],"picked":"SKIP","floor":21.0},{"not_picked":["Unload","Bane"],"picked":"Wraith Form v2","floor":24.0},{"not_picked":["Reflex","Tactician"],"picked":"Dodge and Roll+1","floor":28.0},{"not_picked":["Terror+1","Dagger Spray"],"picked":"Backflip","floor":29.0},{"not_picked":["Unload","Phantasmal Killer"],"picked":"Night Terror","floor":33.0},{"not_picked":["Masterful Stab+1","Infinite Blades"],"picked":"Flying Knee","floor":35.0},{"not_picked":["Bane","Flechettes+1"],"picked":"Noxious Fumes+1","floor":37.0},{"not_picked":["Riddle With Holes","Outmaneuver","Skewer"],"picked":"SKIP","floor":39.0},{"not_picked":["Riddle With Holes","Outmaneuver","Skewer"],"picked":"SKIP","floor":39.0},{"not_picked":["Violence","Deep Breath"],"picked":"Flash of Steel","floor":41.0},{"not_picked":["Dramatic Entrance","Chrysalis"],"picked":"Thinking Ahead","floor":41.0},{"not_picked":["Deep Breath","Swift Strike"],"picked":"Discovery","floor":41.0},{"not_picked":["Terror","Slice"],"picked":"Catalyst+1","floor":42.0},{"not_picked":["Flying Knee","Backflip"],"picked":"PiercingWail","floor":44.0},{"not_picked":["Slice","Cloak And Dagger"],"picked":"Wraith Form v2","floor":45},{"not_picked":["Sucker Punch","Acrobatics"],"picked":"Footwork+1","floor":55}],"player_experience":1169316,"relics_obtained":[{"floor":6.0,"key":"Potion Belt"},{"floor":9.0,"key":"Regal Pillow"},{"floor":10.0,"key":"StoneCalendar"},{"floor":13.0,"key":"Odd Mushroom"},{"floor":24.0,"key":"Bottled Flame"},{"floor":26.0,"key":"Old Coin"},{"floor":28.0,"key":"Calipers"},{"floor":28.0,"key":"Pantograph"},{"floor":29.0,"key":"Omamori"},{"floor":42.0,"key":"Oddly Smooth Stone"},{"floor":45,"key":"Bag of Marbles"},{"floor":55,"key":"Gremlin Horn"}],"event_choices":[{"damage_healed":0.0,"max_hp_gain":0.0,"max_hp_loss":0.0,"gold_gain":0.0,"event_name":"Living Wall","player_choice":"Grow","floor":4.0,"gold_loss":0.0,"damage_taken":0.0,"cards_upgraded":["Masterful Stab"]},{"damage_healed":0.0,"max_hp_gain":0.0,"max_hp_loss":0.0,"gold_gain":0.0,"event_name":"The Woman in Blue","player_choice":"Bought 3 Potions","floor":7.0,"gold_loss":0.0,"damage_taken":0.0},{"damage_healed":0.0,"max_hp_gain":0.0,"max_hp_loss":0.0,"gold_gain":0.0,"event_name":"Mushrooms","player_choice":"Fought Mushrooms","floor":13.0,"gold_loss":0.0,"damage_taken":0.0},{"cards_removed":["Strike_G"],"damage_healed":0.0,"max_hp_gain":0.0,"max_hp_loss":0.0,"gold_gain":0.0,"event_name":"Purifier","player_choice":"Purged","floor":20.0,"gold_loss":0.0,"damage_taken":0.0},{"damage_healed":0.0,"max_hp_gain":0.0,"max_hp_loss":0.0,"gold_gain":0.0,"event_name":"Colosseum","player_choice":"Fight","floor":28.0,"gold_loss":0.0,"damage_taken":0.0},{"damage_healed":0.0,"max_hp_gain":0.0,"max_hp_loss":0.0,"gold_gain":0.0,"event_name":"Colosseum","player_choice":"Fought Nobs","floor":28.0,"gold_loss":0.0,"damage_taken":0.0},{"damage_healed":0.0,"max_hp_gain":0.0,"max_hp_loss":0.0,"gold_gain":0.0,"event_name":"Cursed Tome","player_choice":"Ignored","floor":30.0,"gold_loss":0.0,"damage_taken":0.0},{"damage_healed":0.0,"max_hp_gain":0.0,"max_hp_loss":0.0,"gold_gain":0.0,"event_name":"Vampires","player_choice":"Ignored","floor":31.0,"gold_loss":0.0,"damage_taken":0.0},{"damage_healed":0.0,"max_hp_gain":0.0,"max_hp_loss":0.0,"gold_gain":0.0,"event_name":"Lab","player_choice":"Got Potions","floor":36.0,"gold_loss":0.0,"damage_taken":0.0},{"damage_healed":0.0,"max_hp_gain":0.0,"max_hp_loss":0.0,"gold_gain":0.0,"event_name":"SensoryStone","player_choice":"Memory 3","floor":41.0,"gold_loss":0.0,"damage_taken":10.0},{"cards_removed":["Flying Knee"],"damage_healed":0,"gold_gain":0,"player_choice":"Removed Attack","damage_taken":0,"max_hp_gain":0,"max_hp_loss":0,"event_name":"Falling","floor":46,"gold_loss":0}],"is_beta":false,"boss_relics":[{"not_picked":["Black Star","HoveringKite"],"picked":"Velvet Choker"},{"not_picked":["WristBlade","Empty Cage"],"picked":"Runic Pyramid"}],"items_purged_floors":[22,38,48],"is_endless":false,"potions_floor_spawned":[1,10,11,14,16,18,21,29,33,35,42],"ascension_level":20}