{"gold_per_floor":[115,115,135,42,56,56,67,67,119,131,156,156,186,205,205,284,284,296,296,296,296,308,308,339,352,378,378,378],"floor_reached":28,"playtime":1223,"items_purged":[],"score":496,"play_id":"1aa5968b-f23d-48e9-ad69-398c122c9756","local_time":"20190620222019","is_ascension_mode":true,"campfire_choices":[{"data":"Predator","floor":6,"key":"SMITH"},{"data":"Deadly Poison","floor":8,"key":"SMITH"},{"data":"Skewer","floor":12,"key":"SMITH"},{"data":"Leg Sweep","floor":15,"key":"SMITH"},{"floor":23,"key":"REST"},{"floor":27,"key":"REST"}],"neow_cost":"NONE","seed_source_timestamp":651507404222600,"circlet_count":0,"master_deck":["AscendersBane","Defend_G","Defend_G","Defend_G","Defend_G","Defend_G","Strike_G","Strike_G","Strike_G","Strike_G","Strike_G+1","Survivor","Neutralize+1","Slice+1","Predator+1","Leg Sweep+1","Deadly Poison+1","Skewer+1","PiercingWail","Venomology","Crippling Poison","Malaise","Outmaneuver"],"relics":["Ring of the Snake","NeowsBlessing","Pen Nib","Juzu Bracelet","Art of War","Snecko Eye","Nilry\u0027s Codex","Whetstone","Lantern"],"potions_floor_usage":[13,18,18,24,25,28],"damage_taken":[{"damage":0,"enemies":"2 Louse","floor":1,"turns":1},{"damage":0,"enemies":"Cultist","floor":3,"turns":1},{"damage":0,"enemies":"Small Slimes","floor":5,"turns":1},{"damage":6,"enemies":"3 Louse","floor":7,"turns":4},{"damage":2,"enemies":"Large Slime","floor":10,"turns":6},{"damage":7,"enemies":"Gremlin Nob","floor":11,"turns":3},{"damage":10,"enemies":"Lagavulin","floor":13,"turns":5},{"damage":1,"enemies":"Blue Slaver","floor":14,"turns":2},{"damage":21,"enemies":"Hexaghost","floor":16,"turns":9},{"damage":13,"enemies":"2 Thieves","floor":18,"turns":4},{"damage":0,"enemies":"Chosen","floor":22,"turns":3},{"damage":18,"enemies":"Book of Stabbing","floor":24,"turns":4},{"damage":13,"enemies":"Shelled Parasite and Fungi","floor":25,"turns":4},{"damage":29,"enemies":"Gremlin Leader","floor":28,"turns":4}],"seed_played":"1830274508803144349","potions_obtained":[{"floor":5,"key":"SteroidPotion"},{"floor":16,"key":"SkillPotion"},{"floor":24,"key":"SteroidPotion"}],"is_trial":false,"path_per_floor":["M","?","M","$","M","R","M","R","T","M","E","R","E","M","R","B",null,"M","?","?","?","M","R","E","M","T","R","E"],"character_chosen":"THE_SILENT","items_purchased":["AttackPotion","Predator"],"campfire_rested":2,"item_purchase_floors":[4,4],"current_hp_per_floor":[59,59,59,59,59,59,53,53,53,51,44,44,34,33,33,12,53,40,40,19,19,19,38,20,7,7,26,0],"gold":378,"neow_bonus":"THREE_ENEMY_KILL","is_prod":false,"is_daily":false,"chose_seed":false,"campfire_upgraded":4,"win_rate":0,"timestamp":1561058419,"path_taken":["M","?","M","$","M","R","M","R","T","?","E","R","E","M","R","BOSS","M","?","?","?","M","R","E","M","T","R","E"],"build_version":"2019-01-23","purchased_purges":0,"victory":false,"max_hp_per_floor":[66,66,66,66,66,66,66,66,66,66,66,66,66,66,66,66,66,66,66,66,66,66,66,66,66,66,66,66],"card_choices":[{"not_picked":["Backflip","Underhanded Strike"],"picked":"Slice","floor":1},{"not_picked":["Reflex","Phantasmal Killer","Blade Dance"],"picked":"SKIP","floor":3},{"not_picked":["Dodge and Roll","Deadly Poison"],"picked":"Leg Sweep","floor":5},{"not_picked":["Riddle With Holes","Dagger Throw"],"picked":"Deadly Poison","floor":7},{"not_picked":["All Out Attack","Predator","Blade Dance"],"picked":"SKIP","floor":10},{"not_picked":["Sucker Punch","Underhanded Strike"],"picked":"Skewer","floor":11},{"not_picked":["Night Terror","Finisher","Tactician"],"picked":"SKIP","floor":13},{"not_picked":["Tactician","Slice"],"picked":"PiercingWail","floor":14},{"not_picked":["Night Terror","Glass Knife"],"picked":"Venomology","floor":16},{"not_picked":["Prepared","Slice","Deadly Poison"],"picked":"SKIP","floor":18},{"not_picked":["Escape Plan","Quick Slash+1","Underhanded Strike"],"picked":"SKIP","floor":22},{"not_picked":["Sucker Punch","Blur"],"picked":"Malaise","floor":24},{"not_picked":["Masterful Stab","Outmaneuver","Finisher"],"picked":"SKIP","floor":25},{"not_picked":["Masterful Stab","Finisher"],"picked":"Outmaneuver","floor":25}],"player_experience":1150427,"relics_obtained":[{"floor":9,"key":"Pen Nib"},{"floor":11,"key":"Juzu Bracelet"},{"floor":13,"key":"Art of War"},{"floor":20,"key":"Nilry\u0027s Codex"},{"floor":24,"key":"Whetstone"},{"floor":26,"key":"Lantern"}],"event_choices":[{"damage_healed":0,"gold_gain":0,"player_choice":"Upgraded","damage_taken":0,"max_hp_gain":0,"max_hp_loss":0,"event_name":"Upgrade Shrine","floor":2,"gold_loss":0,"cards_upgraded":["Neutralize"]},{"damage_healed":0,"gold_gain":0,"player_choice":"Ignored","damage_taken":0,"max_hp_gain":0,"max_hp_loss":0,"event_name":"The Mausoleum","floor":19,"gold_loss":0},{"damage_healed":0,"gold_gain":0,"player_choice":"Obtained Book","damage_taken":21,"max_hp_gain":0,"max_hp_loss":0,"event_name":"Cursed Tome","floor":20,"gold_loss":0},{"damage_healed":0,"gold_gain":0,"player_choice":"Read","damage_taken":0,"max_hp_gain":0,"max_hp_loss":0,"event_name":"The Library","floor":21,"gold_loss":0,"cards_obtained":["Crippling Poison"]}],"is_beta":false,"boss_relics":[{"not_picked":["Sozu","Ring of the Serpent"],"picked":"Snecko Eye"}],"items_purged_floors":[],"is_endless":false,"potions_floor_spawned":[5,7,10,11,16,24],"killed_by":"Gremlin Leader","ascension_level":20}