{"gold_per_floor":[369,41,41,51,66,66,86,98,123,123,157,177,210,223,223,297,297,312,227,227,227,26,54,54,67,112,145,156,7,7,18,18,18],"floor_reached":33,"playtime":2157,"items_purged":["Injury"],"score":594,"play_id":"9fd5fd65-17f4-460a-8c29-13160fe973c7","local_time":"20190517081341","is_ascension_mode":true,"campfire_choices":[{"data":"Perfected Strike","floor":6.0,"key":"SMITH"},{"data":"Bash","floor":10.0,"key":"SMITH"},{"data":"Uppercut","floor":15.0,"key":"SMITH"},{"data":"Offering","floor":24,"key":"SMITH"},{"floor":32,"key":"REST"}],"neow_cost":"CURSE","seed_source_timestamp":0,"circlet_count":0,"master_deck":["AscendersBane","Bash+1","Shockwave","Decay","Armaments+1","Perfected Strike+1","Battle Trance+1","Shrug It Off+1","Cleave","Uppercut+1","Offering+1","Immolate","Reaper","Flex","Reckless Charge","Iron Wave","Sword Boomerang","Armaments","Body Slam","Metallicize","Searing Blow","Feel No Pain","Spot Weakness","Flame Barrier","Flame Barrier+1","Feed","Headbutt"],"special_seed":0,"relics":["Burning Blood","Bag of Marbles","Smiling Mask","Potion Belt","Ancient Tea Set","Pandora\u0027s Box","Lantern","Centennial Puzzle","Champion Belt","War Paint","Orichalcum"],"potions_floor_usage":[],"damage_taken":[{"damage":15.0,"enemies":"Small Slimes","floor":1.0,"turns":6.0},{"damage":2.0,"enemies":"Cultist","floor":4.0,"turns":4.0},{"damage":1.0,"enemies":"2 Louse","floor":5.0,"turns":3.0},{"damage":6.0,"enemies":"Looter","floor":7.0,"turns":3.0},{"damage":6.0,"enemies":"3 Louse","floor":8.0,"turns":4.0},{"damage":26.0,"enemies":"3 Sentries","floor":11.0,"turns":9.0},{"damage":8.0,"enemies":"Exordium Thugs","floor":12.0,"turns":4.0},{"damage":16.0,"enemies":"Lagavulin","floor":13.0,"turns":6.0},{"damage":9.0,"enemies":"Blue Slaver","floor":14.0,"turns":2.0},{"damage":31.0,"enemies":"Slime Boss","floor":16.0,"turns":8.0},{"damage":16,"enemies":"Spheric Guardian","floor":18,"turns":4},{"damage":32,"enemies":"Slavers","floor":23,"turns":3},{"damage":6,"enemies":"Chosen","floor":25,"turns":2},{"damage":33,"enemies":"Book of Stabbing","floor":27,"turns":4},{"damage":6,"enemies":"Snake Plant","floor":28,"turns":3},{"damage":6,"enemies":"Snecko","floor":31,"turns":4},{"damage":93,"enemies":"Automaton","floor":33,"turns":10}],"seed_played":"75477837012152871","potions_obtained":[{"floor":1.0,"key":"EssenceOfSteel"},{"floor":8.0,"key":"SkillPotion"},{"floor":11.0,"key":"SkillPotion"},{"floor":13.0,"key":"Strength Potion"},{"floor":23,"key":"Fire Potion"}],"is_trial":false,"path_per_floor":["M","$","?","M","M","R","M","M","T","R","E","M","E","M","R","B",null,"M","?","?","?","$","E","R","M","T","E","M","$","?","M","R","B"],"character_chosen":"IRONCLAD","items_purchased":["Shockwave","Bag of Marbles","Flame Barrier","Centennial Puzzle","Feed"],"campfire_rested":1,"item_purchase_floors":[2,2,22,22,29],"current_hp_per_floor":[59,59,59,63,68,68,68,68,68,68,48,46,36,33,33,8,58,52,52,52,52,52,49,49,49,49,22,22,22,22,32,54,0],"gold":18,"neow_bonus":"TWO_FIFTY_GOLD","is_prod":false,"is_daily":false,"chose_seed":false,"campfire_upgraded":4,"win_rate":0,"timestamp":1558070021,"path_taken":["M","$","?","M","M","R","?","M","T","R","E","?","E","M","R","BOSS","M","?","?","?","$","E","R","M","T","E","?","$","?","M","R","BOSS"],"build_version":"2019-01-23","purchased_purges":1,"victory":false,"max_hp_per_floor":[75,75,75,75,75,75,75,75,75,75,75,75,75,75,75,75,75,75,75,75,75,75,75,75,75,75,75,75,75,75,75,75,75],"card_choices":[{"not_picked":["Warcry","Infernal Blade","Corruption"],"picked":"SKIP","floor":1.0},{"not_picked":["Twin Strike","Infernal Blade"],"picked":"Armaments","floor":4.0},{"not_picked":["Pommel Strike","Metallicize"],"picked":"Perfected Strike","floor":5.0},{"not_picked":["Pummel","Dropkick"],"picked":"Battle Trance","floor":7.0},{"not_picked":["Intimidate","Flex"],"picked":"Shrug It Off","floor":8.0},{"not_picked":["Body Slam","Searing Blow","Iron Wave"],"picked":"SKIP","floor":11.0},{"not_picked":["Wild Strike","Pommel Strike"],"picked":"Cleave","floor":12.0},{"not_picked":["Rupture","Clothesline"],"picked":"Uppercut","floor":13.0},{"not_picked":["Perfected Strike","Wild Strike"],"picked":"Offering","floor":14.0},{"not_picked":["Impervious","Offering"],"picked":"Immolate","floor":16.0},{"not_picked":["Clothesline+1","Intimidate"],"picked":"Feel No Pain","floor":18},{"not_picked":["Fire Breathing","Flex","Warcry"],"picked":"SKIP","floor":23},{"not_picked":["Twin Strike","Armaments","Heavy Blade"],"picked":"SKIP","floor":25},{"not_picked":["Body Slam","Power Through","Rage"],"picked":"SKIP","floor":27},{"not_picked":["Thunderclap","Sentinel"],"picked":"Flame Barrier+1","floor":28},{"not_picked":["Heavy Blade","Body Slam"],"picked":"Headbutt","floor":31}],"player_experience":1010793,"relics_obtained":[{"floor":9.0,"key":"Smiling Mask"},{"floor":11.0,"key":"Potion Belt"},{"floor":13.0,"key":"Ancient Tea Set"},{"floor":23,"key":"Champion Belt"},{"floor":26,"key":"War Paint"},{"floor":27,"key":"Orichalcum"}],"event_choices":[{"damage_healed":0.0,"max_hp_gain":0.0,"max_hp_loss":0.0,"gold_gain":0.0,"event_name":"Wheel of Change","player_choice":"Cursed","floor":3.0,"gold_loss":0.0,"damage_taken":0.0,"cards_obtained":["Decay"]},{"damage_healed":0,"gold_gain":0,"player_choice":"Obtained Relic","damage_taken":0,"relics_obtained":["Lantern"],"max_hp_gain":0,"max_hp_loss":0,"event_name":"Addict","floor":19,"gold_loss":85},{"damage_healed":0,"gold_gain":0,"player_choice":"Read","damage_taken":0,"max_hp_gain":0,"max_hp_loss":0,"event_name":"The Library","floor":20,"gold_loss":0,"cards_obtained":["Spot Weakness"]},{"damage_healed":0,"gold_gain":0,"player_choice":"Upgraded","damage_taken":0,"max_hp_gain":0,"max_hp_loss":0,"event_name":"Upgrade Shrine","floor":21,"gold_loss":0,"cards_upgraded":["Battle Trance"]},{"damage_healed":0,"gold_gain":0,"player_choice":"Ignored","damage_taken":0,"max_hp_gain":0,"max_hp_loss":0,"event_name":"Vampires","floor":30,"gold_loss":0}],"is_beta":false,"boss_relics":[{"not_picked":["Philosopher\u0027s Stone","Calling Bell"],"picked":"Pandora\u0027s Box"}],"items_purged_floors":[2],"is_endless":false,"potions_floor_spawned":[1,8,11,13,23],"killed_by":"Automaton","ascension_level":20}