{"gold_per_floor":[116,134,5,20,32,32,107,107,107,139,149,73,103,83,83,157,157,135,135,60,60,60,60],"floor_reached":23,"playtime":1250,"items_purged":["Strike_B"],"score":359,"play_id":"8febcc30-a8bc-4515-8e23-21f459f136fd","local_time":"20190222113729","is_ascension_mode":true,"campfire_choices":[{"data":"Chill","floor":6.0,"key":"SMITH"},{"data":"Blizzard","floor":8.0,"key":"SMITH"},{"data":"Self Repair","floor":15.0,"key":"SMITH"}],"neow_cost":"TEN_PERCENT_HP_LOSS","seed_source_timestamp":0,"circlet_count":0,"master_deck":["AscendersBane","Strike_B","Strike_B","Strike_B","Defend_B","Defend_B","Defend_B","Defend_B","Zap","Dualcast","Chill+1","Cold Snap","Self Repair+1","Blizzard+1","BootSequence","Hologram","Hologram","Capacitor","Capacitor","Machine Learning","Blizzard"],"special_seed":0,"relics":["FrozenCore","Bird Faced Urn","Anchor","Mummified Hand","Odd Mushroom"],"potions_floor_usage":[],"damage_taken":[{"damage":5.0,"enemies":"2 Louse","floor":1.0,"turns":2.0},{"damage":9.0,"enemies":"Small Slimes","floor":2.0,"turns":4.0},{"damage":3.0,"enemies":"Jaw Worm","floor":4.0,"turns":5.0},{"damage":0.0,"enemies":"Looter","floor":5.0,"turns":3.0},{"damage":48.0,"enemies":"Gremlin Nob","floor":10.0,"turns":5.0},{"damage":0.0,"enemies":"2 Fungi Beasts","floor":11.0,"turns":4.0},{"damage":0.0,"enemies":"The Mushroom Lair","floor":13.0,"turns":6.0},{"damage":14.0,"enemies":"Exordium Thugs","floor":14.0,"turns":4.0},{"damage":34.0,"enemies":"The Guardian","floor":16.0,"turns":18.0},{"damage":9,"enemies":"2 Thieves","floor":18,"turns":4},{"damage":72,"enemies":"Slavers","floor":23,"turns":6}],"seed_played":"-1987937530995040870","potions_obtained":[{"floor":1.0,"key":"Poison Potion"},{"floor":4.0,"key":"Poison Potion"},{"floor":13.0,"key":"EssenceOfSteel"},{"floor":16.0,"key":"Strength Potion"}],"is_trial":false,"path_per_floor":["M","M","$","M","M","R","?","R","T","E","M","$","?","M","R","B",null,"M","?","$","?","$","E"],"character_chosen":"DEFECT","items_purchased":["Self Repair","Blizzard","Capacitor"],"campfire_rested":0,"item_purchase_floors":[3,3,12],"current_hp_per_floor":[59,50,50,56,64,64,53,53,53,14,23,23,32,31,31,13,51,60,60,60,60,60,0],"gold":60,"neow_bonus":"ONE_RARE_RELIC","is_prod":false,"is_daily":false,"chose_seed":false,"campfire_upgraded":3,"win_rate":0,"timestamp":1550828249,"path_taken":["M","M","$","M","M","R","?","R","T","E","M","$","?","M","R","BOSS","M","?","$","?","$","E"],"build_version":"2019-01-23","purchased_purges":1,"victory":false,"max_hp_per_floor":[64,64,64,64,64,64,64,64,64,64,64,64,64,64,64,64,64,64,64,64,64,64,64],"card_choices":[{"not_picked":["Fusion","Auto Shields"],"picked":"Chill","floor":1.0},{"not_picked":["Coolheaded","Chaos"],"picked":"Cold Snap","floor":2.0},{"not_picked":["Aggregate","Barrage"],"picked":"BootSequence","floor":4.0},{"not_picked":["Conserve Battery","Leap","Recycle"],"picked":"SKIP","floor":5.0},{"not_picked":["Go for the Eyes","Streamline"],"picked":"Hologram","floor":10.0},{"not_picked":["Steam Power","Blizzard"],"picked":"Hologram","floor":11.0},{"not_picked":["Gash","Beam Cell"],"picked":"Capacitor","floor":13.0},{"not_picked":["Reprogram","Compile Driver","Fission"],"picked":"SKIP","floor":14.0},{"not_picked":["Thunder Strike","Amplify"],"picked":"Machine Learning","floor":16.0},{"not_picked":["Compile Driver+1","Gash"],"picked":"Blizzard","floor":18}],"player_experience":890537,"relics_obtained":[{"floor":9.0,"key":"Anchor"},{"floor":10.0,"key":"Mummified Hand"},{"floor":13.0,"key":"Odd Mushroom"}],"event_choices":[{"damage_healed":0.0,"max_hp_gain":0.0,"max_hp_loss":0.0,"gold_gain":75.0,"event_name":"World of Goop","player_choice":"Gather Gold","floor":7.0,"gold_loss":0.0,"damage_taken":11.0},{"damage_healed":0.0,"max_hp_gain":0.0,"max_hp_loss":0.0,"gold_gain":0.0,"event_name":"Mushrooms","player_choice":"Fought Mushrooms","floor":13.0,"gold_loss":0.0,"damage_taken":0.0},{"damage_healed":0,"gold_gain":0,"player_choice":"Ignored","damage_taken":0,"max_hp_gain":0,"max_hp_loss":0,"event_name":"Vampires","floor":19,"gold_loss":0},{"damage_healed":0,"gold_gain":0,"player_choice":"Ignored","damage_taken":0,"max_hp_gain":0,"max_hp_loss":0,"event_name":"Beggar","floor":21,"gold_loss":0}],"is_beta":false,"boss_relics":[{"not_picked":["Runic Pyramid","Runic Dome"],"picked":"FrozenCore"}],"items_purged_floors":[20],"is_endless":false,"potions_floor_spawned":[1,4,13,16],"killed_by":"Slavers","ascension_level":18}