{"gold_per_floor":[112,112,130,143,123,123,142,142,142,186,199,30,30,54,54,153,153,178,46,61,61,77,77,77],"floor_reached":24,"playtime":1376,"items_purged":["Injury"],"score":385,"play_id":"03f48241-a2d4-4ff4-aab6-c708963facbf","local_time":"20190315173944","is_ascension_mode":true,"campfire_choices":[{"data":"Uppercut","floor":6,"key":"SMITH"},{"data":"Inflame","floor":13,"key":"SMITH"},{"data":"Clothesline","floor":15,"key":"SMITH"},{"floor":23,"key":"REST"}],"neow_cost":"CURSE","seed_source_timestamp":33070051134100,"circlet_count":0,"master_deck":["AscendersBane","Strike_R","Strike_R","Strike_R","Strike_R","Strike_R","Defend_R","Defend_R","Defend_R","Defend_R","Bash","Shrug It Off","Clothesline+1","Uppercut+1","Inflame+1","Thunderclap+1","Corruption","Twin Strike+1","True Grit","Feed+1","Shockwave+1","Disarm","Sword Boomerang+1","True Grit+1"],"relics":["FossilizedHelix","Golden Idol","Spirit Poop","Centennial Puzzle","Molten Egg 2","Velvet Choker","Nloth\u0027s Gift"],"potions_floor_usage":[16],"damage_taken":[{"damage":5,"enemies":"Small Slimes","floor":1,"turns":4},{"damage":0,"enemies":"2 Louse","floor":3,"turns":3},{"damage":4,"enemies":"Cultist","floor":4,"turns":3},{"damage":28,"enemies":"Large Slime","floor":7,"turns":7},{"damage":10,"enemies":"Lagavulin","floor":10,"turns":7},{"damage":25,"enemies":"Lots of Slimes","floor":11,"turns":7},{"damage":0,"enemies":"Blue Slaver","floor":14,"turns":4},{"damage":36,"enemies":"Slime Boss","floor":16,"turns":11},{"damage":26,"enemies":"Shell Parasite","floor":18,"turns":9},{"damage":6,"enemies":"3 Byrds","floor":20,"turns":5},{"damage":19,"enemies":"Sentry and Sphere","floor":22,"turns":5},{"damage":56,"enemies":"Book of Stabbing","floor":24,"turns":4}],"seed_played":"-7056069947487145798","potions_obtained":[{"floor":1,"key":"Ancient Potion"},{"floor":5,"key":"Regen Potion"},{"floor":11,"key":"Dexterity Potion"},{"floor":16,"key":"GamblersBrew"}],"is_trial":false,"path_per_floor":["M","?","M","M","?","R","M","?","T","E","M","$","R","M","R","B",null,"M","$","M","?","M","R","E"],"character_chosen":"IRONCLAD","items_purchased":["Corruption","Twin Strike+1","Disarm","Sword Boomerang+1"],"campfire_rested":1,"item_purchase_floors":[12,12,19,19],"current_hp_per_floor":[69,69,75,75,75,75,53,53,53,49,30,30,30,36,36,21,62,46,46,50,50,31,55,0],"gold":77,"neow_bonus":"ONE_RARE_RELIC","is_prod":false,"is_daily":false,"chose_seed":false,"campfire_upgraded":3,"win_rate":0,"timestamp":1552664384,"path_taken":["M","?","M","M","?","R","?","?","T","E","?","$","R","M","R","BOSS","M","$","M","?","?","R","E"],"build_version":"2019-01-23","purchased_purges":1,"victory":false,"max_hp_per_floor":[75,75,75,75,75,75,75,75,75,75,75,75,75,75,75,75,75,79,79,83,83,83,83,83],"card_choices":[{"not_picked":["Warcry","Heavy Blade"],"picked":"Shrug It Off","floor":1},{"not_picked":["Pommel Strike","Armaments"],"picked":"Clothesline","floor":3},{"not_picked":["Headbutt","Corruption"],"picked":"Uppercut","floor":4},{"not_picked":["Power Through","Dual Wield"],"picked":"Inflame","floor":7},{"not_picked":["Second Wind","Ghostly Armor","Brutality"],"picked":"SKIP","floor":10},{"not_picked":["Inflame","Pommel Strike+1"],"picked":"Thunderclap+1","floor":11},{"not_picked":["Corruption","Flex"],"picked":"True Grit","floor":14},{"not_picked":["Berserk","Barricade"],"picked":"Feed+1","floor":16},{"not_picked":["Thunderclap+1","Warcry"],"picked":"Shockwave+1","floor":18},{"not_picked":["Havoc","Hemokinesis+1","Perfected Strike+1"],"picked":"SKIP","floor":20},{"not_picked":["Warcry","Sever Soul+1"],"picked":"True Grit+1","floor":22}],"player_experience":916411,"relics_obtained":[{"floor":9,"key":"Centennial Puzzle"},{"floor":10,"key":"Molten Egg 2"}],"event_choices":[{"damage_healed":0,"gold_gain":0,"player_choice":"Take Wound","damage_taken":0,"relics_obtained":["Golden Idol"],"max_hp_gain":0,"max_hp_loss":0,"event_name":"Golden Idol","floor":2,"gold_loss":0,"cards_obtained":["Injury"]},{"damage_healed":0,"gold_gain":0,"player_choice":"Bought 1 Potion","damage_taken":0,"max_hp_gain":0,"max_hp_loss":0,"event_name":"The Woman in Blue","floor":5,"gold_loss":0},{"cards_removed":["Regret"],"damage_healed":0,"gold_gain":0,"player_choice":"Offered Curse","damage_taken":0,"relics_obtained":["Spirit Poop"],"max_hp_gain":0,"max_hp_loss":0,"event_name":"Bonfire Elementals","floor":8,"gold_loss":0},{"damage_healed":0,"gold_gain":0,"player_choice":"Traded Relic","damage_taken":0,"relics_obtained":["Nloth\u0027s Gift"],"max_hp_gain":0,"max_hp_loss":0,"event_name":"N\u0027loth","floor":21,"relics_lost":["Burning Blood"],"gold_loss":0}],"is_beta":false,"boss_relics":[{"not_picked":["Ectoplasm","Empty Cage"],"picked":"Velvet Choker"}],"items_purged_floors":[12],"is_endless":false,"potions_floor_spawned":[1,11,14,16,22],"killed_by":"Book of Stabbing","ascension_level":19}