{"gold_per_floor":[114,39,50,50,125,150,150,150,150,150,165,165,200,214,214,286,286,286,286,25,25],"floor_reached":21,"playtime":896,"items_purged":[],"score":355,"play_id":"e87e77ee-0f83-41a9-b3fd-55bd27dd22e9","local_time":"20190305100047","is_ascension_mode":true,"campfire_choices":[{"data":"Zap","floor":7,"key":"SMITH"},{"data":"Dualcast","floor":12,"key":"SMITH"},{"data":"Go for the Eyes","floor":15,"key":"SMITH"}],"neow_cost":"NONE","seed_source_timestamp":832425823275200,"circlet_count":0,"master_deck":["AscendersBane","Strike_B","Strike_B","Strike_B","Strike_B","Defend_B","Defend_B","Defend_B","Defend_B","Zap+1","Dualcast+1","Scrape","Go for the Eyes+1","Defragment","Scrape","Ball Lightning","Buffer","Barrage+1","Machine Learning","Steam+1","Scrape+1","Self Repair"],"special_seed":0,"relics":["Cracked Core","Turnip","Omamori","Du-Vu Doll","Molten Egg 2","Ectoplasm","ClockworkSouvenir"],"potions_floor_usage":[16],"damage_taken":[{"damage":1.0,"enemies":"Cultist","floor":1.0,"turns":4.0},{"damage":0,"enemies":"Small Slimes","floor":3,"turns":2},{"damage":27,"enemies":"Lagavulin","floor":6,"turns":8},{"damage":2,"enemies":"2 Louse","floor":11,"turns":2},{"damage":5,"enemies":"Gremlin Nob","floor":13,"turns":3},{"damage":16,"enemies":"Lots of Slimes","floor":14,"turns":3},{"damage":25,"enemies":"Hexaghost","floor":16,"turns":6},{"damage":36,"enemies":"3 Byrds","floor":18,"turns":5},{"damage":0,"enemies":"Chosen","floor":19,"turns":4},{"damage":24,"enemies":"3 Cultists","floor":21,"turns":3}],"seed_played":"-2988461748180750375","potions_obtained":[{"floor":11,"key":"SteroidPotion"},{"floor":14,"key":"FearPotion"}],"is_trial":false,"path_per_floor":["M","$","M","?","?","E","R","?","T","?","M","R","E","M","R","B",null,"M","M","$","M"],"character_chosen":"DEFECT","items_purchased":["Defragment","Self Repair","ClockworkSouvenir"],"campfire_rested":0,"item_purchase_floors":[2,20,20],"current_hp_per_floor":[63,63,63,63,52,25,25,7,7,71,69,69,64,48,48,23,59,23,23,23,0],"gold":25,"neow_bonus":"THREE_CARDS","is_prod":false,"is_daily":false,"chose_seed":false,"campfire_upgraded":3,"win_rate":0,"timestamp":1551772847,"path_taken":["M","$","M","?","?","E","R","?","T","?","M","R","E","M","R","BOSS","M","?","$","M"],"build_version":"2019-01-23","purchased_purges":0,"victory":false,"max_hp_per_floor":[71,71,71,71,71,71,71,71,71,71,71,71,71,71,71,71,71,71,71,71,71],"card_choices":[{"not_picked":["Storm","Coolheaded"],"picked":"Scrape","floor":0.0},{"not_picked":["Coolheaded","Sweeping Beam"],"picked":"Go for the Eyes","floor":1.0},{"not_picked":["Stack","Tempest","Leap"],"picked":"SKIP","floor":3},{"not_picked":["Redo","Barrage"],"picked":"Scrape","floor":6},{"not_picked":["Leap","Rebound"],"picked":"Ball Lightning","floor":11},{"not_picked":["Chill","Ball Lightning"],"picked":"Buffer","floor":13},{"not_picked":["Rebound+1","Compile Driver+1"],"picked":"Barrage+1","floor":14},{"not_picked":["Meteor Strike+1","Rainbow"],"picked":"Machine Learning","floor":16},{"not_picked":["Aggregate","Melter+1"],"picked":"Steam+1","floor":18},{"not_picked":["Redo","Steam Power"],"picked":"Scrape+1","floor":19}],"player_experience":902712,"relics_obtained":[{"floor":6,"key":"Turnip"},{"floor":9,"key":"Du-Vu Doll"},{"floor":13,"key":"Molten Egg 2"}],"event_choices":[{"damage_healed":0,"gold_gain":0,"player_choice":"Leave","damage_taken":0,"max_hp_gain":0,"max_hp_loss":0,"event_name":"The Cleric","floor":4,"gold_loss":0},{"damage_healed":0,"gold_gain":75,"player_choice":"Gather Gold","damage_taken":11,"max_hp_gain":0,"max_hp_loss":0,"event_name":"World of Goop","floor":5,"gold_loss":0},{"damage_healed":0,"gold_gain":0,"player_choice":"Success","damage_taken":18,"relics_obtained":["Omamori"],"max_hp_gain":0,"max_hp_loss":0,"event_name":"Scrap Ooze","floor":8,"gold_loss":0},{"damage_healed":64,"gold_gain":0,"player_choice":"Full Heal","damage_taken":0,"max_hp_gain":0,"max_hp_loss":0,"event_name":"Wheel of Change","floor":10,"gold_loss":0}],"is_beta":false,"boss_relics":[{"not_picked":["Snecko Eye","FrozenCore"],"picked":"Ectoplasm"}],"items_purged_floors":[],"is_endless":false,"potions_floor_spawned":[11,14],"killed_by":"3 Cultists","ascension_level":18}