{"gold_per_floor":[114,114,127,127,145,145,183,183,183,183,201,214,250,273,273,368,368,383,273,96,119,119,119,153,174,174,197,218,218,218,251,251,345,345,366,386,511,0,13,13,13,36,106,29,29,0,0,15,15,15],"floor_reached":51,"playtime":3588,"items_purged":["Strike_G"],"score":1382,"play_id":"80683986-b095-45c4-aad1-45b04effdeb7","local_time":"20190318031427","is_ascension_mode":true,"campfire_choices":[{"data":"Dash","floor":6.0,"key":"SMITH"},{"data":"Neutralize","floor":8.0,"key":"SMITH"},{"floor":10.0,"key":"REST"},{"data":"Poisoned Stab","floor":15.0,"key":"SMITH"},{"data":"Well Laid Plans","floor":23.0,"key":"SMITH"},{"floor":32.0,"key":"REST"},{"floor":40,"key":"DIG"},{"floor":45,"key":"DIG"},{"floor":47,"key":"DIG"},{"floor":49,"key":"DIG"}],"neow_cost":"NONE","seed_source_timestamp":237978199677800,"circlet_count":0,"master_deck":["AscendersBane","Defend_G+1","Defend_G+1","Defend_G+1","Defend_G","Defend_G","Strike_G+1","Strike_G+1","Strike_G","Survivor","Neutralize+1","Dash+1","Poisoned Stab+1","Poisoned Stab+1","Dodge and Roll+1","Backflip+1","Burst+1","Backflip+1","Adrenaline+1","Concentrate+1","Well Laid Plans+1","Acrobatics+1","PiercingWail+1","Well Laid Plans","Noxious Fumes","Backflip+1","Bouncing Flask+1","Storm of Steel+1","Choke+1","Catalyst+1","Poisoned Stab+1","Flash of Steel","Footwork","Blade Dance+1","Leg Sweep+1","Backflip+1"],"special_seed":0,"relics":["Ring of the Snake","Golden Idol","Toxic Egg 2","Regal Pillow","Incense Burner","Sozu","Strawberry","Juzu Bracelet","Kunai","Bronze Scales","WristBlade","Shovel","Ginger","Peace Pipe","Oddly Smooth Stone","Pantograph","Bag of Preparation","Red Mask","Whetstone","War Paint"],"potions_floor_usage":[50,50],"damage_taken":[{"damage":10.0,"enemies":"Jaw Worm","floor":1.0,"turns":7.0},{"damage":2.0,"enemies":"2 Louse","floor":3.0,"turns":3.0},{"damage":3.0,"enemies":"Small Slimes","floor":5.0,"turns":3.0},{"damage":9.0,"enemies":"Gremlin Nob","floor":7.0,"turns":4.0},{"damage":8.0,"enemies":"Exordium Thugs","floor":11.0,"turns":7.0},{"damage":3.0,"enemies":"Lots of Slimes","floor":12.0,"turns":4.0},{"damage":24.0,"enemies":"3 Sentries","floor":13.0,"turns":9.0},{"damage":0.0,"enemies":"2 Fungi Beasts","floor":14.0,"turns":3.0},{"damage":10.0,"enemies":"The Guardian","floor":16.0,"turns":11.0},{"damage":0.0,"enemies":"2 Thieves","floor":18.0,"turns":4.0},{"damage":0.0,"enemies":"Spheric Guardian","floor":21.0,"turns":11.0},{"damage":3.0,"enemies":"Book of Stabbing","floor":24.0,"turns":7.0},{"damage":4.0,"enemies":"3 Cultists","floor":25.0,"turns":8.0},{"damage":23.0,"enemies":"Cultist and Chosen","floor":27.0,"turns":7.0},{"damage":0.0,"enemies":"Centurion and Healer","floor":28.0,"turns":6.0},{"damage":0.0,"enemies":"Colosseum Slavers","floor":29.0,"turns":5.0},{"damage":2.0,"enemies":"Slavers","floor":31.0,"turns":10.0},{"damage":1.0,"enemies":"Champ","floor":33.0,"turns":11.0},{"damage":1.0,"enemies":"Orb Walker","floor":35.0,"turns":2.0},{"damage":4,"enemies":"3 Darklings","floor":36,"turns":5},{"damage":0,"enemies":"Mind Bloom Boss Battle","floor":37,"turns":3},{"damage":12,"enemies":"Spire Growth","floor":39,"turns":4},{"damage":7,"enemies":"Transient","floor":48,"turns":6},{"damage":45,"enemies":"Time Eater","floor":50,"turns":12}],"seed_played":"-1147168770421894787","potions_obtained":[{"floor":1.0,"key":"Ancient Potion"},{"floor":5.0,"key":"Swift Potion"},{"floor":13.0,"key":"LiquidBronze"},{"floor":16.0,"key":"Weak Potion"}],"is_trial":false,"path_per_floor":["M","?","M","?","M","R","E","R","T","R","M","M","E","M","R","B",null,"M","?","$","M","?","R","E","M","T","M","M","?","T","E","R","B",null,"M","M","?","$","M","R","?","T","T","$","R","?","R","M","R","B",null],"character_chosen":"THE_SILENT","items_purchased":["Well Laid Plans","Acrobatics+1","Flash of Steel","Footwork","Ginger","Leg Sweep+1"],"campfire_rested":2,"item_purchase_floors":[20,20,38,38,38,44],"current_hp_per_floor":[55,55,53,33,30,30,21,21,21,55,47,44,20,20,20,10,51,51,51,51,51,51,51,55,51,51,28,28,28,28,26,62,61,69,68,64,64,64,52,52,52,52,52,52,52,52,52,45,45,23],"gold":15,"neow_bonus":"TEN_PERCENT_HP_BONUS","is_prod":false,"is_daily":false,"chose_seed":false,"campfire_upgraded":4,"win_rate":0,"timestamp":1552871667,"path_taken":["M","?","M","?","M","R","E","R","T","R","M","?","E","M","R","BOSS","M","?","?","?","?","R","E","M","T","M","M","?","?","E","R","BOSS","M","M","?","$","M","R","?","?","T","?","R","?","R","M","R","BOSS"],"build_version":"2019-01-23","purchased_purges":1,"victory":true,"max_hp_per_floor":[72,65,65,65,65,65,65,65,65,65,65,65,65,65,65,65,65,65,65,65,65,65,65,72,72,72,72,72,72,72,72,72,72,72,72,72,72,72,72,72,68,68,68,68,68,68,68,68,68,68],"card_choices":[{"not_picked":["Cloak And Dagger","Blade Dance"],"picked":"Dash","floor":1.0},{"not_picked":["Backflip","Outmaneuver"],"picked":"Poisoned Stab","floor":3.0},{"not_picked":["Deflect","Prepared"],"picked":"Poisoned Stab","floor":5.0},{"not_picked":["Underhanded Strike","Bane"],"picked":"Dodge and Roll","floor":7.0},{"not_picked":["Quick Slash","Expertise+1","Prepared+1"],"picked":"SKIP","floor":11.0},{"not_picked":["Storm of Steel+1","Deadly Poison+1"],"picked":"Backflip+1","floor":12.0},{"not_picked":["Slice","Blade Dance+1"],"picked":"Burst+1","floor":13.0},{"not_picked":["Blade Dance+1","Sucker Punch"],"picked":"Backflip+1","floor":14.0},{"not_picked":["Venomology+1","A Thousand Cuts"],"picked":"Adrenaline+1","floor":16.0},{"not_picked":["Blur+1","Tactician+1"],"picked":"Concentrate+1","floor":18.0},{"not_picked":["Accuracy","Skewer","Deflect+1"],"picked":"SKIP","floor":21.0},{"not_picked":["Sucker Punch","Underhanded Strike","Blade Dance+1"],"picked":"SKIP","floor":24.0},{"not_picked":["Slice","Bane"],"picked":"Well Laid Plans","floor":25.0},{"not_picked":["Caltrops","Expertise+1"],"picked":"Noxious Fumes","floor":27.0},{"not_picked":["Infinite Blades","Dagger Throw"],"picked":"Backflip+1","floor":28.0},{"not_picked":["Leg Sweep+1","After Image"],"picked":"Bouncing Flask+1","floor":31.0},{"not_picked":["Doppelganger+1","Wraith Form v2"],"picked":"Storm of Steel+1","floor":33.0},{"not_picked":["Infinite Blades","Bane"],"picked":"Choke","floor":35.0},{"not_picked":["Backflip+1","Underhanded Strike"],"picked":"Catalyst+1","floor":36},{"not_picked":["Dash","Skewer"],"picked":"Poisoned Stab+1","floor":37},{"not_picked":["Footwork","Quick Slash+1"],"picked":"Blade Dance+1","floor":39},{"not_picked":["All Out Attack+1","Acrobatics+1"],"picked":"Backflip+1","floor":48}],"player_experience":925613,"relics_obtained":[{"floor":7.0,"key":"Toxic Egg 2"},{"floor":9.0,"key":"Regal Pillow"},{"floor":13.0,"key":"Incense Burner"},{"floor":24.0,"key":"Strawberry"},{"floor":26.0,"key":"Juzu Bracelet"},{"floor":30.0,"key":"Kunai"},{"floor":31.0,"key":"Bronze Scales"},{"floor":37,"key":"Shovel"},{"floor":40,"key":"Peace Pipe"},{"floor":42,"key":"Oddly Smooth Stone"},{"floor":43,"key":"Pantograph"},{"floor":45,"key":"Bag of Preparation"},{"floor":47,"key":"Whetstone"},{"floor":49,"key":"War Paint"}],"event_choices":[{"damage_healed":0.0,"max_hp_gain":0.0,"max_hp_loss":7.0,"gold_gain":0.0,"event_name":"Golden Idol","player_choice":"Lose Max HP","floor":2.0,"gold_loss":0.0,"damage_taken":0.0,"relics_obtained":["Golden Idol"]},{"damage_healed":0.0,"max_hp_gain":0.0,"max_hp_loss":0.0,"gold_gain":0.0,"event_name":"Shining Light","player_choice":"Entered Light","floor":4.0,"gold_loss":0.0,"damage_taken":20.0,"cards_upgraded":["Poisoned Stab","Strike_G"]},{"cards_removed":["Strike_G"],"damage_healed":0.0,"max_hp_gain":0.0,"max_hp_loss":0.0,"gold_gain":0.0,"event_name":"Designer","player_choice":"Upgrade and Remove","floor":19.0,"gold_loss":110.0,"damage_taken":0.0,"cards_upgraded":["Defend_G"]},{"damage_healed":0.0,"max_hp_gain":0.0,"max_hp_loss":0.0,"gold_gain":0.0,"event_name":"The Library","player_choice":"Read","floor":22.0,"gold_loss":0.0,"damage_taken":0.0,"cards_obtained":["PiercingWail"]},{"damage_healed":0.0,"max_hp_gain":0.0,"max_hp_loss":0.0,"gold_gain":0.0,"event_name":"Colosseum","player_choice":"Fight","floor":29.0,"gold_loss":0.0,"damage_taken":0.0},{"damage_healed":0.0,"max_hp_gain":0.0,"max_hp_loss":0.0,"gold_gain":0.0,"event_name":"Colosseum","player_choice":"Fled From Nobs","floor":29.0,"gold_loss":0.0,"damage_taken":0.0},{"damage_healed":0,"gold_gain":0,"player_choice":"Fight","damage_taken":0,"max_hp_gain":0,"max_hp_loss":0,"event_name":"MindBloom","floor":37,"gold_loss":0},{"damage_healed":0,"gold_gain":0,"player_choice":"Max HP","damage_taken":0,"max_hp_gain":0,"max_hp_loss":4,"event_name":"Winding Halls","floor":41,"gold_loss":0},{"damage_healed":0,"gold_gain":0,"player_choice":"Paid","damage_taken":0,"relics_obtained":["Red Mask"],"max_hp_gain":0,"max_hp_loss":0,"event_name":"Tomb of Lord Red Mask","floor":46,"gold_loss":29}],"is_beta":false,"boss_relics":[{"not_picked":["Busted Crown","Philosopher\u0027s Stone"],"picked":"Sozu"},{"not_picked":["Empty Cage","Calling Bell"],"picked":"WristBlade"}],"items_purged_floors":[20],"is_endless":false,"potions_floor_spawned":[1,5,13,16,21,25,31,33,35,37,48],"ascension_level":19}