{"gold_per_floor":[116,116,116,129,149,149,164,164,164,177,177,177,22,22,22,143,143,167,167,266,285,309,309,309,330,379,379,359,359,359,375,375,476,476,492,508,105,105,105,105,55,55,55,69,86,86,103,151,151,151],"floor_reached":51,"playtime":2227,"items_purged":["Injury","Injury"],"score":760,"play_id":"7fe7cc3b-86c4-4d12-9e42-d0892a75024f","local_time":"20190201194123","daily_mods":["SealedDeck","Heirloom"],"is_ascension_mode":false,"campfire_choices":[{"data":"Consume","floor":6.0,"key":"SMITH"},{"data":"Capacitor","floor":11.0,"key":"SMITH"},{"data":"Loop","floor":15.0,"key":"SMITH"},{"data":"Biased Cognition","floor":23.0,"key":"SMITH"},{"floor":24.0,"key":"DIG"},{"floor":29.0,"key":"DIG"},{"floor":30.0,"key":"DIG"},{"floor":32.0,"key":"DIG"},{"floor":40,"key":"DIG"},{"floor":42,"key":"DIG"},{"floor":46,"key":"DIG"},{"floor":49,"key":"DIG"}],"neow_cost":"","seed_source_timestamp":200500185977652,"circlet_count":0,"master_deck":["Go for the Eyes","Blizzard+1","Cold Snap","Conserve Battery","Coolheaded","Cold Snap","Coolheaded+1","Coolheaded","Conserve Battery","Capacitor+1","Loop+1","Consume+1","Loop+1","Biased Cognition+1","Echo Form","Chill+1","Hologram+1","Coolheaded+1","Amplify","Coolheaded","Cold Snap+1","Self Repair","Madness","Madness","Core Surge+1","Blizzard+1"],"special_seed":0,"relics":["Cracked Core","Shovel","Bloody Idol","Ornamental Fan","Darkstone Periapt","Calling Bell","Regal Pillow","Blue Candle","WingedGreaves","Smiling Mask","Anchor","PreservedInsect","Symbiotic Virus","Molten Egg 2","Sozu","Mummified Hand","Kunai","Pear","Orichalcum","Pen Nib","Thread and Needle","Cables"],"potions_floor_usage":[50,50],"damage_taken":[{"damage":0.0,"enemies":"2 Louse","floor":1.0,"turns":3.0},{"damage":0.0,"enemies":"Jaw Worm","floor":4.0,"turns":3.0},{"damage":0.0,"enemies":"Small Slimes","floor":5.0,"turns":4.0},{"damage":4.0,"enemies":"Red Slaver","floor":7.0,"turns":3.0},{"damage":0.0,"enemies":"Large Slime","floor":10.0,"turns":7.0},{"damage":18.0,"enemies":"Hexaghost","floor":16.0,"turns":9.0},{"damage":26.0,"enemies":"3 Byrds","floor":18.0,"turns":5.0},{"damage":2.0,"enemies":"Chosen","floor":21.0,"turns":9.0},{"damage":0.0,"enemies":"Snecko","floor":22.0,"turns":7.0},{"damage":11.0,"enemies":"Cultist and Chosen","floor":25.0,"turns":10.0},{"damage":9.0,"enemies":"Snake Plant","floor":31.0,"turns":8.0},{"damage":5.0,"enemies":"Champ","floor":33.0,"turns":14.0},{"damage":0,"enemies":"3 Darklings","floor":35,"turns":6},{"damage":9,"enemies":"3 Shapes","floor":36,"turns":5},{"damage":0,"enemies":"Jaw Worm Horde","floor":44,"turns":5},{"damage":5,"enemies":"Sphere and 2 Shapes","floor":45,"turns":5},{"damage":1,"enemies":"Spire Growth","floor":47,"turns":7},{"damage":0,"enemies":"2 Orb Walkers","floor":48,"turns":6},{"damage":0,"enemies":"Awakened One","floor":50,"turns":11}],"seed_played":"330701125990816082","potions_obtained":[{"floor":4.0,"key":"SteroidPotion"},{"floor":7.0,"key":"Weak Potion"},{"floor":22.0,"key":"SteroidPotion"},{"floor":28.0,"key":"SpeedPotion"}],"is_trial":true,"path_per_floor":["M","$","?","M","M","R","M","?","T","M","R","?","$","?","R","B",null,"M","?","?","M","M","R","R","M","T","?","?","R","R","M","R","B",null,"M","M","$","?","?","R","$","R","T","M","M","R","M","?","R","B",null],"character_chosen":"DEFECT","items_purchased":["Biased Cognition","Cold Snap+1","Mummified Hand","Self Repair"],"campfire_rested":0,"item_purchase_floors":[13,37,37,37],"current_hp_per_floor":[75,75,60,60,60,60,56,38,38,38,38,38,38,38,38,20,93,67,67,67,65,65,65,65,54,54,54,54,54,54,50,50,50,93,93,89,89,77,77,77,77,87,87,103,103,103,103,103,103,103],"gold":151,"neow_bonus":"","is_prod":false,"is_daily":false,"chose_seed":false,"campfire_upgraded":4,"win_rate":0,"timestamp":1549017683,"path_taken":["M","$","?","M","M","R","M","?","T","M","R","?","$","?","R","BOSS","M","?","?","M","M","R","R","M","T","?","?","R","R","?","R","BOSS","M","M","$","?","?","R","$","R","T","M","M","R","M","?","R","BOSS"],"build_version":"2019-01-23","purchased_purges":2,"victory":true,"max_hp_per_floor":[75,75,75,75,75,75,75,75,75,75,75,75,75,75,75,75,93,93,93,93,93,93,93,93,93,93,93,93,93,93,93,93,93,93,93,93,93,93,93,93,93,103,103,103,103,103,103,103,103,103],"card_choices":[{"not_picked":["Hologram","Cold Snap"],"picked":"Loop","floor":1.0},{"not_picked":["Steam","Lockon"],"picked":"Consume","floor":4.0},{"not_picked":["Heatsinks","Turbo"],"picked":"Loop","floor":5.0},{"not_picked":["Gash","Leap","Recycle"],"picked":"SKIP","floor":7.0},{"not_picked":["Steam Power","Redo","Rebound"],"picked":"SKIP","floor":10.0},{"not_picked":["Multi-Cast","Meteor Strike"],"picked":"Echo Form","floor":16.0},{"not_picked":["Ball Lightning","Beam Cell"],"picked":"Chill+1","floor":18.0},{"not_picked":["Tempest","Rebound+1","Go for the Eyes"],"picked":"SKIP","floor":21.0},{"not_picked":["Ball Lightning","Turbo","Beam Cell"],"picked":"SKIP","floor":22.0},{"not_picked":["Compile Driver","Redo"],"picked":"Hologram+1","floor":25.0},{"not_picked":["Stack","Reprogram"],"picked":"Coolheaded+1","floor":31.0},{"not_picked":["Electrodynamics","Multi-Cast"],"picked":"Amplify","floor":33.0},{"not_picked":["Beam Cell+1","Sweeping Beam+1"],"picked":"Cold Snap+1","floor":35},{"not_picked":["Storm+1","Hello World"],"picked":"Coolheaded","floor":36},{"not_picked":["Beam Cell+1","Rebound+1"],"picked":"Core Surge+1","floor":44},{"not_picked":["Sunder+1","Sweeping Beam+1","Compile Driver+1"],"picked":"SKIP","floor":45},{"not_picked":["Self Repair+1","Gash+1"],"picked":"Blizzard+1","floor":47}],"player_experience":874719,"relics_obtained":[{"floor":9.0,"key":"Ornamental Fan"},{"floor":17.0,"key":"Regal Pillow"},{"floor":17.0,"key":"Blue Candle"},{"floor":17.0,"key":"WingedGreaves"},{"floor":24.0,"key":"Smiling Mask"},{"floor":26.0,"key":"Anchor"},{"floor":29.0,"key":"PreservedInsect"},{"floor":30.0,"key":"Symbiotic Virus"},{"floor":32.0,"key":"Molten Egg 2"},{"floor":40,"key":"Kunai"},{"floor":42,"key":"Pear"},{"floor":43,"key":"Orichalcum"},{"floor":46,"key":"Pen Nib"},{"floor":48,"key":"Thread and Needle"},{"floor":49,"key":"Cables"}],"event_choices":[{"damage_healed":0.0,"max_hp_gain":0.0,"max_hp_loss":0.0,"gold_gain":0.0,"event_name":"Shining Light","player_choice":"Entered Light","floor":3.0,"gold_loss":0.0,"damage_taken":15.0,"cards_upgraded":["Blizzard","Coolheaded"]},{"damage_healed":0.0,"max_hp_gain":0.0,"max_hp_loss":0.0,"gold_gain":0.0,"event_name":"Golden Idol","player_choice":"Take Damage","floor":8.0,"gold_loss":0.0,"damage_taken":18.0,"relics_obtained":["Golden Idol"]},{"damage_healed":0.0,"max_hp_gain":0.0,"max_hp_loss":0.0,"gold_gain":0.0,"event_name":"Dead Adventurer","player_choice":"Searched \u00271\u0027 times","floor":12.0,"gold_loss":0.0,"damage_taken":0.0,"relics_obtained":["Darkstone Periapt"]},{"damage_healed":0.0,"max_hp_gain":0.0,"max_hp_loss":0.0,"gold_gain":0.0,"event_name":"Living Wall","player_choice":"Grow","floor":14.0,"gold_loss":0.0,"damage_taken":0.0,"cards_upgraded":["Loop"]},{"cards_removed":["Normality"],"damage_healed":0.0,"max_hp_gain":0.0,"max_hp_loss":0.0,"gold_gain":0.0,"event_name":"Back to Basics","player_choice":"Elegance","floor":19.0,"gold_loss":0.0,"damage_taken":0.0},{"damage_healed":0.0,"max_hp_gain":0.0,"max_hp_loss":0.0,"gold_gain":99.0,"event_name":"Nest","player_choice":"Stole From Cult","floor":20.0,"gold_loss":0.0,"damage_taken":0.0},{"damage_healed":0.0,"max_hp_gain":0.0,"max_hp_loss":0.0,"gold_gain":0.0,"event_name":"Forgotten Altar","player_choice":"Gave Idol","floor":27.0,"relics_lost":["Golden Idol"],"gold_loss":0.0,"damage_taken":0.0,"relics_obtained":["Bloody Idol"]},{"damage_healed":0.0,"max_hp_gain":0.0,"max_hp_loss":0.0,"gold_gain":0.0,"event_name":"The Woman in Blue","player_choice":"Bought 1 Potion","floor":28.0,"gold_loss":0.0,"damage_taken":0.0},{"damage_healed":0,"gold_gain":0,"player_choice":"Embrace Madness","damage_taken":12,"max_hp_gain":0,"max_hp_loss":0,"event_name":"Winding Halls","floor":38,"gold_loss":0,"cards_obtained":["Madness","Madness"]},{"cards_removed":["Cold Snap"],"damage_healed":0,"gold_gain":0,"player_choice":"Removed Attack","damage_taken":0,"max_hp_gain":0,"max_hp_loss":0,"event_name":"Falling","floor":39,"gold_loss":0},{"damage_healed":0,"gold_gain":0,"player_choice":"Fight","damage_taken":0,"max_hp_gain":0,"max_hp_loss":0,"event_name":"Mysterious Sphere","floor":48,"gold_loss":0}],"is_beta":false,"boss_relics":[{"not_picked":["Cursed Key","Eternal Feather"],"picked":"Calling Bell"},{"not_picked":["Empty Cage","White Beast Statue"],"picked":"Sozu"}],"items_purged_floors":[37,41],"is_endless":false,"potions_floor_spawned":[4,7,22,25,31,36],"ascension_level":0}