{"gold_per_floor":[10,10,25,35,54,54,81,101,175,175,16,16,16,33,33,112,112,126,138,188,188,203,203,217,217,293,293,321,321,321,331,331,331],"floor_reached":33,"playtime":1193,"items_purged":["Strike_R"],"score":559,"play_id":"fac94217-a8ff-4c0d-82da-8be2982c01e2","local_time":"20190524015445","is_ascension_mode":true,"campfire_choices":[{"data":"Bash","floor":6,"key":"SMITH"},{"floor":10,"key":"REST"},{"data":"1","floor":12,"key":"LIFT"},{"floor":15,"key":"REST"},{"floor":23,"key":"REST"},{"floor":25,"key":"REST"},{"floor":29,"key":"REST"},{"floor":32,"key":"REST"}],"neow_cost":"NO_GOLD","seed_source_timestamp":148369331716100,"circlet_count":0,"master_deck":["AscendersBane","Strike_R","Strike_R","Defend_R","Defend_R","Defend_R","Defend_R","Bash+1","Anger","Cleave","Shrug It Off","Demon Form","Twin Strike","Feel No Pain","Armaments","Impervious","Corruption","Decay","Thunderclap+1","Reckless Charge","Disarm","Sword Boomerang","Anger+1"],"special_seed":0,"relics":["Burning Blood","Girya","Darkstone Periapt","Torii","Velvet Choker","Tiny Chest","Pen Nib"],"potions_floor_usage":[28],"damage_taken":[{"damage":7.0,"enemies":"Cultist","floor":1.0,"turns":4.0},{"damage":24.0,"enemies":"Jaw Worm","floor":3.0,"turns":4.0},{"damage":3.0,"enemies":"2 Louse","floor":4.0,"turns":3.0},{"damage":11,"enemies":"Looter","floor":5,"turns":4},{"damage":28,"enemies":"Gremlin Nob","floor":7,"turns":4},{"damage":22,"enemies":"Large Slime","floor":8,"turns":5},{"damage":13,"enemies":"Blue Slaver","floor":14,"turns":4},{"damage":39,"enemies":"Slime Boss","floor":16,"turns":9},{"damage":38,"enemies":"2 Thieves","floor":18,"turns":5},{"damage":13,"enemies":"Spheric Guardian","floor":19,"turns":5},{"damage":27,"enemies":"Centurion and Healer","floor":22,"turns":8},{"damage":22,"enemies":"Snecko","floor":24,"turns":6},{"damage":60,"enemies":"Slavers","floor":28,"turns":7},{"damage":32,"enemies":"Cultist and Chosen","floor":31,"turns":7},{"damage":43,"enemies":"Automaton","floor":33,"turns":4}],"seed_played":"4117010921418367833","potions_obtained":[{"floor":4.0,"key":"SteroidPotion"},{"floor":5,"key":"Energy Potion"},{"floor":18,"key":"Dexterity Potion"},{"floor":24,"key":"BloodPotion"}],"is_trial":false,"path_per_floor":["M","$","M","M","M","R","E","M","T","R","$","R","?","M","R","B",null,"M","M","?","?","M","R","M","R","T","?","E","R","T","M","R","B"],"character_chosen":"IRONCLAD","items_purchased":["Feel No Pain"],"campfire_rested":6,"item_purchase_floors":[11],"current_hp_per_floor":[81,81,63,66,61,61,39,23,23,49,49,49,31,24,50,17,71,39,32,32,38,17,45,29,57,57,57,12,40,40,14,42,0],"gold":331,"neow_bonus":"TWENTY_PERCENT_HP_BONUS","is_prod":false,"is_daily":false,"chose_seed":false,"campfire_upgraded":1,"win_rate":0,"timestamp":1558652085,"path_taken":["M","?","M","M","M","R","E","M","T","R","$","R","?","M","R","BOSS","M","M","?","?","M","R","M","R","T","?","E","R","?","M","R","BOSS"],"build_version":"2019-01-23","purchased_purges":1,"victory":false,"max_hp_per_floor":[89,89,89,89,89,89,89,89,89,89,89,89,89,89,89,89,89,89,89,89,95,95,95,95,95,95,95,95,95,95,95,95,95],"card_choices":[{"not_picked":["Havoc","Flex","Seeing Red"],"picked":"SKIP","floor":1.0},{"not_picked":["Wild Strike","Headbutt"],"picked":"Anger","floor":3.0},{"not_picked":["Flex","Dual Wield"],"picked":"Cleave","floor":4.0},{"not_picked":["Evolve","Body Slam"],"picked":"Shrug It Off","floor":5},{"not_picked":["Flame Barrier","Infernal Blade"],"picked":"Demon Form","floor":7},{"not_picked":["Iron Wave","Perfected Strike"],"picked":"Twin Strike","floor":8},{"not_picked":["Havoc","Perfected Strike"],"picked":"Armaments","floor":14},{"not_picked":["Berserk","Brutality"],"picked":"Impervious","floor":16},{"not_picked":["Inflame","Thunderclap"],"picked":"Corruption","floor":18},{"not_picked":["Rage","Iron Wave","Cleave"],"picked":"SKIP","floor":19},{"not_picked":["Clash","Havoc","Evolve"],"picked":"SKIP","floor":22},{"not_picked":["Clothesline","Dark Embrace"],"picked":"Thunderclap+1","floor":24},{"not_picked":["Body Slam","Evolve"],"picked":"Sword Boomerang","floor":28},{"not_picked":["Armaments","Clash"],"picked":"Anger+1","floor":31}],"player_experience":1030748,"relics_obtained":[{"floor":7,"key":"Girya"},{"floor":9,"key":"Darkstone Periapt"},{"floor":26,"key":"Tiny Chest"},{"floor":28,"key":"Pen Nib"}],"event_choices":[{"damage_healed":0,"gold_gain":0,"player_choice":"Success","damage_taken":18,"relics_obtained":["Torii"],"max_hp_gain":0,"max_hp_loss":0,"event_name":"Scrap Ooze","floor":13,"gold_loss":0},{"damage_healed":0,"gold_gain":50,"player_choice":"Stole From Cult","damage_taken":0,"max_hp_gain":0,"max_hp_loss":0,"event_name":"Nest","floor":20,"gold_loss":0},{"damage_healed":0,"gold_gain":0,"player_choice":"Smashed Altar","damage_taken":0,"max_hp_gain":0,"max_hp_loss":0,"event_name":"Forgotten Altar","floor":21,"gold_loss":0,"cards_obtained":["Decay"]},{"damage_healed":0,"gold_gain":0,"cards_transformed":["Strike_R","Strike_R"],"player_choice":"Became Test Subject","damage_taken":0,"max_hp_gain":0,"max_hp_loss":0,"event_name":"Drug Dealer","floor":27,"gold_loss":0,"cards_obtained":["Reckless Charge","Disarm"]}],"is_beta":false,"boss_relics":[{"not_picked":["Pandora\u0027s Box","White Beast Statue"],"picked":"Velvet Choker"}],"items_purged_floors":[11],"is_endless":false,"potions_floor_spawned":[4,5,14,18,22,24],"killed_by":"Automaton","ascension_level":20}