{"gold_per_floor":[111,121,271,288,27,82,82,101,124,199,199,230,230,255,255,326,326,339,339,95,109,129,159,171,216,251,263,275,301,324,369,381,470,482,507,43,43,56,56,88,88,123,123,155,155,165,165,17,17,17],"floor_reached":51,"playtime":3229,"items_purged":["Doubt","Strike_B","Strike_B"],"score":1536,"play_id":"f17b1176-6a68-4132-ab6e-70cc077cb72e","local_time":"20190322010039","is_ascension_mode":true,"campfire_choices":[{"data":"Go for the Eyes","floor":7.0,"key":"SMITH"},{"floor":11.0,"key":"REST"},{"floor":15.0,"key":"REST"},{"data":"Zap","floor":24.0,"key":"SMITH"},{"floor":27.0,"key":"REST"},{"floor":32.0,"key":"REST"},{"floor":45.0,"key":"REST"},{"floor":47.0,"key":"REST"},{"data":"Apotheosis","floor":49.0,"key":"SMITH"}],"neow_cost":"NONE","seed_source_timestamp":0,"circlet_count":0,"master_deck":["AscendersBane","Defend_B","Defend_B","Defend_B","Defend_B","Zap+1","Dualcast","Ball Lightning","Ball Lightning","Echo Form","Cold Snap","Go for the Eyes+1","Conserve Battery","Thunder Strike","Genetic Algorithm","Defragment","Self Repair","Electrodynamics","Tempest","Steam","Apotheosis+1","Cold Snap","Defragment","Good Instincts","Blind","Genetic Algorithm+1","Redo","Echo Form","Coolheaded","Capacitor","Static Discharge","Defragment","Cold Snap+1"],"special_seed":0,"relics":["Cracked Core","Orichalcum","Tiny Chest","DataDisk","Bronze Scales","Regal Pillow","Runic Pyramid","PreservedInsect","MawBank","Boot","Smiling Mask","Gremlin Horn","Strawberry","Black Star","Art of War","Pear","Lantern","Kunai","Centennial Puzzle","Molten Egg 2","Juzu Bracelet","Dream Catcher"],"potions_floor_usage":[],"damage_taken":[{"damage":1.0,"enemies":"2 Louse","floor":1.0,"turns":3.0},{"damage":0.0,"enemies":"Small Slimes","floor":2.0,"turns":2.0},{"damage":1.0,"enemies":"Cultist","floor":4.0,"turns":3.0},{"damage":10.0,"enemies":"Lagavulin","floor":6.0,"turns":5.0},{"damage":40.0,"enemies":"Exordium Thugs","floor":8.0,"turns":4.0},{"damage":15.0,"enemies":"Gremlin Nob","floor":12.0,"turns":4.0},{"damage":12.0,"enemies":"Slime Boss","floor":16.0,"turns":7.0},{"damage":1.0,"enemies":"Spheric Guardian","floor":18.0,"turns":3.0},{"damage":0.0,"enemies":"3 Byrds","floor":21.0,"turns":2.0},{"damage":18.0,"enemies":"Centurion and Healer","floor":22.0,"turns":7.0},{"damage":33.0,"enemies":"Gremlin Leader","floor":23.0,"turns":6.0},{"damage":28.0,"enemies":"Book of Stabbing","floor":25.0,"turns":4.0},{"damage":0.0,"enemies":"Snake Plant","floor":29.0,"turns":3.0},{"damage":29.0,"enemies":"Shelled Parasite and Fungi","floor":30.0,"turns":6.0},{"damage":28.0,"enemies":"Slavers","floor":31.0,"turns":2.0},{"damage":9.0,"enemies":"Champ","floor":33.0,"turns":12.0},{"damage":56.0,"enemies":"3 Darklings","floor":35.0,"turns":5.0},{"damage":21.0,"enemies":"3 Shapes","floor":38.0,"turns":6.0},{"damage":35.0,"enemies":"Giant Head","floor":40.0,"turns":10.0},{"damage":6.0,"enemies":"Nemesis","floor":42.0,"turns":7.0},{"damage":27.0,"enemies":"Reptomancer","floor":44.0,"turns":6.0},{"damage":44.0,"enemies":"3 Darklings","floor":46.0,"turns":7.0},{"damage":59,"enemies":"Donu and Deca","floor":50,"turns":10}],"seed_played":"-2346091748161886263","potions_obtained":[{"floor":8.0,"key":"AttackPotion"},{"floor":12.0,"key":"SkillPotion"},{"floor":16.0,"key":"Explosive Potion"},{"floor":19.0,"key":"PowerPotion"},{"floor":21.0,"key":"AttackPotion"},{"floor":23.0,"key":"SpeedPotion"},{"floor":30.0,"key":"Ancient Potion"},{"floor":31.0,"key":"Dexterity Potion"},{"floor":40.0,"key":"Strength Potion"},{"floor":42.0,"key":"Weak Potion"}],"is_trial":false,"path_per_floor":["M","M","?","M","$","E","R","M","T","?","R","E","?","T","R","B",null,"M","?","$","M","M","E","R","E","T","R","T","M","M","E","R","B",null,"M","$","?","M","?","E","?","E","T","E","R","M","R","$","R","B",null],"character_chosen":"DEFECT","items_purchased":["Orichalcum","Cold Snap","Defragment","PreservedInsect","Apotheosis","Cold Snap","Defragment","Good Instincts","Defragment","Cold Snap+1"],"campfire_rested":6,"item_purchase_floors":[5,5,20,20,36,36,36,36,48,48],"current_hp_per_floor":[70,70,70,69,69,59,59,19,19,8,31,16,16,16,54,42,69,68,68,68,68,50,31,31,10,10,48,48,48,33,19,59,64,80,38,38,38,37,37,32,32,46,46,39,82,58,95,95,95,46],"gold":17,"neow_bonus":"TEN_PERCENT_HP_BONUS","is_prod":false,"is_daily":false,"chose_seed":false,"campfire_upgraded":3,"win_rate":0,"timestamp":1553209239,"path_taken":["M","M","?","M","$","E","R","M","T","?","R","E","?","?","R","BOSS","M","?","$","?","M","E","R","E","T","R","?","?","?","E","R","BOSS","M","$","?","?","?","E","?","E","T","E","R","M","R","?","R","BOSS"],"build_version":"2019-01-23","purchased_purges":3,"victory":true,"max_hp_per_floor":[78,78,78,78,78,78,78,78,78,78,78,78,78,78,78,78,78,78,78,78,78,78,78,78,78,78,78,78,78,78,85,85,85,85,85,85,85,85,85,95,95,95,95,95,95,95,95,95,95,95],"card_choices":[{"not_picked":["Leap","Coolheaded"],"picked":"Ball Lightning","floor":1.0},{"not_picked":["Hello World","Conserve Battery"],"picked":"Ball Lightning","floor":2.0},{"not_picked":["Tempest","Steam Power"],"picked":"Echo Form","floor":4.0},{"not_picked":["Gash","Sweeping Beam"],"picked":"Go for the Eyes","floor":6.0},{"not_picked":["Static Discharge","Gash"],"picked":"Conserve Battery","floor":8.0},{"not_picked":["Go for the Eyes","Reinforced Body","Scrape"],"picked":"SKIP","floor":12.0},{"not_picked":["Hyperbeam","Machine Learning"],"picked":"Thunder Strike","floor":16.0},{"not_picked":["Steam+1","Rebound"],"picked":"Genetic Algorithm","floor":18.0},{"not_picked":["Go for the Eyes","Rebound","Lockon+1"],"picked":"SKIP","floor":21.0},{"not_picked":["Streamline","Chaos"],"picked":"Self Repair","floor":22.0},{"not_picked":["Stack","Static Discharge"],"picked":"Electrodynamics","floor":23.0},{"not_picked":["BootSequence","Go for the Eyes"],"picked":"Tempest","floor":25.0},{"not_picked":["Hologram","Hello World","Reprogram"],"picked":"SKIP","floor":29.0},{"not_picked":["Hologram","Go for the Eyes+1","Sweeping Beam"],"picked":"SKIP","floor":30.0},{"not_picked":["BootSequence+1","Stack","Beam Cell+1"],"picked":"SKIP","floor":31.0},{"not_picked":["Scrape","Blizzard"],"picked":"Steam","floor":35.0},{"not_picked":["Lockon+1","Steam+1","Streamline+1"],"picked":"SKIP","floor":38.0},{"not_picked":["Bandage Up","Purity"],"picked":"Blind","floor":39.0},{"not_picked":["Turbo","Go for the Eyes"],"picked":"Genetic Algorithm+1","floor":40.0},{"not_picked":["Stack+1","Gash"],"picked":"Redo","floor":42.0},{"not_picked":["Beam Cell+1","Ball Lightning+1"],"picked":"Echo Form","floor":44.0},{"not_picked":["BootSequence","Barrage+1"],"picked":"Coolheaded","floor":45.0},{"not_picked":["Gash+1","Steam"],"picked":"Capacitor","floor":46.0},{"not_picked":["FTL+1","Gash+1"],"picked":"Static Discharge","floor":47.0}],"player_experience":934651,"relics_obtained":[{"floor":6.0,"key":"Tiny Chest"},{"floor":9.0,"key":"DataDisk"},{"floor":12.0,"key":"Bronze Scales"},{"floor":14.0,"key":"Regal Pillow"},{"floor":23.0,"key":"MawBank"},{"floor":25.0,"key":"Boot"},{"floor":26.0,"key":"Smiling Mask"},{"floor":28.0,"key":"Gremlin Horn"},{"floor":31.0,"key":"Strawberry"},{"floor":40.0,"key":"Pear"},{"floor":40.0,"key":"Lantern"},{"floor":42.0,"key":"Kunai"},{"floor":42.0,"key":"Centennial Puzzle"},{"floor":43.0,"key":"Molten Egg 2"},{"floor":44.0,"key":"Juzu Bracelet"},{"floor":44.0,"key":"Dream Catcher"}],"event_choices":[{"damage_healed":0.0,"max_hp_gain":0.0,"max_hp_loss":0.0,"gold_gain":150.0,"event_name":"Liars Game","player_choice":"AGREE","floor":3.0,"gold_loss":0.0,"damage_taken":0.0,"cards_obtained":["Doubt"]},{"damage_healed":0.0,"max_hp_gain":0.0,"max_hp_loss":0.0,"gold_gain":75.0,"event_name":"World of Goop","player_choice":"Gather Gold","floor":10.0,"gold_loss":0.0,"damage_taken":11.0},{"cards_removed":["Strike_B"],"damage_healed":0.0,"max_hp_gain":0.0,"max_hp_loss":0.0,"gold_gain":0.0,"event_name":"Living Wall","player_choice":"Forget","floor":13.0,"gold_loss":0.0,"damage_taken":0.0},{"damage_healed":0.0,"max_hp_gain":0.0,"max_hp_loss":0.0,"gold_gain":0.0,"event_name":"Lab","player_choice":"Got Potions","floor":19.0,"gold_loss":0.0,"damage_taken":0.0},{"damage_healed":0.0,"max_hp_gain":0.0,"max_hp_loss":0.0,"gold_gain":0.0,"event_name":"WeMeetAgain","player_choice":"Gave Potion","floor":37.0,"gold_loss":0.0,"damage_taken":0.0,"relics_obtained":["Art of War"]},{"damage_healed":0.0,"max_hp_gain":0.0,"max_hp_loss":0.0,"gold_gain":0.0,"event_name":"SensoryStone","player_choice":"Memory 1","floor":39.0,"gold_loss":0.0,"damage_taken":0.0},{"cards_removed":["Strike_B"],"damage_healed":0.0,"max_hp_gain":0.0,"max_hp_loss":0.0,"gold_gain":0.0,"event_name":"Falling","player_choice":"Removed Attack","floor":41.0,"gold_loss":0.0,"damage_taken":0.0}],"is_beta":false,"boss_relics":[{"not_picked":["Tiny House","Empty Cage"],"picked":"Runic Pyramid"},{"not_picked":["Calling Bell","Eternal Feather"],"picked":"Black Star"}],"items_purged_floors":[5,36,48],"is_endless":false,"potions_floor_spawned":[8,12,16,21,23,30,31,40,42,46],"ascension_level":19}