{"gold_per_floor":[114,189,205,225,225,225,205,236,236,250,270,270],"floor_reached":12,"playtime":598,"items_purged":[],"score":160,"play_id":"501ef1b2-a583-4441-ac19-a1c0176d9308","local_time":"20190523224000","is_ascension_mode":true,"campfire_choices":[{"data":"Bash","floor":6,"key":"SMITH"}],"neow_cost":"NONE","seed_source_timestamp":137296857113600,"circlet_count":0,"master_deck":["AscendersBane","Strike_R","Strike_R","Strike_R","Strike_R","Strike_R","Defend_R","Defend_R","Defend_R","Defend_R","Bash+1","Metallicize","True Grit","Headbutt"],"relics":["Burning Blood","Bottled Tornado","Kunai"],"potions_floor_usage":[8,12,12,12,12],"damage_taken":[{"damage":2,"enemies":"Cultist","floor":1,"turns":4},{"damage":6,"enemies":"2 Louse","floor":3,"turns":4},{"damage":5,"enemies":"Small Slimes","floor":4,"turns":4},{"damage":26,"enemies":"Gremlin Nob","floor":8,"turns":4},{"damage":7,"enemies":"Looter","floor":10,"turns":5},{"damage":21,"enemies":"Lots of Slimes","floor":11,"turns":6},{"damage":44,"enemies":"3 Sentries","floor":12,"turns":16}],"seed_played":"-5003085799642972183","potions_obtained":[{"floor":1,"key":"Poison Potion"},{"floor":7,"key":"EntropicBrew"},{"floor":8,"key":"SpeedPotion"}],"is_trial":false,"path_per_floor":["M","?","M","M","?","R","?","E","T","M","M","E"],"character_chosen":"IRONCLAD","items_purchased":[],"campfire_rested":0,"item_purchase_floors":[],"current_hp_per_floor":[79,68,68,69,74,74,74,54,54,53,38,0],"gold":270,"neow_bonus":"TEN_PERCENT_HP_BONUS","is_prod":false,"is_daily":false,"chose_seed":false,"campfire_upgraded":1,"win_rate":0,"timestamp":1558640400,"path_taken":["M","?","M","M","?","R","?","E","T","M","M","E"],"build_version":"2019-01-23","purchased_purges":0,"victory":false,"max_hp_per_floor":[82,82,82,82,87,87,87,87,87,87,87,87],"card_choices":[{"not_picked":["Rupture","Thunderclap"],"picked":"Metallicize","floor":1},{"not_picked":["Cleave","Rupture"],"picked":"True Grit","floor":3},{"not_picked":["Clash","Shrug It Off"],"picked":"Headbutt","floor":4},{"not_picked":["Pommel Strike","Searing Blow","Cleave"],"picked":"SKIP","floor":8},{"not_picked":["Twin Strike","Havoc","Warcry"],"picked":"SKIP","floor":10},{"not_picked":["Heavy Blade","Twin Strike","Power Through"],"picked":"SKIP","floor":11}],"player_experience":1028334,"relics_obtained":[{"floor":8,"key":"Bottled Tornado"},{"floor":9,"key":"Kunai"}],"event_choices":[{"damage_healed":0,"gold_gain":75,"player_choice":"Gather Gold","damage_taken":11,"max_hp_gain":0,"max_hp_loss":0,"event_name":"World of Goop","floor":2,"gold_loss":0},{"damage_healed":0,"gold_gain":0,"player_choice":"Donut","damage_taken":0,"max_hp_gain":5,"max_hp_loss":0,"event_name":"Big Fish","floor":5,"gold_loss":0},{"damage_healed":0,"gold_gain":0,"player_choice":"Bought 1 Potion","damage_taken":0,"max_hp_gain":0,"max_hp_loss":0,"event_name":"The Woman in Blue","floor":7,"gold_loss":0}],"is_beta":false,"boss_relics":[],"items_purged_floors":[],"is_endless":false,"potions_floor_spawned":[1,8],"killed_by":"3 Sentries","ascension_level":20}