{"gold_per_floor":[117,133,3,23,23,52,52,68,93,17,46,62,62,94,94,94],"floor_reached":16,"playtime":839,"items_purged":["Normality","Strike_R"],"score":240,"play_id":"a44bcbae-c84a-4002-8d5f-30befdc392bd","local_time":"20190513181513","is_ascension_mode":true,"campfire_choices":[{"floor":7.0,"key":"REST"},{"data":"Juggernaut","floor":13.0,"key":"SMITH"},{"data":"Uppercut","floor":15,"key":"SMITH"}],"neow_cost":"CURSE","seed_source_timestamp":428941440216900,"circlet_count":0,"master_deck":["AscendersBane","Strike_R","Strike_R","Strike_R","Strike_R","Defend_R","Defend_R","Defend_R","Defend_R","Bash","Uppercut+1","Armaments","Shrug It Off","Juggernaut+1","Feel No Pain","Corruption"],"special_seed":0,"relics":["Burning Blood","Lantern","Omamori","Smiling Mask","Letter Opener","Toxic Egg 2"],"potions_floor_usage":[16],"damage_taken":[{"damage":10.0,"enemies":"Small Slimes","floor":1.0,"turns":3.0},{"damage":1.0,"enemies":"Cultist","floor":2.0,"turns":3.0},{"damage":7.0,"enemies":"2 Louse","floor":4.0,"turns":4.0},{"damage":50.0,"enemies":"Lagavulin","floor":6.0,"turns":8.0},{"damage":16.0,"enemies":"Exordium Thugs","floor":8.0,"turns":6.0},{"damage":6.0,"enemies":"Gremlin Nob","floor":11.0,"turns":3.0},{"damage":7.0,"enemies":"Blue Slaver","floor":12.0,"turns":5.0},{"damage":7,"enemies":"3 Sentries","floor":14,"turns":5},{"damage":55,"enemies":"Hexaghost","floor":16,"turns":9}],"seed_played":"-8928038254974563782","potions_obtained":[{"floor":2.0,"key":"BloodPotion"},{"floor":6.0,"key":"AttackPotion"},{"floor":11.0,"key":"GamblersBrew"},{"floor":12.0,"key":"Swift Potion"}],"is_trial":false,"path_per_floor":["M","M","$","M","?","E","R","M","T","$","E","M","R","E","R","B"],"character_chosen":"IRONCLAD","items_purchased":["SteroidPotion","Shrug It Off"],"campfire_rested":1,"item_purchase_floors":[3,10],"current_hp_per_floor":[78,83,83,82,82,38,64,54,54,54,54,53,53,52,52,0],"gold":94,"neow_bonus":"TWENTY_PERCENT_HP_BONUS","is_prod":false,"is_daily":false,"chose_seed":false,"campfire_upgraded":2,"win_rate":0,"timestamp":1557760513,"path_taken":["M","M","$","M","?","E","R","?","T","$","E","M","R","E","R","BOSS"],"build_version":"2019-01-23","purchased_purges":2,"victory":false,"max_hp_per_floor":[89,89,89,89,89,89,89,89,89,89,89,89,89,89,89,89],"card_choices":[{"not_picked":["Flex","Combust"],"picked":"Uppercut","floor":1.0},{"not_picked":["Reckless Charge","Wild Strike","Entrench"],"picked":"SKIP","floor":2.0},{"not_picked":["Havoc","Headbutt","Body Slam"],"picked":"SKIP","floor":4.0},{"not_picked":["Body Slam","Clash","Wild Strike"],"picked":"SKIP","floor":6.0},{"not_picked":["Heavy Blade","Dual Wield"],"picked":"Armaments","floor":8.0},{"not_picked":["Pommel Strike","Twin Strike"],"picked":"Juggernaut","floor":11.0},{"not_picked":["True Grit","Heavy Blade"],"picked":"Feel No Pain","floor":12.0},{"not_picked":["Body Slam","Perfected Strike"],"picked":"Corruption","floor":14}],"player_experience":1008215,"relics_obtained":[{"floor":6.0,"key":"Omamori"},{"floor":9.0,"key":"Smiling Mask"},{"floor":11.0,"key":"Letter Opener"},{"floor":14,"key":"Toxic Egg 2"}],"event_choices":[{"damage_healed":0.0,"max_hp_gain":0.0,"max_hp_loss":0.0,"gold_gain":0.0,"event_name":"WeMeetAgain","player_choice":"Gave Potion","floor":5.0,"gold_loss":0.0,"damage_taken":0.0,"relics_obtained":["Lantern"]}],"is_beta":false,"boss_relics":[],"items_purged_floors":[3,10],"is_endless":false,"potions_floor_spawned":[2,6,11,12],"killed_by":"Hexaghost","ascension_level":20}