{"gold_per_floor":[115,115,115,115,135,169,181,197,243,243,306,325,325,44,44,148,148,166,19,19,19,30,30,129,141,194,194,212,7,7,17,17,17],"floor_reached":33,"playtime":2633,"items_purged":[],"score":270,"play_id":"eeaa6669-4e09-4717-baec-525fb795f281","local_time":"20181120214115","is_ascension_mode":false,"campfire_choices":[{"data":"Anger","floor":10,"key":"SMITH"},{"floor":15,"key":"REST"},{"floor":23,"key":"REST"},{"floor":27,"key":"REST"},{"floor":32,"key":"REST"}],"neow_cost":"NONE","seed_source_timestamp":225955119882724,"circlet_count":0,"master_deck":["Strike_R","Strike_R","Strike_R","Strike_R","Strike_R","Defend_R","Defend_R","Defend_R+1","Defend_R","Bash","Anger+1","Heavy Blade","Twin Strike","Heavy Blade","Twin Strike","Armaments","Demon Form+1","Armaments","Heavy Blade","Bludgeon","Cleave","J.A.X.+1","Infernal Blade","Fire Breathing","Spot Weakness+1","Decay","Flex"],"relics":["Black Blood","NeowsBlessing","Darkstone Periapt","Pen Nib","Blood Vial","Red Skull","Juzu Bracelet","War Paint","Bag of Marbles","Anchor"],"potions_floor_usage":[11,16,18,25,25,28,31,33],"damage_taken":[{"damage":0,"enemies":"Jaw Worm","floor":1,"turns":1},{"damage":0,"enemies":"Small Slimes","floor":5,"turns":1},{"damage":0,"enemies":"3 Sentries","floor":6,"turns":1},{"damage":6,"enemies":"Cultist","floor":7,"turns":3},{"damage":8,"enemies":"2 Fungi Beasts","floor":8,"turns":3},{"damage":26,"enemies":"3 Sentries","floor":11,"turns":7},{"damage":6,"enemies":"3 Louse","floor":12,"turns":3},{"damage":49,"enemies":"Hexaghost","floor":16,"turns":6},{"damage":21,"enemies":"3 Byrds","floor":18,"turns":5},{"damage":24,"enemies":"2 Thieves","floor":22,"turns":5},{"damage":31,"enemies":"Centurion and Healer","floor":25,"turns":5},{"damage":46,"enemies":"Snake Plant","floor":28,"turns":6},{"damage":37,"enemies":"Chosen and Byrds","floor":31,"turns":7},{"damage":69,"enemies":"Champ","floor":33,"turns":7}],"seed_played":"-2054029387395359321","potions_obtained":[{"floor":6,"key":"LiquidBronze"},{"floor":7,"key":"Energy Potion"},{"floor":8,"key":"Fire Potion"},{"floor":16,"key":"Ancient Potion"},{"floor":22,"key":"SpeedPotion"},{"floor":25,"key":"Explosive Potion"}],"is_trial":false,"path_per_floor":["M","?","?","?","M","E","M","M","T","R","?","M","?","$","R","B",null,"M","$","?","T","M","R","?","M","T","R","M","$","?","M","R","B"],"character_chosen":"IRONCLAD","items_purchased":["Red Skull","Armaments","Heavy Blade","Fire Potion","Juzu Bracelet","Anchor","SkillPotion"],"campfire_rested":4,"item_purchase_floors":[14,14,14,14,19,29,29],"current_hp_per_floor":[80,80,80,80,80,80,80,78,78,78,58,60,60,60,80,37,80,69,69,69,69,57,80,80,59,59,80,44,44,50,25,50,0],"gold":17,"neow_bonus":"THREE_ENEMY_KILL","is_prod":false,"is_daily":false,"chose_seed":false,"campfire_upgraded":1,"win_rate":0.0,"timestamp":1542750075,"path_taken":["M","?","?","?","M","E","M","M","T","R","?","M","?","$","R","BOSS","M","$","?","?","M","R","?","M","T","R","M","$","?","M","R","BOSS"],"build_version":"2018-11-15","purchased_purges":0,"victory":false,"max_hp_per_floor":[80,80,80,80,80,80,80,80,80,80,80,80,80,80,80,80,80,80,80,80,80,80,80,80,80,80,80,80,80,86,86,86,86],"card_choices":[{"not_picked":["Headbutt","Perfected Strike"],"picked":"Anger","floor":1},{"not_picked":["Iron Wave","Double Tap"],"picked":"Heavy Blade","floor":5},{"not_picked":["Sword Boomerang","Clothesline"],"picked":"Twin Strike","floor":6},{"not_picked":["Power Through","Clash"],"picked":"Heavy Blade","floor":7},{"not_picked":["Heavy Blade","Carnage"],"picked":"Twin Strike","floor":8},{"not_picked":["Pommel Strike","Shrug It Off"],"picked":"Armaments","floor":11},{"not_picked":["Perfected Strike","Anger"],"picked":"Demon Form","floor":12},{"not_picked":["Offering","Dark Embrace"],"picked":"Bludgeon","floor":16},{"not_picked":["Sword Boomerang","Headbutt"],"picked":"Cleave","floor":18},{"not_picked":["Twin Strike","Searing Blow+1"],"picked":"Infernal Blade","floor":22},{"not_picked":["Entrench","Heavy Blade"],"picked":"Fire Breathing","floor":25},{"not_picked":["Sword Boomerang","Iron Wave"],"picked":"Spot Weakness+1","floor":28},{"not_picked":["Offering","Power Through+1"],"picked":"Flex","floor":31}],"player_experience":22611,"relics_obtained":[{"floor":6,"key":"Darkstone Periapt"},{"floor":9,"key":"Pen Nib"},{"floor":11,"key":"Blood Vial"},{"floor":21,"key":"War Paint"},{"floor":26,"key":"Bag of Marbles"}],"event_choices":[{"damage_healed":0,"gold_gain":0,"player_choice":"Ignored","damage_taken":0,"max_hp_gain":0,"max_hp_loss":0,"event_name":"Golden Idol","floor":2,"gold_loss":0},{"damage_healed":0,"gold_gain":0,"player_choice":"Ignored","damage_taken":0,"max_hp_gain":0,"max_hp_loss":0,"event_name":"Liars Game","floor":3,"gold_loss":0},{"damage_healed":0,"gold_gain":0,"player_choice":"Ignored","damage_taken":0,"max_hp_gain":0,"max_hp_loss":0,"event_name":"Golden Wing","floor":4,"gold_loss":0},{"damage_healed":0,"gold_gain":0,"player_choice":"Searched \u00271\u0027 times","damage_taken":0,"max_hp_gain":0,"max_hp_loss":0,"event_name":"Dead Adventurer","floor":11,"gold_loss":0},{"damage_healed":0,"gold_gain":0,"player_choice":"Grow","damage_taken":0,"max_hp_gain":0,"max_hp_loss":0,"event_name":"Living Wall","floor":13,"gold_loss":0,"cards_upgraded":["Demon Form"]},{"damage_healed":0,"gold_gain":0,"player_choice":"Obtain J.A.X.","damage_taken":0,"max_hp_gain":0,"max_hp_loss":0,"event_name":"Drug Dealer","floor":20,"gold_loss":0,"cards_obtained":["J.A.X."]},{"damage_healed":0,"gold_gain":99,"player_choice":"Stole From Cult","damage_taken":0,"max_hp_gain":0,"max_hp_loss":0,"event_name":"Nest","floor":24,"gold_loss":0},{"damage_healed":0,"gold_gain":0,"player_choice":"Smashed Altar","damage_taken":0,"max_hp_gain":0,"max_hp_loss":0,"event_name":"Forgotten Altar","floor":30,"gold_loss":0,"cards_obtained":["Decay"]}],"is_beta":false,"boss_relics":[{"not_picked":["Mark of Pain","Black Star"],"picked":"Black Blood"}],"items_purged_floors":[],"is_endless":false,"potions_floor_spawned":[6,7,8,16,22,25],"killed_by":"Champ","ascension_level":0}