{"gold_per_floor":[117,117,130,42,55,55,80,80,80,115,133,133,166,166,166,242,242,261,278,328,328],"floor_reached":21,"playtime":969,"items_purged":[],"score":394,"play_id":"ff2cd583-970e-44e5-a016-2cf4cbdb6cb4","local_time":"20190504211035","is_ascension_mode":true,"campfire_choices":[{"data":"Bash","floor":6.0,"key":"SMITH"},{"data":"Cleave","floor":8,"key":"SMITH"},{"data":"Carnage","floor":15,"key":"SMITH"}],"neow_cost":"NONE","seed_source_timestamp":730559269114900,"circlet_count":0,"master_deck":["AscendersBane","Strike_R","Strike_R","Defend_R","Defend_R","Defend_R","Defend_R","Bash+1","Spot Weakness","Headbutt","Combust","True Grit","Cleave+1","Carnage+1","Shockwave","Feed","Fiend Fire","Burning Pact+1","Reckless Charge+1","Disarm+1","Twin Strike","Anger"],"special_seed":0,"relics":["Burning Blood","Strawberry","Question Card","Girya","Paper Frog","Astrolabe"],"potions_floor_usage":[7,13,19,19],"damage_taken":[{"damage":3.0,"enemies":"Small Slimes","floor":1.0,"turns":4.0},{"damage":7.0,"enemies":"Jaw Worm","floor":3.0,"turns":5.0},{"damage":6.0,"enemies":"2 Louse","floor":5.0,"turns":4.0},{"damage":14,"enemies":"Gremlin Nob","floor":7,"turns":3},{"damage":19,"enemies":"3 Sentries","floor":10,"turns":5},{"damage":1,"enemies":"2 Fungi Beasts","floor":11,"turns":3},{"damage":30,"enemies":"Lagavulin","floor":13,"turns":6},{"damage":27,"enemies":"Slime Boss","floor":16,"turns":7},{"damage":28,"enemies":"Shell Parasite","floor":18,"turns":8},{"damage":32,"enemies":"2 Thieves","floor":19,"turns":4},{"damage":45,"enemies":"Snecko","floor":21,"turns":4}],"seed_played":"7022045648919511106","potions_obtained":[{"floor":0.0,"key":"Explosive Potion"},{"floor":0.0,"key":"SpeedPotion"},{"floor":7,"key":"SpeedPotion"},{"floor":16,"key":"Explosive Potion"},{"floor":18,"key":"Regen Potion"}],"is_trial":false,"path_per_floor":["M","?","M","$","M","R","E","R","T","E","M","T","E","?","R","B",null,"M","M","?","M"],"character_chosen":"IRONCLAD","items_purchased":["Combust"],"campfire_rested":0,"item_purchase_floors":[4],"current_hp_per_floor":[71,76,75,75,75,75,74,74,74,61,66,66,42,42,42,21,71,52,40,40,0],"gold":328,"neow_bonus":"THREE_SMALL_POTIONS","is_prod":false,"is_daily":false,"chose_seed":false,"campfire_upgraded":3,"win_rate":0,"timestamp":1556993435,"path_taken":["M","?","M","$","M","R","E","R","T","E","M","?","E","?","R","BOSS","M","M","?","M"],"build_version":"2019-01-23","purchased_purges":0,"victory":false,"max_hp_per_floor":[75,80,80,80,80,80,87,87,87,87,87,87,87,87,87,87,87,90,90,90,90],"card_choices":[{"not_picked":["Thunderclap","Clash"],"picked":"Spot Weakness","floor":1.0},{"not_picked":["Evolve","Havoc"],"picked":"Headbutt","floor":3.0},{"not_picked":["Warcry","Havoc"],"picked":"True Grit","floor":5.0},{"not_picked":["Combust","Body Slam"],"picked":"Cleave","floor":7},{"not_picked":["Seeing Red","True Grit","Wild Strike"],"picked":"Carnage","floor":10},{"not_picked":["Blood for Blood","Twin Strike","Second Wind"],"picked":"Shockwave","floor":11},{"not_picked":["Sword Boomerang","Rage","Havoc"],"picked":"Feed","floor":13},{"not_picked":["Feed","Demon Form","Dark Embrace"],"picked":"Fiend Fire","floor":16},{"not_picked":["Perfected Strike+1","Searing Blow","Burning Pact"],"picked":"Twin Strike","floor":18},{"not_picked":["Pommel Strike+1","Seeing Red+1","Headbutt"],"picked":"Anger","floor":19}],"player_experience":998811,"relics_obtained":[{"floor":7,"key":"Strawberry"},{"floor":9,"key":"Question Card"},{"floor":10,"key":"Girya"},{"floor":13,"key":"Paper Frog"}],"event_choices":[{"damage_healed":0.0,"max_hp_gain":5.0,"max_hp_loss":0.0,"gold_gain":0.0,"event_name":"Big Fish","player_choice":"Donut","floor":2.0,"gold_loss":0.0,"damage_taken":0.0},{"damage_healed":0,"gold_gain":0,"player_choice":"Ignored","damage_taken":0,"max_hp_gain":0,"max_hp_loss":0,"event_name":"Liars Game","floor":14,"gold_loss":0},{"damage_healed":0,"gold_gain":50,"player_choice":"Stole From Cult","damage_taken":0,"max_hp_gain":0,"max_hp_loss":0,"event_name":"Nest","floor":20,"gold_loss":0}],"is_beta":false,"boss_relics":[{"not_picked":["Tiny House","Eternal Feather"],"picked":"Astrolabe"}],"items_purged_floors":[],"is_endless":false,"potions_floor_spawned":[7,16,18],"killed_by":"Snecko","ascension_level":20}