{"gold_per_floor":[114,114,114,114,40,40,69,69,92,92,117,133,133,150,150,150],"floor_reached":16,"playtime":744,"items_purged":[],"score":201,"play_id":"190616fe-e645-472d-aac1-55920350d2e9","local_time":"20190207181928","is_ascension_mode":true,"campfire_choices":[{"data":"Neutralize","floor":6,"key":"SMITH"},{"data":"Well Laid Plans","floor":8,"key":"SMITH"},{"floor":10,"key":"REST"},{"data":"Catalyst","floor":13,"key":"SMITH"},{"data":"Deflect","floor":15,"key":"SMITH"}],"neow_cost":"NONE","seed_source_timestamp":33093135971900,"circlet_count":0,"master_deck":["AscendersBane","Defend_G","Defend_G","Defend_G","Defend_G","Defend_G","Strike_G","Strike_G+1","Strike_G","Strike_G","Survivor+1","Neutralize+1","Skewer+1","Well Laid Plans+1","Deflect+1","Catalyst+1","PiercingWail"],"relics":["Ring of the Snake","The Specimen","Happy Flower","Bag of Preparation"],"potions_floor_usage":[16,16,16,16],"damage_taken":[{"damage":1,"enemies":"Small Slimes","floor":1,"turns":4},{"damage":15,"enemies":"3 Sentries","floor":7,"turns":12},{"damage":11,"enemies":"Lagavulin","floor":11,"turns":6},{"damage":0,"enemies":"2 Louse","floor":12,"turns":2},{"damage":0,"enemies":"Jaw Worm","floor":14,"turns":2},{"damage":45,"enemies":"Hexaghost","floor":16,"turns":16}],"seed_played":"10500791975298525","potions_obtained":[{"floor":7,"key":"Explosive Potion"},{"floor":11,"key":"EntropicBrew"},{"floor":14,"key":"Regen Potion"}],"is_trial":false,"path_per_floor":["M","?","?","?","$","R","E","R","T","R","E","M","R","M","R","B"],"character_chosen":"THE_SILENT","items_purchased":["Well Laid Plans"],"campfire_rested":1,"item_purchase_floors":[5],"current_hp_per_floor":[64,64,57,35,35,35,20,20,20,41,30,30,30,30,30,0],"gold":150,"neow_bonus":"TEN_PERCENT_HP_BONUS","is_prod":false,"is_daily":false,"chose_seed":false,"campfire_upgraded":4,"win_rate":0,"timestamp":1549556368,"path_taken":["M","?","?","?","$","R","E","R","T","R","E","M","R","M","R","BOSS"],"build_version":"2019-01-23","purchased_purges":0,"victory":false,"max_hp_per_floor":[72,72,72,72,72,72,72,72,72,72,72,72,72,72,72,72],"card_choices":[{"not_picked":["Poisoned Stab","Leg Sweep"],"picked":"Skewer","floor":1},{"not_picked":["Prepared","Backflip"],"picked":"Deflect","floor":7},{"not_picked":["Terror","Endless Agony","Tactician"],"picked":"SKIP","floor":11},{"not_picked":["Prepared","Poisoned Stab"],"picked":"Catalyst","floor":12},{"not_picked":["Backstab","Terror"],"picked":"PiercingWail","floor":14}],"player_experience":875020,"relics_obtained":[{"floor":7,"key":"The Specimen"},{"floor":9,"key":"Happy Flower"},{"floor":11,"key":"Bag of Preparation"}],"event_choices":[{"damage_healed":0,"gold_gain":0,"player_choice":"Grow","damage_taken":0,"max_hp_gain":0,"max_hp_loss":0,"event_name":"Living Wall","floor":2,"gold_loss":0,"cards_upgraded":["Skewer"]},{"cards_removed":["Strike_G"],"damage_healed":0,"gold_gain":0,"player_choice":"Card Removal","damage_taken":7,"max_hp_gain":0,"max_hp_loss":0,"event_name":"Golden Wing","floor":3,"gold_loss":0},{"damage_healed":0,"gold_gain":0,"player_choice":"Entered Light","damage_taken":22,"max_hp_gain":0,"max_hp_loss":0,"event_name":"Shining Light","floor":4,"gold_loss":0,"cards_upgraded":["Survivor","Strike_G"]}],"is_beta":false,"boss_relics":[],"items_purged_floors":[],"is_endless":false,"potions_floor_spawned":[7,11,14],"killed_by":"Hexaghost","ascension_level":18}