{"gold_per_floor":[116,39,39,39,50,78,78,78,78,89,10,0,0,29,29,101,101,112,37,37,55,72,72,84,113,113,38,38,38,70,70],"floor_reached":31,"playtime":1178,"items_purged":["Strike_G"],"score":608,"play_id":"090df9a3-d5cc-447e-825a-487c658dc59c","local_time":"20190619011810","is_ascension_mode":true,"campfire_choices":[{"data":"Skewer","floor":7.0,"key":"SMITH"},{"data":"Caltrops","floor":13.0,"key":"SMITH"},{"data":"Crippling Poison","floor":15.0,"key":"SMITH"},{"data":"Malaise","floor":23.0,"key":"SMITH"},{"floor":29.0,"key":"REST"}],"neow_cost":"NONE","seed_source_timestamp":489167622740700,"circlet_count":0,"master_deck":["AscendersBane","Defend_G","Defend_G","Defend_G+1","Defend_G+1","Defend_G","Strike_G+1","Strike_G","Survivor+1","Neutralize","Dagger Spray","Noxious Fumes","Escape Plan","Skewer+1","Leg Sweep","Caltrops+1","Crippling Poison+1","Malaise+1","Bouncing Flask","Crippling Poison+1","PiercingWail","Blur","Leg Sweep"],"special_seed":0,"relics":["Ring of the Snake","NeowsBlessing","War Paint","Question Card","Potion Belt","Cursed Key","Anchor","Bottled Lightning"],"potions_floor_usage":[],"damage_taken":[{"damage":0.0,"enemies":"2 Louse","floor":1.0,"turns":1.0},{"damage":0.0,"enemies":"Small Slimes","floor":5.0,"turns":1.0},{"damage":0.0,"enemies":"Lagavulin","floor":6.0,"turns":1.0},{"damage":0.0,"enemies":"Jaw Worm","floor":10.0,"turns":3.0},{"damage":10.0,"enemies":"3 Sentries","floor":14.0,"turns":7.0},{"damage":8.0,"enemies":"Hexaghost","floor":16.0,"turns":9.0},{"damage":4.0,"enemies":"Chosen","floor":18.0,"turns":6.0},{"damage":3.0,"enemies":"Shell Parasite","floor":21.0,"turns":6.0},{"damage":6.0,"enemies":"Centurion and Healer","floor":22.0,"turns":6.0},{"damage":6.0,"enemies":"Snake Plant","floor":24.0,"turns":4.0},{"damage":24.0,"enemies":"Gremlin Leader","floor":25.0,"turns":7.0},{"damage":23.0,"enemies":"Slavers","floor":30.0,"turns":4.0},{"damage":6,"enemies":"Cultist and Chosen","floor":31,"turns":5}],"seed_played":"890970464360455676","potions_obtained":[{"floor":6.0,"key":"SpeedPotion"},{"floor":8.0,"key":"Energy Potion"},{"floor":10.0,"key":"SteroidPotion"},{"floor":14.0,"key":"GamblersBrew"},{"floor":16.0,"key":"FearPotion"},{"floor":25.0,"key":"EssenceOfSteel"},{"floor":30.0,"key":"Dexterity Potion"}],"is_trial":false,"path_per_floor":["M","$","?","?","M","E","R","?","T","M","$","?","R","E","R","B",null,"M","?","?","M","M","R","M","E","T","$","T","R","E","M"],"character_chosen":"THE_SILENT","items_purchased":["Noxious Fumes","Caltrops"],"campfire_rested":1,"item_purchase_floors":[2,11],"current_hp_per_floor":[59,59,39,32,32,32,32,32,32,32,32,32,32,22,22,14,53,49,49,49,46,40,40,34,10,10,10,10,29,6,0],"gold":70,"neow_bonus":"THREE_ENEMY_KILL","is_prod":false,"is_daily":false,"chose_seed":false,"campfire_upgraded":4,"win_rate":0,"timestamp":1560896290,"path_taken":["M","$","?","?","?","E","R","?","T","M","?","?","R","E","R","BOSS","M","?","?","?","M","R","M","E","T","$","?","R","E","M"],"build_version":"2019-01-23","purchased_purges":1,"victory":false,"max_hp_per_floor":[66,66,66,66,66,66,66,66,66,66,66,66,66,66,66,66,66,66,66,66,66,66,66,66,66,66,66,66,66,66,66],"card_choices":[{"not_picked":["Prepared","Deadly Poison"],"picked":"Dagger Spray","floor":1.0},{"not_picked":["Outmaneuver","All Out Attack"],"picked":"Escape Plan","floor":5.0},{"not_picked":["Bullet Time","Blade Dance"],"picked":"Skewer","floor":6.0},{"not_picked":["Acrobatics","Backflip","PiercingWail"],"picked":"Leg Sweep","floor":10.0},{"not_picked":["Noxious Fumes","Reflex","Dagger Throw"],"picked":"Crippling Poison","floor":14.0},{"not_picked":["Corpse Explosion","Unload","Venomology"],"picked":"Malaise","floor":16.0},{"not_picked":["Dagger Throw","Dagger Spray","Reflex+1"],"picked":"Bouncing Flask","floor":18.0},{"not_picked":["Deadly Poison","Escape Plan","Acrobatics"],"picked":"PiercingWail","floor":21.0},{"not_picked":["Expertise","Caltrops","Quick Slash","Dagger Throw"],"picked":"SKIP","floor":22.0},{"not_picked":["Prepared","A Thousand Cuts","Acrobatics"],"picked":"Blur","floor":24.0},{"not_picked":["Heel Hook","Poisoned Stab","Choke","Skewer"],"picked":"SKIP","floor":25.0},{"not_picked":["Prepared","Dagger Spray","Slice"],"picked":"Leg Sweep","floor":30.0}],"player_experience":1143057,"relics_obtained":[{"floor":6.0,"key":"War Paint"},{"floor":9.0,"key":"Question Card"},{"floor":14.0,"key":"Potion Belt"},{"floor":25.0,"key":"Anchor"},{"floor":30.0,"key":"Bottled Lightning"}],"event_choices":[{"damage_healed":0.0,"max_hp_gain":0.0,"max_hp_loss":0.0,"gold_gain":0.0,"event_name":"Shining Light","player_choice":"Entered Light","floor":3.0,"gold_loss":0.0,"damage_taken":20.0,"cards_upgraded":["Defend_G","Strike_G"]},{"cards_removed":["Strike_G"],"damage_healed":0.0,"max_hp_gain":0.0,"max_hp_loss":0.0,"gold_gain":0.0,"event_name":"Golden Wing","player_choice":"Card Removal","floor":4.0,"gold_loss":0.0,"damage_taken":7.0},{"damage_healed":0.0,"max_hp_gain":0.0,"max_hp_loss":0.0,"gold_gain":0.0,"event_name":"Lab","player_choice":"Got Potions","floor":8.0,"gold_loss":0.0,"damage_taken":0.0},{"damage_healed":0.0,"max_hp_gain":0.0,"max_hp_loss":0.0,"gold_gain":0.0,"event_name":"World of Goop","player_choice":"Left Gold","floor":12.0,"gold_loss":10.0,"damage_taken":0.0},{"cards_removed":["Strike_G"],"damage_healed":0.0,"max_hp_gain":0.0,"max_hp_loss":0.0,"gold_gain":0.0,"event_name":"Beggar","player_choice":"Gave Gold","floor":19.0,"gold_loss":75.0,"damage_taken":0.0},{"damage_healed":0.0,"max_hp_gain":0.0,"max_hp_loss":0.0,"gold_gain":0.0,"event_name":"Duplicator","player_choice":"Copied","floor":20.0,"gold_loss":0.0,"damage_taken":0.0,"cards_obtained":["Crippling Poison"]}],"is_beta":false,"boss_relics":[{"not_picked":["WristBlade","Black Star"],"picked":"Cursed Key"}],"items_purged_floors":[27],"is_endless":false,"potions_floor_spawned":[6,10,14,16,25,30],"killed_by":"Cultist and Chosen","ascension_level":20}