{"gold_per_floor":[115,115,190,190,209,209,244,244,271,271,283,299,313,331,331,435,435,453,453,473,388,487,487,503,503,548,565,565,565,584,601,601,705,705,721,731,745,745,758,758,758,774,774,5,20,36,36,36,36,36],"floor_reached":51,"playtime":3449,"items_purged":["Shame"],"score":949,"play_id":"1d5641a1-0c8a-410c-ac67-6fc0670eeaf5","local_time":"20190211133109","is_ascension_mode":true,"campfire_choices":[{"data":"Neutralize","floor":6.0,"key":"SMITH"},{"data":"Venomology","floor":8.0,"key":"SMITH"},{"data":"Infinite Blades","floor":15.0,"key":"SMITH"},{"data":"Dash","floor":23.0,"key":"SMITH"},{"data":"Survivor","floor":25.0,"key":"SMITH"},{"floor":29.0,"key":"REST"},{"floor":32.0,"key":"REST"},{"floor":40.0,"key":"REST"},{"floor":47,"key":"REST"},{"floor":49,"key":"REST"}],"neow_cost":"CURSE","seed_source_timestamp":49190334678889,"circlet_count":0,"master_deck":["Defend_G+1","Defend_G+1","Defend_G+1","Defend_G+1","Strike_G+1","Survivor+1","Neutralize+1","Venomology+1","Adrenaline+1","Dodge and Roll+1","Deadly Poison+1","Infinite Blades+1","Crippling Poison+1","Escape Plan+1","Night Terror+1","Dagger Spray+1","PiercingWail+1","Flechettes+1","Dash+1","Leg Sweep+1","Calculated Gamble+1","Cloak And Dagger+1","Outmaneuver+1","Backflip+1","Dodge and Roll+1","Cloak And Dagger+1","Choke+1","Malaise+1","Accuracy+1","PiercingWail+1","Cloak And Dagger+1","Cloak And Dagger+1","Accuracy+1","Backflip+1","Doppelganger+1","Dash+1","Well Laid Plans+1","Cloak And Dagger+1","Backflip+1"],"special_seed":0,"relics":["Ring of the Snake","Toxic Egg 2","Dream Catcher","Orichalcum","Astrolabe","Regal Pillow","Bag of Preparation","Cursed Key","PreservedInsect","Gremlin Horn","HandDrill","Juzu Bracelet"],"potions_floor_usage":[50,50,50],"damage_taken":[{"damage":4.0,"enemies":"2 Louse","floor":1.0,"turns":5.0},{"damage":1.0,"enemies":"Small Slimes","floor":5.0,"turns":5.0},{"damage":4.0,"enemies":"Gremlin Nob","floor":7.0,"turns":2.0},{"damage":2.0,"enemies":"Cultist","floor":11.0,"turns":4.0},{"damage":1.0,"enemies":"2 Fungi Beasts","floor":12.0,"turns":4.0},{"damage":1.0,"enemies":"Looter","floor":13.0,"turns":4.0},{"damage":0.0,"enemies":"Blue Slaver","floor":14.0,"turns":4.0},{"damage":13.0,"enemies":"Hexaghost","floor":16.0,"turns":12.0},{"damage":21.0,"enemies":"Spheric Guardian","floor":18.0,"turns":4.0},{"damage":1.0,"enemies":"3 Byrds","floor":20.0,"turns":4.0},{"damage":1.0,"enemies":"Snake Plant","floor":24.0,"turns":4.0},{"damage":10.0,"enemies":"Snecko","floor":27.0,"turns":5.0},{"damage":3.0,"enemies":"Centurion and Healer","floor":30.0,"turns":7.0},{"damage":13.0,"enemies":"3 Cultists","floor":31.0,"turns":5.0},{"damage":35.0,"enemies":"Collector","floor":33.0,"turns":11.0},{"damage":1.0,"enemies":"3 Shapes","floor":35.0,"turns":5.0},{"damage":0.0,"enemies":"Orb Walker","floor":36.0,"turns":4.0},{"damage":1.0,"enemies":"Maw","floor":37.0,"turns":11.0},{"damage":7.0,"enemies":"Transient","floor":39.0,"turns":5.0},{"damage":17.0,"enemies":"Jaw Worm Horde","floor":42.0,"turns":7.0},{"damage":17.0,"enemies":"3 Darklings","floor":45.0,"turns":5.0},{"damage":3,"enemies":"4 Shapes","floor":46,"turns":5},{"damage":14,"enemies":"Time Eater","floor":50,"turns":13}],"seed_played":"-5075804496334686314","potions_obtained":[{"floor":1.0,"key":"Fire Potion"},{"floor":7.0,"key":"Poison Potion"},{"floor":11.0,"key":"Strength Potion"},{"floor":33.0,"key":"Dexterity Potion"}],"is_trial":false,"path_per_floor":["M","?","?","?","M","R","E","R","T","?","M","M","M","M","R","B",null,"M","?","M","?","?","R","M","R","T","M","?","R","M","M","R","B",null,"M","M","M","?","M","R","?","M","T","$","M","M","R","?","R","B",null],"character_chosen":"THE_SILENT","items_purchased":["Backflip+1","Gremlin Horn","HandDrill","GhostInAJar","Doppelganger+1"],"campfire_rested":5,"item_purchase_floors":[44,44,44,44,44],"current_hp_per_floor":[59,52,41,34,33,33,29,29,29,29,27,26,25,37,37,24,59,38,38,37,37,37,37,36,36,36,26,26,62,59,46,70,35,61,60,60,59,59,52,70,70,53,53,53,36,33,69,69,70,56],"gold":36,"neow_bonus":"THREE_RARE_CARDS","is_prod":false,"is_daily":false,"chose_seed":false,"campfire_upgraded":5,"win_rate":0,"timestamp":1549859469,"path_taken":["M","?","?","?","M","R","E","R","T","?","?","M","M","M","R","BOSS","M","?","M","?","?","R","M","R","T","M","?","R","M","M","R","BOSS","M","M","M","?","?","R","?","M","T","$","M","M","R","?","R","BOSS"],"build_version":"2019-01-23","purchased_purges":1,"victory":true,"max_hp_per_floor":[70,70,70,70,70,70,70,70,70,70,70,70,70,70,70,70,70,70,70,70,70,70,70,70,70,70,70,70,70,70,70,70,70,70,70,70,70,70,70,70,70,70,70,70,70,70,70,70,70,70],"card_choices":[{"not_picked":["Die Die Die","Doppelganger"],"picked":"Venomology","floor":0.0},{"not_picked":["Poisoned Stab","Dagger Throw"],"picked":"Flying Knee","floor":1.0},{"not_picked":["Prepared+1","Accuracy"],"picked":"Adrenaline+1","floor":5.0},{"not_picked":["Underhanded Strike","Heel Hook"],"picked":"Dodge and Roll+1","floor":7.0},{"not_picked":["Caltrops","Quick Slash"],"picked":"Deadly Poison+1","floor":11.0},{"not_picked":["Deflect+1","Sucker Punch"],"picked":"Infinite Blades","floor":12.0},{"not_picked":["Poisoned Stab","Slice"],"picked":"Crippling Poison+1","floor":13.0},{"not_picked":["Backstab","Backflip+1"],"picked":"Escape Plan+1","floor":14.0},{"not_picked":["Venomology+1","Unload"],"picked":"Night Terror+1","floor":16.0},{"not_picked":["Dodge and Roll+1","Prepared+1"],"picked":"Dash","floor":18.0},{"not_picked":["Bane+1","Backstab+1"],"picked":"Calculated Gamble+1","floor":20.0},{"not_picked":["Reflex+1","Acrobatics+1"],"picked":"Cloak And Dagger+1","floor":24.0},{"not_picked":["All Out Attack","Heel Hook+1"],"picked":"Outmaneuver+1","floor":27.0},{"not_picked":["All Out Attack","Blade Dance+1"],"picked":"Backflip+1","floor":29.0},{"not_picked":["Finisher+1","Concentrate+1"],"picked":"Dodge and Roll+1","floor":30.0},{"not_picked":["Acrobatics+1","Backflip+1"],"picked":"Cloak And Dagger+1","floor":31.0},{"not_picked":["Acrobatics+1","Escape Plan+1"],"picked":"Choke","floor":32.0},{"not_picked":["Venomology+1","Envenom"],"picked":"Malaise+1","floor":33.0},{"not_picked":["Dagger Throw+1","Terror+1"],"picked":"Accuracy+1","floor":35.0},{"not_picked":["Reflex+1","Catalyst+1"],"picked":"PiercingWail+1","floor":36.0},{"not_picked":["Masterful Stab","Deflect+1"],"picked":"Cloak And Dagger+1","floor":37.0},{"not_picked":["Prepared+1","Sucker Punch","Outmaneuver+1"],"picked":"SKIP","floor":39.0},{"not_picked":["Dagger Throw+1","Predator+1"],"picked":"Cloak And Dagger+1","floor":40.0},{"not_picked":["Acrobatics+1","Poisoned Stab+1"],"picked":"Accuracy+1","floor":42.0},{"not_picked":["Sucker Punch","Unload"],"picked":"Dash+1","floor":45.0},{"not_picked":["Dagger Spray+1","Dagger Throw"],"picked":"Well Laid Plans+1","floor":46},{"not_picked":["Backstab","Underhanded Strike+1"],"picked":"Cloak And Dagger+1","floor":47},{"not_picked":["Deflect+1","Concentrate+1"],"picked":"Backflip+1","floor":49}],"player_experience":903171,"relics_obtained":[{"floor":7.0,"key":"Dream Catcher"},{"floor":9.0,"key":"Orichalcum"},{"floor":26.0,"key":"Bag of Preparation"},{"floor":43.0,"key":"PreservedInsect"}],"event_choices":[{"cards_removed":["Shame"],"damage_healed":0.0,"max_hp_gain":0.0,"max_hp_loss":0.0,"gold_gain":0.0,"event_name":"Golden Wing","player_choice":"Card Removal","floor":2.0,"gold_loss":0.0,"damage_taken":7.0},{"damage_healed":0.0,"max_hp_gain":0.0,"max_hp_loss":0.0,"gold_gain":75.0,"event_name":"World of Goop","player_choice":"Gather Gold","floor":3.0,"gold_loss":0.0,"damage_taken":11.0},{"damage_healed":0.0,"max_hp_gain":0.0,"max_hp_loss":0.0,"gold_gain":0.0,"event_name":"Scrap Ooze","player_choice":"Success","floor":4.0,"gold_loss":0.0,"damage_taken":7.0,"relics_obtained":["Toxic Egg 2"]},{"cards_removed":["Strike_G"],"damage_healed":0.0,"max_hp_gain":0.0,"max_hp_loss":0.0,"gold_gain":0.0,"event_name":"Bonfire Elementals","player_choice":"Offered Basic","floor":10.0,"gold_loss":0.0,"damage_taken":0.0},{"damage_healed":0.0,"max_hp_gain":0.0,"max_hp_loss":0.0,"gold_gain":0.0,"event_name":"The Library","player_choice":"Read","floor":19.0,"gold_loss":0.0,"damage_taken":0.0,"cards_obtained":["Leg Sweep"]},{"damage_healed":0.0,"max_hp_gain":0.0,"max_hp_loss":0.0,"gold_gain":0.0,"event_name":"Addict","player_choice":"Obtained Relic","floor":21.0,"gold_loss":85.0,"damage_taken":0.0,"relics_obtained":["Regal Pillow"]},{"damage_healed":0.0,"max_hp_gain":0.0,"max_hp_loss":0.0,"gold_gain":99.0,"event_name":"Nest","player_choice":"Stole From Cult","floor":22.0,"gold_loss":0.0,"damage_taken":0.0},{"damage_healed":0.0,"max_hp_gain":0.0,"max_hp_loss":0.0,"gold_gain":0.0,"event_name":"Back to Basics","player_choice":"Simplicity","floor":28.0,"gold_loss":0.0,"damage_taken":0.0,"cards_upgraded":["Defend_G","Defend_G","Defend_G","Defend_G","Strike_G","Strike_G"]},{"damage_healed":0.0,"max_hp_gain":0.0,"max_hp_loss":0.0,"gold_gain":0.0,"event_name":"Accursed Blacksmith","player_choice":"Forge","floor":38.0,"gold_loss":0.0,"damage_taken":0.0,"cards_upgraded":["Choke"]},{"cards_removed":["Strike_G"],"damage_healed":0.0,"max_hp_gain":0.0,"max_hp_loss":0.0,"gold_gain":0.0,"event_name":"Falling","player_choice":"Removed Attack","floor":41.0,"gold_loss":0.0,"damage_taken":0.0},{"cards_removed":["Flying Knee"],"damage_healed":0,"gold_gain":0,"player_choice":"Gave Card","damage_taken":0,"relics_obtained":["Juzu Bracelet"],"max_hp_gain":0,"max_hp_loss":0,"event_name":"WeMeetAgain","floor":48,"gold_loss":0}],"is_beta":false,"boss_relics":[{"not_picked":["Lizard Tail","Fusion Hammer"],"picked":"Astrolabe"},{"not_picked":["Empty Cage","Calling Bell"],"picked":"Cursed Key"}],"items_purged_floors":[44],"is_endless":false,"potions_floor_spawned":[1,7,11,20,30,33,42,45],"ascension_level":9}