{"gold_per_floor":[112,112,123,123,140,140,174,186,186,186,215,215,247,259,259,338,338,356,60,77,77,90,120,120,120,120,130,161,161,57,92,104,193,205,234,256,268,280,303,315,357,369,457,515,187,587,587,606,606,606,606],"floor_reached":51,"playtime":4093,"items_purged":["Strike_G","Strike_G"],"score":1477,"play_id":"61cb4cc9-3601-4903-9ae3-0d951a7e0f87","local_time":"20190617193655","is_ascension_mode":true,"campfire_choices":[{"data":"Cloak And Dagger","floor":6.0,"key":"SMITH"},{"floor":10.0,"key":"REST"},{"data":"Envenom","floor":12.0,"key":"SMITH"},{"data":"Footwork","floor":15.0,"key":"SMITH"},{"floor":25.0,"key":"REST"},{"data":"Strike_G","floor":29.0,"key":"PURGE"},{"data":"Footwork","floor":32.0,"key":"SMITH"},{"data":"Flechettes","floor":40,"key":"SMITH"},{"floor":42,"key":"REST"},{"floor":49,"key":"RECALL"}],"neow_cost":"TEN_PERCENT_HP_LOSS","seed_source_timestamp":379439224241500,"circlet_count":0,"master_deck":["AscendersBane","Defend_G","Defend_G","Defend_G","Defend_G","Defend_G","Strike_G","Survivor","Neutralize","Finisher+1","Cloak And Dagger+1","Choke","Envenom+1","Dagger Spray","Slice","Footwork+1","Dash+1","Leg Sweep","PiercingWail","Footwork+1","Blade Dance","After Image","Dodge and Roll","Backflip","Flash of Steel","PanicButton","Secret Technique","Flechettes+1","Terror","Dodge and Roll+1","Blur","Flechettes+1","Dodge and Roll"],"special_seed":0,"relics":["Ring of the Snake","Peace Pipe","Pear","Letter Opener","Singing Bowl","Pen Nib","Sozu","OrangePellets","MutagenicStrength","Blue Candle","Shuriken","Happy Flower","MawBank","Runic Pyramid","Regal Pillow","Girya","Oddly Smooth Stone","Old Coin","Frozen Egg 2"],"potions_floor_usage":[],"damage_taken":[{"damage":12.0,"enemies":"Small Slimes","floor":1.0,"turns":7.0},{"damage":0.0,"enemies":"Cultist","floor":3.0,"turns":3.0},{"damage":1.0,"enemies":"Jaw Worm","floor":5.0,"turns":2.0},{"damage":35.0,"enemies":"3 Sentries","floor":7.0,"turns":10.0},{"damage":2.0,"enemies":"Red Slaver","floor":8.0,"turns":4.0},{"damage":6.0,"enemies":"Gremlin Nob","floor":11.0,"turns":3.0},{"damage":11.0,"enemies":"3 Sentries","floor":13.0,"turns":8.0},{"damage":4.0,"enemies":"2 Fungi Beasts","floor":14.0,"turns":3.0},{"damage":12.0,"enemies":"The Guardian","floor":16.0,"turns":11.0},{"damage":2.0,"enemies":"Shell Parasite","floor":18.0,"turns":6.0},{"damage":9.0,"enemies":"Spheric Guardian","floor":20.0,"turns":6.0},{"damage":0.0,"enemies":"Snake Plant","floor":22.0,"turns":3.0},{"damage":24.0,"enemies":"Gremlin Leader","floor":23.0,"turns":9.0},{"damage":0.0,"enemies":"Cultist and Chosen","floor":27.0,"turns":5.0},{"damage":6.0,"enemies":"Book of Stabbing","floor":28.0,"turns":5.0},{"damage":0.0,"enemies":"Gremlin Leader","floor":31.0,"turns":5.0},{"damage":27.0,"enemies":"Collector","floor":33.0,"turns":9.0},{"damage":0.0,"enemies":"3 Darklings","floor":35.0,"turns":5.0},{"damage":0.0,"enemies":"Orb Walker","floor":36.0,"turns":4.0},{"damage":0,"enemies":"Jaw Worm Horde","floor":39,"turns":4},{"damage":33,"enemies":"Reptomancer","floor":41,"turns":7},{"damage":15,"enemies":"2 Orb Walkers","floor":44,"turns":2},{"damage":0,"enemies":"Mind Bloom Boss Battle","floor":46,"turns":5},{"damage":0,"enemies":"Sphere and 2 Shapes","floor":48,"turns":5},{"damage":41,"enemies":"Donu and Deca","floor":50,"turns":11},{"damage":15,"enemies":"Awakened One","floor":51,"turns":3}],"seed_played":"4130626508804627276","potions_obtained":[{"floor":5.0,"key":"AttackPotion"},{"floor":8.0,"key":"Poison Potion"},{"floor":11.0,"key":"Explosive Potion"},{"floor":14.0,"key":"Poison Potion"}],"is_trial":false,"path_per_floor":["M","?","M","?","M","R","E","M","T","R","E","R","E","M","R","B",null,"M","$","M","?","M","E","?","R","T","M","E","R","$","E","R","B",null,"M","M","?","?","M","R","E","R","T","?","$","?","T","M","R","B","B"],"character_chosen":"THE_SILENT","items_purchased":["Leg Sweep","OrangePellets","Blade Dance","Oddly Smooth Stone","Blur"],"campfire_rested":3,"item_purchase_floors":[19,19,30,45,45],"current_hp_per_floor":[47,47,47,47,46,46,21,19,19,40,34,34,25,23,23,13,60,58,58,51,51,51,27,27,50,50,52,48,48,48,50,50,23,69,69,69,69,59,59,59,26,66,66,51,51,51,51,51,51,10,0],"gold":606,"neow_bonus":"ONE_RARE_RELIC","is_prod":false,"is_daily":false,"chose_seed":false,"campfire_upgraded":5,"win_rate":0,"timestamp":1560789415,"path_taken":["M","?","?","?","M","R","E","M","T","R","E","R","E","M","R","BOSS","M","?","M","?","M","E","?","R","T","M","E","R","$","E","R","BOSS","M","M","?","?","M","R","E","R","T","?","$","?","?","?","R","BOSS","BOSS"],"build_version":"2019-01-23","purchased_purges":2,"victory":false,"max_hp_per_floor":[60,60,60,60,60,60,70,70,70,70,70,70,72,74,74,76,76,76,76,78,78,78,78,78,78,78,80,82,82,82,84,84,84,84,84,84,84,84,84,84,84,84,84,84,84,84,84,84,84,84,84],"card_choices":[{"not_picked":["Dodge and Roll","All Out Attack"],"picked":"Finisher","floor":1.0},{"not_picked":["Flying Knee","Noxious Fumes"],"picked":"Cloak And Dagger","floor":3.0},{"not_picked":["Blur","PiercingWail"],"picked":"Envenom","floor":5.0},{"not_picked":["Prepared","Dagger Throw"],"picked":"Dagger Spray","floor":7.0},{"not_picked":["Calculated Gamble","Prepared"],"picked":"Slice","floor":8.0},{"not_picked":["Underhanded Strike","Caltrops"],"picked":"Footwork","floor":11.0},{"not_picked":["Dagger Spray","Eviscerate","Tools of the Trade"],"picked":"Singing Bowl","floor":13.0},{"not_picked":["Cloak And Dagger","Finisher","Dagger Throw"],"picked":"Singing Bowl","floor":14.0},{"not_picked":["Phantasmal Killer","Storm of Steel","Die Die Die"],"picked":"Singing Bowl","floor":16.0},{"not_picked":["Sucker Punch","Reflex"],"picked":"Dash+1","floor":18.0},{"not_picked":["Dagger Spray","Deadly Poison","Sucker Punch"],"picked":"Singing Bowl","floor":20.0},{"not_picked":["Calculated Gamble","Backflip"],"picked":"PiercingWail","floor":22.0},{"not_picked":["Quick Slash","Sucker Punch"],"picked":"Footwork","floor":23.0},{"not_picked":["Backstab","Acrobatics","Quick Slash"],"picked":"Singing Bowl","floor":27.0},{"not_picked":["Prepared","Expertise","Flying Knee+1"],"picked":"Singing Bowl","floor":28.0},{"not_picked":["Eviscerate","All Out Attack","Phantasmal Killer"],"picked":"Singing Bowl","floor":31.0},{"not_picked":["Die Die Die","Unload"],"picked":"After Image","floor":33.0},{"not_picked":["Concentrate","Leg Sweep+1"],"picked":"Dodge and Roll","floor":35.0},{"not_picked":["Masterful Stab","Poisoned Stab"],"picked":"Backflip","floor":36.0},{"not_picked":["Forethought","Panacea"],"picked":"Flash of Steel","floor":38.0},{"not_picked":["Mind Blast","Good Instincts"],"picked":"PanicButton","floor":38.0},{"not_picked":["Blind","Enlightenment"],"picked":"Secret Technique","floor":38.0},{"not_picked":["Flying Knee","Sucker Punch+1"],"picked":"Flechettes","floor":39},{"not_picked":["Prepared","Endless Agony"],"picked":"Terror","floor":41},{"not_picked":["Expertise","Poisoned Stab+1"],"picked":"Dodge and Roll+1","floor":44},{"not_picked":["Dagger Throw","PiercingWail"],"picked":"Flechettes+1","floor":46},{"not_picked":["Dagger Throw","Underhanded Strike"],"picked":"Dodge and Roll","floor":48}],"player_experience":1132427,"relics_obtained":[{"floor":7.0,"key":"Pear"},{"floor":9.0,"key":"Letter Opener"},{"floor":11.0,"key":"Singing Bowl"},{"floor":13.0,"key":"Pen Nib"},{"floor":23.0,"key":"Blue Candle"},{"floor":26.0,"key":"Shuriken"},{"floor":28.0,"key":"Happy Flower"},{"floor":31.0,"key":"MawBank"},{"floor":41,"key":"Regal Pillow"},{"floor":44,"key":"Girya"},{"floor":46,"key":"Old Coin"},{"floor":47,"key":"Frozen Egg 2"}],"event_choices":[{"damage_healed":0.0,"max_hp_gain":0.0,"max_hp_loss":0.0,"gold_gain":0.0,"event_name":"Upgrade Shrine","player_choice":"Upgraded","floor":2.0,"gold_loss":0.0,"damage_taken":0.0,"cards_upgraded":["Finisher"]},{"damage_healed":0.0,"max_hp_gain":0.0,"max_hp_loss":0.0,"gold_gain":0.0,"cards_transformed":["Strike_G"],"event_name":"Transmorgrifier","player_choice":"Transformed","floor":4.0,"gold_loss":0.0,"damage_taken":0.0,"cards_obtained":["Choke"]},{"damage_healed":0.0,"max_hp_gain":0.0,"max_hp_loss":0.0,"gold_gain":0.0,"event_name":"Drug Dealer","player_choice":"Inject Mutagens","floor":21.0,"gold_loss":0.0,"damage_taken":0.0,"relics_obtained":["MutagenicStrength"]},{"damage_healed":0.0,"max_hp_gain":0.0,"max_hp_loss":0.0,"gold_gain":0.0,"event_name":"Vampires","player_choice":"Ignored","floor":24.0,"gold_loss":0.0,"damage_taken":0.0},{"damage_healed":0.0,"max_hp_gain":0.0,"max_hp_loss":0.0,"gold_gain":0.0,"event_name":"Tomb of Lord Red Mask","player_choice":"Ignored","floor":37.0,"gold_loss":0.0,"damage_taken":0.0},{"damage_healed":0.0,"max_hp_gain":0.0,"max_hp_loss":0.0,"gold_gain":0.0,"event_name":"SensoryStone","player_choice":"Memory 3","floor":38.0,"gold_loss":0.0,"damage_taken":10.0},{"damage_healed":0,"gold_gain":0,"player_choice":"Fight","damage_taken":0,"max_hp_gain":0,"max_hp_loss":0,"event_name":"Mysterious Sphere","floor":44,"gold_loss":0},{"damage_healed":0,"gold_gain":0,"player_choice":"Fight","damage_taken":0,"max_hp_gain":0,"max_hp_loss":0,"event_name":"MindBloom","floor":46,"gold_loss":0}],"is_beta":false,"boss_relics":[{"not_picked":["Coffee Dripper","Philosopher\u0027s Stone"],"picked":"Sozu"},{"not_picked":["Velvet Choker","Lizard Tail"],"picked":"Runic Pyramid"}],"items_purged_floors":[30,45],"is_endless":false,"potions_floor_spawned":[5,8,11,14,18,22,23,28,31,36,39],"killed_by":"Awakened One","ascension_level":20}