{"gold_per_floor":[117,130,130,130,147,147,172,172,218,218],"floor_reached":10,"playtime":268,"items_purged":[],"score":132,"play_id":"29d2a133-52ea-4a5c-acd3-616d8e11392a","local_time":"20190125202913","is_ascension_mode":true,"campfire_choices":[{"data":"Zap","floor":6,"key":"SMITH"},{"data":"Capacitor","floor":8,"key":"SMITH"}],"neow_cost":"NONE","seed_source_timestamp":36966298194711,"circlet_count":0,"master_deck":["AscendersBane","Strike_B","Strike_B","Strike_B","Defend_B","Defend_B","Defend_B","Defend_B","Zap+1","Dualcast","Gash","Conserve Battery","Capacitor+1"],"relics":["Cracked Core","NeowsBlessing","Ancient Tea Set","DataDisk"],"potions_floor_usage":[],"damage_taken":[{"damage":0,"enemies":"Small Slimes","floor":1,"turns":1},{"damage":0,"enemies":"Jaw Worm","floor":2,"turns":1},{"damage":0,"enemies":"2 Louse","floor":5,"turns":1},{"damage":35,"enemies":"Lagavulin","floor":7,"turns":8},{"damage":31,"enemies":"Exordium Wildlife","floor":10,"turns":4}],"seed_played":"-6239866220167538062","potions_obtained":[{"floor":1,"key":"SneckoOil"},{"floor":5,"key":"Block Potion"}],"is_trial":false,"path_per_floor":["M","M","?","?","M","R","E","R","T","M"],"character_chosen":"DEFECT","items_purchased":[],"campfire_rested":0,"item_purchase_floors":[],"current_hp_per_floor":[64,64,57,62,62,62,27,27,27,0],"gold":218,"neow_bonus":"THREE_ENEMY_KILL","is_prod":false,"is_daily":false,"chose_seed":false,"campfire_upgraded":2,"win_rate":0,"timestamp":1548415753,"path_taken":["M","M","?","?","M","R","E","R","T","M"],"build_version":"2019-01-23","purchased_purges":0,"victory":false,"max_hp_per_floor":[71,71,71,76,76,76,76,76,76,76],"card_choices":[{"not_picked":["Hello World","Stack"],"picked":"Gash","floor":1},{"not_picked":["Redo","Sweeping Beam","Streamline"],"picked":"SKIP","floor":2},{"not_picked":["Fusion","Stack"],"picked":"Conserve Battery","floor":5},{"not_picked":["Doom and Gloom","Coolheaded"],"picked":"Capacitor","floor":7}],"player_experience":842907,"relics_obtained":[{"floor":7,"key":"Ancient Tea Set"},{"floor":9,"key":"DataDisk"}],"event_choices":[{"cards_removed":["Strike_B"],"damage_healed":0,"gold_gain":0,"player_choice":"Card Removal","damage_taken":7,"max_hp_gain":0,"max_hp_loss":0,"event_name":"Golden Wing","floor":3,"gold_loss":0},{"damage_healed":0,"gold_gain":0,"player_choice":"Donut","damage_taken":0,"max_hp_gain":5,"max_hp_loss":0,"event_name":"Big Fish","floor":4,"gold_loss":0}],"is_beta":false,"boss_relics":[],"items_purged_floors":[],"is_endless":false,"potions_floor_spawned":[1,5],"killed_by":"Exordium Wildlife","ascension_level":20}