{"gold_per_floor":[109,120,195,210,210,210,261,193,219,245,258,272,272,302,302,405,405,418,418,418,434,445,445,460,477,477,325,352,174,174,187,187,288,288,304,304,304,317,317,317,342,342,342,342,361,374,374,392,392,392],"floor_reached":51,"playtime":2562,"items_purged":[],"score":782,"play_id":"c72125fc-259a-48da-bbe4-2714d96d7233","local_time":"20181002231418","daily_mods":["SealedDeck","Heirloom"],"is_ascension_mode":false,"campfire_choices":[{"data":"Cloak And Dagger","floor":6,"key":"SMITH"},{"data":"Footwork","floor":13,"key":"SMITH"},{"data":"Noxious Fumes","floor":15,"key":"SMITH"},{"data":"Footwork","floor":23,"key":"SMITH"},{"data":"Storm of Steel","floor":30,"key":"SMITH"},{"floor":32,"key":"REST"},{"data":"Envenom","floor":40,"key":"SMITH"},{"data":"Catalyst","floor":42,"key":"SMITH"},{"floor":44,"key":"REST"},{"data":"Noxious Fumes","floor":49,"key":"SMITH"}],"neow_cost":"","seed_source_timestamp":0,"circlet_count":0,"master_deck":["Prepared","PiercingWail","Dodge and Roll","Leg Sweep","Outmaneuver","Terror","Dodge and Roll","Noxious Fumes+1","Cloak And Dagger+1","Cloak And Dagger","Backstab+1","Footwork+1","Cloak And Dagger","Crippling Poison","Backflip","Storm of Steel+1","Cloak And Dagger+1","Outmaneuver+1","Footwork+1","Blade Dance","Escape Plan","Backflip","Noxious Fumes+1","Dodge and Roll+1","Envenom+1","Dodge and Roll+1","Acrobatics","Catalyst+1","Regret","Blade Dance+1","Backstab+1","Bullet Time","Calculated Gamble","Escape Plan"],"relics":["Ring of the Snake","Pocketwatch","Whetstone","Pear","Orichalcum","WristBlade","MutagenicStrength","Centennial Puzzle","Vajra","Turnip","Strawberry","Cursed Key","Prayer Wheel","Pantograph","Tingsha"],"potions_floor_usage":[14,33,50,50,50],"damage_taken":[{"damage":5,"enemies":"Jaw Worm","floor":1,"turns":6},{"damage":0,"enemies":"Small Slimes","floor":2,"turns":6},{"damage":0,"enemies":"Cultist","floor":4,"turns":4},{"damage":12,"enemies":"Lagavulin","floor":10,"turns":7},{"damage":2,"enemies":"Large Slime","floor":11,"turns":7},{"damage":0,"enemies":"Blue Slaver","floor":12,"turns":4},{"damage":6,"enemies":"Gremlin Nob","floor":14,"turns":5},{"damage":13,"enemies":"Slime Boss","floor":16,"turns":12},{"damage":6,"enemies":"Chosen","floor":18,"turns":4},{"damage":14,"enemies":"2 Thieves","floor":21,"turns":4},{"damage":19,"enemies":"Snake Plant","floor":22,"turns":5},{"damage":4,"enemies":"Centurion and Healer","floor":24,"turns":6},{"damage":5,"enemies":"Sentry and Sphere","floor":25,"turns":4},{"damage":7,"enemies":"Book of Stabbing","floor":28,"turns":5},{"damage":4,"enemies":"Snake Plant","floor":31,"turns":3},{"damage":32,"enemies":"Automaton","floor":33,"turns":11},{"damage":18,"enemies":"3 Darklings","floor":35,"turns":4},{"damage":0,"enemies":"3 Shapes","floor":38,"turns":4},{"damage":21,"enemies":"2 Orb Walkers","floor":41,"turns":5},{"damage":13,"enemies":"Maw","floor":45,"turns":7},{"damage":16,"enemies":"Spire Growth","floor":46,"turns":4},{"damage":0,"enemies":"Mind Bloom Boss Battle","floor":47,"turns":6},{"damage":0,"enemies":"3 Darklings","floor":48,"turns":6},{"damage":47,"enemies":"Time Eater","floor":50,"turns":7}],"seed_played":"2972021862125822102","potions_obtained":[{"floor":5,"key":"GamblersBrew"},{"floor":5,"key":"Ancient Potion"},{"floor":5,"key":"Weak Potion"},{"floor":14,"key":"SteroidPotion"},{"floor":28,"key":"AttackPotion"},{"floor":35,"key":"Fire Potion"},{"floor":45,"key":"Dexterity Potion"}],"is_trial":true,"path_per_floor":["M","M","?","M","?","R","?","$","T","E","M","M","R","E","R","B",null,"M","?","?","M","M","R","M","M","T","$","E","$","R","M","R","B",null,"M","?","?","M","?","R","E","R","T","R","M","M","?","M","R","B"],"character_chosen":"THE_SILENT","items_purchased":["Footwork","Vajra","Noxious Fumes","Strawberry"],"campfire_rested":2,"item_purchase_floors":[8,27,29,29],"current_hp_per_floor":[65,65,54,54,54,54,54,54,54,52,50,50,50,44,44,31,80,74,74,74,60,41,41,37,32,32,32,25,32,32,28,54,22,87,69,69,69,69,69,69,48,48,48,74,61,45,70,70,70,40],"gold":392,"neow_bonus":"","is_prod":false,"is_daily":false,"chose_seed":false,"campfire_upgraded":8,"win_rate":0,"timestamp":1538489658,"path_taken":["M","M","?","M","?","R","?","$","T","E","?","M","R","E","R","BOSS","M","?","?","?","M","R","M","M","T","$","E","$","R","M","R","BOSS","M","?","?","M","?","R","E","R","T","R","M","M","?","?","R","BOSS"],"build_version":"2018-10-01","purchased_purges":0,"victory":true,"max_hp_per_floor":[70,70,70,70,70,70,70,70,70,80,80,80,80,80,80,80,80,80,80,80,80,80,80,80,80,80,80,80,87,87,87,87,87,87,87,87,87,87,87,87,87,87,87,87,87,87,87,87,87,87],"card_choices":[{"not_picked":["Flying Knee","Underhanded Strike","PiercingWail"],"picked":"SKIP","floor":1},{"not_picked":["Flying Knee","Outmaneuver"],"picked":"Backstab","floor":2},{"not_picked":["All Out Attack","Leg Sweep"],"picked":"Crippling Poison","floor":4},{"not_picked":["Endless Agony","Dodge and Roll"],"picked":"Cloak And Dagger","floor":10},{"not_picked":["Bane","Dagger Throw","Riddle With Holes"],"picked":"SKIP","floor":11},{"not_picked":["Expertise","Bane"],"picked":"Crippling Poison","floor":12},{"not_picked":["Wraith Form v2","Eviscerate"],"picked":"Backflip","floor":14},{"not_picked":["Grand Finale","Doppelganger"],"picked":"Storm of Steel","floor":16},{"not_picked":["Terror+1","Reflex+1"],"picked":"Cloak And Dagger+1","floor":18},{"not_picked":["Dagger Spray","Slice"],"picked":"Outmaneuver+1","floor":21},{"not_picked":["Dagger Throw","Blur"],"picked":"Footwork","floor":22},{"not_picked":["Sucker Punch","PiercingWail+1"],"picked":"Blade Dance","floor":24},{"not_picked":["Bane","Sucker Punch"],"picked":"Escape Plan","floor":25},{"not_picked":["Corpse Explosion","Setup"],"picked":"Backflip","floor":28},{"not_picked":["Expertise","Blade Dance"],"picked":"Dodge and Roll+1","floor":31},{"not_picked":["Unload","Venomology"],"picked":"Envenom","floor":33},{"not_picked":["Caltrops","Bouncing Flask"],"picked":"Dodge and Roll+1","floor":35},{"not_picked":["Flying Knee+1","Outmaneuver+1"],"picked":"Acrobatics","floor":38},{"not_picked":["Dodge and Roll","Poisoned Stab"],"picked":"Catalyst","floor":41},{"not_picked":["Concentrate+1","Quick Slash+1"],"picked":"Blade Dance+1","floor":45},{"not_picked":["Poisoned Stab","Tactician+1","Slice"],"picked":"SKIP","floor":45},{"not_picked":["Masterful Stab+1","Quick Slash+1"],"picked":"Backstab+1","floor":46},{"not_picked":["Bouncing Flask","Outmaneuver"],"picked":"Bullet Time","floor":46},{"not_picked":["Dagger Throw+1","Flying Knee+1"],"picked":"Calculated Gamble","floor":48},{"not_picked":["Deadly Poison","Flying Knee"],"picked":"Escape Plan","floor":48}],"player_experience":467774,"relics_obtained":[{"floor":9,"key":"Whetstone"},{"floor":10,"key":"Pear"},{"floor":14,"key":"Orichalcum"},{"floor":26,"key":"Centennial Puzzle"},{"floor":28,"key":"Turnip"},{"floor":41,"key":"Prayer Wheel"},{"floor":43,"key":"Pantograph"},{"floor":47,"key":"Tingsha"}],"event_choices":[{"event_name":"World of Goop","player_choice":"Gather Gold","floor":3,"damage_taken":0},{"event_name":"The Lab","player_choice":"Got Potions","floor":5,"damage_taken":0},{"event_name":"Golden Wing","player_choice":"Gained Gold","floor":7,"damage_taken":0},{"event_name":"Ghosts","player_choice":"Ignored","floor":19,"damage_taken":0},{"event_name":"Drug Dealer","player_choice":"Inject Mutagens","floor":20,"damage_taken":0},{"event_name":"Falling","player_choice":"Removed Skill","floor":36,"damage_taken":0},{"event_name":"Tomb of Lord Red Mask","player_choice":"Ignored","floor":37,"damage_taken":0},{"event_name":"Purifier","player_choice":"Skipped","floor":39,"damage_taken":0},{"event_name":"MindBloom","player_choice":"Fight","floor":47,"damage_taken":0}],"is_beta":true,"boss_relics":[{"not_picked":["Ectoplasm","Astrolabe"],"picked":"WristBlade"},{"not_picked":["Eternal Feather","Runic Pyramid"],"picked":"Cursed Key"}],"items_purged_floors":[],"is_endless":false,"potions_floor_spawned":[10,12,14,16,21,25,28,35,45],"ascension_level":0}