{"gold_per_floor":[111,111,123,123,11,11,30,57,104,104,139,139],"floor_reached":12,"playtime":414,"items_purged":[],"score":172,"play_id":"eaf1f80f-185b-4cb1-a525-b990690c2d97","local_time":"20190528132617","is_ascension_mode":true,"campfire_choices":[{"data":"Uppercut","floor":6,"key":"SMITH"}],"neow_cost":"NONE","seed_source_timestamp":0,"circlet_count":0,"master_deck":["AscendersBane","Strike_R","Strike_R","Strike_R","Strike_R","Strike_R","Defend_R","Defend_R","Defend_R","Defend_R","Bash","Bloodletting","Feel No Pain","Shrug It Off","Uppercut+1","Rampage","Havoc"],"special_seed":0,"relics":["Burning Blood","The Courier","Regal Pillow","Bag of Preparation","Mummified Hand","Smiling Mask"],"potions_floor_usage":[11],"damage_taken":[{"damage":8.0,"enemies":"2 Louse","floor":1.0,"turns":3.0},{"damage":2,"enemies":"Cultist","floor":3,"turns":4},{"damage":10,"enemies":"Small Slimes","floor":7,"turns":4},{"damage":29,"enemies":"Gremlin Nob","floor":8,"turns":4},{"damage":14,"enemies":"Lagavulin","floor":11,"turns":7},{"damage":34,"enemies":"Exordium Thugs","floor":12,"turns":4}],"seed_played":"3835665665999985084","potions_obtained":[{"floor":7,"key":"Ancient Potion"}],"is_trial":false,"path_per_floor":["M","?","M","T","$","R","M","E","T","?","E","M"],"character_chosen":"IRONCLAD","items_purchased":["Uppercut","AttackPotion"],"campfire_rested":0,"item_purchase_floors":[5,5],"current_hp_per_floor":[66,55,59,59,59,59,55,32,32,32,24,0],"gold":139,"neow_bonus":"THREE_CARDS","is_prod":false,"is_daily":false,"chose_seed":false,"campfire_upgraded":1,"win_rate":0,"timestamp":1559039177,"path_taken":["M","?","?","?","$","R","M","E","T","?","E","?"],"build_version":"2019-01-23","purchased_purges":0,"victory":false,"max_hp_per_floor":[75,75,75,75,75,75,75,75,75,75,75,75],"card_choices":[{"not_picked":["Iron Wave","Clash"],"picked":"Bloodletting","floor":0.0},{"not_picked":["Clash","Searing Blow"],"picked":"Feel No Pain","floor":1.0},{"not_picked":["Clash","Iron Wave"],"picked":"Shrug It Off","floor":3},{"not_picked":["Shrug It Off","Heavy Blade"],"picked":"Rampage","floor":7},{"not_picked":["Twin Strike","Perfected Strike"],"picked":"Havoc","floor":8},{"not_picked":["Whirlwind","Pommel Strike","Havoc"],"picked":"SKIP","floor":11}],"player_experience":1039408,"relics_obtained":[{"floor":4,"key":"The Courier"},{"floor":8,"key":"Regal Pillow"},{"floor":9,"key":"Bag of Preparation"},{"floor":11,"key":"Smiling Mask"}],"event_choices":[{"damage_healed":0,"gold_gain":0,"player_choice":"Damaged","damage_taken":11,"max_hp_gain":0,"max_hp_loss":0,"event_name":"Wheel of Change","floor":2,"gold_loss":0},{"damage_healed":0,"gold_gain":0,"player_choice":"Searched \u00271\u0027 times","damage_taken":0,"relics_obtained":["Mummified Hand"],"max_hp_gain":0,"max_hp_loss":0,"event_name":"Dead Adventurer","floor":10,"gold_loss":0}],"is_beta":false,"boss_relics":[],"items_purged_floors":[],"is_endless":false,"potions_floor_spawned":[7],"killed_by":"Exordium Thugs","ascension_level":20}