{"gold_per_floor":[114,39,62,76,91,91,111,111,136,150,179,191,191,191,191,289,289,302,312,44,55,75,75,95,95,118,142,154,166,191,215,227,341,353,382,394,423,485,59,59,59],"floor_reached":41,"playtime":3514,"items_purged":["Doubt","Defend_B","Strike_B"],"score":437,"play_id":"b47b4f51-284d-4b74-bc28-2503fc4c17c3","local_time":"20190408212246","is_ascension_mode":true,"campfire_choices":[{"data":"Zap","floor":6.0,"key":"SMITH"},{"data":"Dualcast","floor":8.0,"key":"SMITH"},{"data":"Defragment","floor":13.0,"key":"SMITH"},{"data":"Defragment","floor":15.0,"key":"SMITH"},{"floor":23.0,"key":"REST"},{"floor":25.0,"key":"REST"},{"floor":29,"key":"REST"},{"floor":32,"key":"REST"},{"floor":40,"key":"REST"}],"neow_cost":"CURSE","seed_source_timestamp":577269306572563,"circlet_count":0,"master_deck":["Strike_B","Strike_B","Strike_B","Defend_B","Defend_B","Defend_B","Zap+1","Dualcast+1","Core Surge","Defragment+1","Leap","Conserve Battery","Loop","Defragment+1","BootSequence","Streamline","Parasite","Conserve Battery","Zap","Electrodynamics","Barrage","Panache","Redo","Amplify","White Noise+1","Coolheaded+1","Ball Lightning+1","Madness","Madness","Self Repair"],"special_seed":0,"relics":["Cracked Core","Bag of Marbles","DataDisk","Bottled Flame","Runic Pyramid","MawBank","Sozu","Gambling Chip","Symbiotic Virus"],"potions_floor_usage":[31,33,38],"damage_taken":[{"damage":1.0,"enemies":"Cultist","floor":1.0,"turns":3.0},{"damage":0.0,"enemies":"Small Slimes","floor":4.0,"turns":2.0},{"damage":0.0,"enemies":"2 Louse","floor":5.0,"turns":2.0},{"damage":0.0,"enemies":"Large Slime","floor":7.0,"turns":5.0},{"damage":17.0,"enemies":"Exordium Thugs","floor":10.0,"turns":4.0},{"damage":3.0,"enemies":"Lagavulin","floor":11.0,"turns":5.0},{"damage":0.0,"enemies":"Exordium Wildlife","floor":12.0,"turns":2.0},{"damage":25.0,"enemies":"Hexaghost","floor":16.0,"turns":6.0},{"damage":15.0,"enemies":"Shell Parasite","floor":18.0,"turns":6.0},{"damage":0.0,"enemies":"Chosen","floor":19.0,"turns":4.0},{"damage":33.0,"enemies":"Snake Plant","floor":21.0,"turns":4.0},{"damage":18.0,"enemies":"Shelled Parasite and Fungi","floor":22.0,"turns":5.0},{"damage":4.0,"enemies":"Snecko","floor":24.0,"turns":4.0},{"damage":0.0,"enemies":"Snake Plant","floor":27.0,"turns":3.0},{"damage":0,"enemies":"Centurion and Healer","floor":30,"turns":5},{"damage":21,"enemies":"3 Cultists","floor":31,"turns":5},{"damage":25,"enemies":"Collector","floor":33,"turns":8},{"damage":8,"enemies":"Orb Walker","floor":35,"turns":3},{"damage":0,"enemies":"3 Shapes","floor":37,"turns":5},{"damage":47,"enemies":"2 Orb Walkers","floor":38,"turns":4},{"damage":33,"enemies":"Nemesis","floor":41,"turns":3}],"seed_played":"3514328601183189372","potions_obtained":[{"floor":1.0,"key":"SkillPotion"},{"floor":5.0,"key":"PowerPotion"},{"floor":10.0,"key":"PowerPotion"},{"floor":11.0,"key":"Energy Potion"},{"floor":19.0,"key":"SpeedPotion"},{"floor":24.0,"key":"Swift Potion"},{"floor":27.0,"key":"SteroidPotion"},{"floor":30,"key":"Weak Potion"},{"floor":31,"key":"Strength Potion"}],"is_trial":false,"path_per_floor":["M","$","T","M","M","R","M","R","T","M","E","M","R","?","R","B",null,"M","M","$","M","M","R","M","R","T","M","$","R","M","M","R","B",null,"M","?","M","?","$","R","E"],"character_chosen":"DEFECT","items_purchased":["Panache","Symbiotic Virus","Self Repair"],"campfire_rested":5,"item_purchase_floors":[20,39,39],"current_hp_per_floor":[74,74,74,74,74,74,74,74,74,57,54,54,54,54,54,29,75,60,60,60,27,9,31,27,49,49,49,49,71,71,50,72,47,75,67,58,58,11,11,33,0],"gold":59,"neow_bonus":"THREE_RARE_CARDS","is_prod":false,"is_daily":false,"chose_seed":false,"campfire_upgraded":4,"win_rate":0,"timestamp":1554754966,"path_taken":["M","$","?","M","?","R","M","R","T","M","E","M","R","?","R","BOSS","M","M","?","M","?","R","M","R","T","M","$","R","M","M","R","BOSS","M","?","M","?","$","R","E"],"build_version":"2019-01-23","purchased_purges":3,"victory":false,"max_hp_per_floor":[75,75,75,75,75,75,75,75,75,75,75,75,75,75,75,75,75,75,75,75,75,75,75,75,75,75,75,75,75,75,75,75,75,75,75,75,75,75,75,75,75],"card_choices":[{"not_picked":["All For One","Multi-Cast"],"picked":"Core Surge","floor":0.0},{"not_picked":["Self Repair","Sweeping Beam"],"picked":"Defragment","floor":1.0},{"not_picked":["Beam Cell","Fusion"],"picked":"Leap","floor":4.0},{"not_picked":["Beam Cell","Sweeping Beam"],"picked":"Conserve Battery","floor":5.0},{"not_picked":["Go for the Eyes","Doom and Gloom"],"picked":"Loop","floor":7.0},{"not_picked":["Steam","Fission"],"picked":"Defragment","floor":10.0},{"not_picked":["Ball Lightning","Scrape"],"picked":"BootSequence","floor":11.0},{"not_picked":["Fusion","Beam Cell"],"picked":"Streamline","floor":12.0},{"not_picked":["Reboot","Buffer"],"picked":"Electrodynamics","floor":16.0},{"not_picked":["Rebound+1","Steam Power","Leap"],"picked":"SKIP","floor":18.0},{"not_picked":["Steam","Gash+1"],"picked":"Barrage","floor":19.0},{"not_picked":["Hologram","Lockon","Streamline"],"picked":"SKIP","floor":21.0},{"not_picked":["Compile Driver","Beam Cell"],"picked":"Redo","floor":22.0},{"not_picked":["Stack","Conserve Battery"],"picked":"Amplify","floor":24.0},{"not_picked":["Coolheaded","Barrage"],"picked":"White Noise+1","floor":27.0},{"not_picked":["Streamline","Stack"],"picked":"Coolheaded+1","floor":30},{"not_picked":["Loop","Core Surge","Steam"],"picked":"SKIP","floor":31},{"not_picked":["Hologram","Barrage"],"picked":"Ball Lightning+1","floor":35},{"not_picked":["Cold Snap","Stack","Redo"],"picked":"SKIP","floor":37}],"player_experience":225352,"relics_obtained":[{"floor":3.0,"key":"Bag of Marbles"},{"floor":9.0,"key":"DataDisk"},{"floor":11.0,"key":"Bottled Flame"},{"floor":26.0,"key":"MawBank"},{"floor":38,"key":"Gambling Chip"}],"event_choices":[{"damage_healed":0.0,"max_hp_gain":0.0,"max_hp_loss":0.0,"gold_gain":0.0,"event_name":"Match and Keep!","player_choice":"3 cards matched","floor":14.0,"gold_loss":0.0,"damage_taken":0.0,"cards_obtained":["Parasite","Conserve Battery","Zap"]},{"damage_healed":0,"gold_gain":0,"player_choice":"Embrace Madness","damage_taken":9,"max_hp_gain":0,"max_hp_loss":0,"event_name":"Winding Halls","floor":36,"gold_loss":0,"cards_obtained":["Madness","Madness"]},{"damage_healed":0,"gold_gain":0,"player_choice":"Fight","damage_taken":0,"max_hp_gain":0,"max_hp_loss":0,"event_name":"Mysterious Sphere","floor":38,"gold_loss":0}],"is_beta":false,"boss_relics":[{"not_picked":["Astrolabe","Philosopher\u0027s Stone"],"picked":"Runic Pyramid"},{"not_picked":["Empty Cage","Coffee Dripper"],"picked":"Sozu"}],"items_purged_floors":[2,20,39],"is_endless":false,"potions_floor_spawned":[1,5,10,11,19,24,27,30,31,37],"killed_by":"Nemesis","ascension_level":2}