{"gold_per_floor":[114,114,34,34,46,46,77,77,77,96,130,142,168,199,211,223],"floor_reached":16,"playtime":674,"items_purged":[],"score":257,"play_id":"e32d214b-c90e-423a-bcf0-a27ccef9aa64","local_time":"20190202130638","is_ascension_mode":true,"campfire_choices":[{"data":"Pommel Strike","floor":6,"key":"SMITH"},{"data":"Bash","floor":8,"key":"SMITH"},{"data":"Immolate","floor":15,"key":"SMITH"}],"neow_cost":"NONE","seed_source_timestamp":1053363379267500,"circlet_count":0,"master_deck":["AscendersBane","Strike_R","Strike_R","Strike_R","Strike_R+1","Strike_R","Defend_R","Defend_R","Defend_R","Defend_R","Bash+1","Pommel Strike+1","Feel No Pain","Evolve+1","Reckless Charge","Shrug It Off","Immolate+1","Wild Strike"],"relics":["Burning Blood","NeowsBlessing","PreservedInsect","Art of War","MawBank"],"potions_floor_usage":[16],"damage_taken":[{"damage":0,"enemies":"Jaw Worm","floor":1,"turns":1},{"damage":0,"enemies":"2 Louse","floor":5,"turns":1},{"damage":0,"enemies":"3 Sentries","floor":7,"turns":2},{"damage":1,"enemies":"Small Slimes","floor":10,"turns":3},{"damage":8,"enemies":"Gremlin Nob","floor":11,"turns":3},{"damage":22,"enemies":"Exordium Thugs","floor":13,"turns":6},{"damage":11,"enemies":"Blue Slaver","floor":14,"turns":4},{"damage":30,"enemies":"The Guardian","floor":16,"turns":9}],"seed_played":"-7022909649528660387","potions_obtained":[{"floor":1,"key":"GamblersBrew"},{"floor":5,"key":"Dexterity Potion"}],"is_trial":false,"path_per_floor":["M","?","$","?","M","R","E","R","T","M","E","?","M","M","R","B"],"character_chosen":"IRONCLAD","items_purchased":["Feel No Pain"],"campfire_rested":0,"item_purchase_floors":[3],"current_hp_per_floor":[74,74,74,74,75,75,75,75,75,75,73,50,34,29,29,0],"gold":223,"neow_bonus":"THREE_ENEMY_KILL","is_prod":false,"is_daily":false,"chose_seed":false,"campfire_upgraded":3,"win_rate":0,"timestamp":1549105598,"path_taken":["M","?","$","?","M","R","E","R","T","M","E","?","M","M","R","BOSS"],"build_version":"2019-01-23","purchased_purges":0,"victory":false,"max_hp_per_floor":[75,75,75,75,75,75,75,75,75,75,75,75,75,75,75,75],"card_choices":[{"not_picked":["Infernal Blade","Wild Strike"],"picked":"Pommel Strike","floor":1},{"not_picked":["Ghostly Armor","Pommel Strike"],"picked":"Evolve","floor":5},{"not_picked":["Pommel Strike","Anger"],"picked":"Reckless Charge","floor":7},{"not_picked":["Combust","Sword Boomerang","Infernal Blade"],"picked":"SKIP","floor":10},{"not_picked":["Dual Wield","Body Slam"],"picked":"Shrug It Off","floor":11},{"not_picked":["Twin Strike","Wild Strike"],"picked":"Immolate","floor":13},{"not_picked":["Heavy Blade","Havoc"],"picked":"Wild Strike","floor":14}],"player_experience":863072,"relics_obtained":[{"floor":7,"key":"PreservedInsect"},{"floor":9,"key":"Art of War"},{"floor":11,"key":"MawBank"}],"event_choices":[{"damage_healed":0,"gold_gain":0,"player_choice":"Leave","damage_taken":0,"max_hp_gain":0,"max_hp_loss":0,"event_name":"The Cleric","floor":2,"gold_loss":0},{"damage_healed":0,"gold_gain":0,"player_choice":"Ignored","damage_taken":0,"max_hp_gain":0,"max_hp_loss":0,"event_name":"Liars Game","floor":4,"gold_loss":0},{"damage_healed":0,"gold_gain":0,"player_choice":"Entered Light","damage_taken":23,"max_hp_gain":0,"max_hp_loss":0,"event_name":"Shining Light","floor":12,"gold_loss":0,"cards_upgraded":["Strike_R","Evolve"]}],"is_beta":false,"boss_relics":[],"items_purged_floors":[],"is_endless":false,"potions_floor_spawned":[1,5,10,13],"killed_by":"The Guardian","ascension_level":18}