{"gold_per_floor":[110,120,120,120,120,120,155,166,243,243,272,287,287,297,297,375,375,389,389,304,304,304,330,330,9,83,83,96,124,157,4,4,83,83,96,96,96,111,211,242,242,255,334,334,334,365,377,429,429,429,429,429,429,8,34,34],"floor_reached":56,"playtime":2756,"items_purged":["Dropkick","Madness+1"],"score":2419,"play_id":"d2a19e78-9e3a-4738-af19-865d062dc8e7","local_time":"20190616093833","is_ascension_mode":true,"campfire_choices":[{"data":"Anger","floor":6.0,"key":"SMITH"},{"data":"Inflame","floor":10.0,"key":"SMITH"},{"data":"Inflame","floor":13.0,"key":"SMITH"},{"data":"Battle Trance","floor":15.0,"key":"SMITH"},{"data":"Barricade","floor":24.0,"key":"SMITH"},{"data":"Bludgeon","floor":27.0,"key":"SMITH"},{"data":"Demon Form","floor":32.0,"key":"SMITH"},{"floor":41.0,"key":"RECALL"},{"data":"Uppercut","floor":44.0,"key":"SMITH"},{"data":"Immolate","floor":49.0,"key":"SMITH"},{"data":"Reaper","floor":53.0,"key":"SMITH"}],"neow_cost":"NONE","seed_source_timestamp":258451208457700,"circlet_count":0,"master_deck":["AscendersBane","Bash+1","Anger+1","Battle Trance+1","Inflame+1","Spot Weakness+1","Armaments+1","Reaper+1","Headbutt","Barricade+1","Limit Break+1","Bludgeon+1","Demon Form+1","Uppercut+1","Pummel+1","Necronomicurse","Ghostly+1","Ghostly+1","Ghostly+1","Immolate+1","Clothesline+1","Impervious+1","Offering+1","Shockwave+1","Madness+1","Warcry+1","Entrench+1","Havoc+1","Pommel Strike+1","Disarm+1","Heavy Blade+1","Heavy Blade+1","Power Through+1","True Grit+1","Discovery+1","Disarm+1"],"special_seed":0,"relics":["Burning Blood","Anchor","Juzu Bracelet","Toxic Egg 2","Singing Bowl","Pandora\u0027s Box","Charon\u0027s Ashes","Necronomicon","Dream Catcher","Torii","Molten Egg 2","Prayer Wheel","Red Mask","Mark of Pain","Turnip","FossilizedHelix","Pocketwatch","Oddly Smooth Stone","Happy Flower","Lantern"],"potions_floor_usage":[56,56],"damage_taken":[{"damage":19.0,"enemies":"Jaw Worm","floor":1.0,"turns":4.0},{"damage":8.0,"enemies":"Small Slimes","floor":2.0,"turns":3.0},{"damage":11.0,"enemies":"Gremlin Nob","floor":7.0,"turns":3.0},{"damage":0.0,"enemies":"Cultist","floor":8.0,"turns":3.0},{"damage":5.0,"enemies":"Lagavulin","floor":11.0,"turns":4.0},{"damage":6.0,"enemies":"3 Louse","floor":12.0,"turns":4.0},{"damage":12.0,"enemies":"Looter","floor":14.0,"turns":3.0},{"damage":19.0,"enemies":"The Guardian","floor":16.0,"turns":12.0},{"damage":20.0,"enemies":"Spheric Guardian","floor":18.0,"turns":4.0},{"damage":10.0,"enemies":"Slavers","floor":23.0,"turns":5.0},{"damage":0.0,"enemies":"Chosen","floor":28.0,"turns":4.0},{"damage":28.0,"enemies":"Book of Stabbing","floor":29.0,"turns":6.0},{"damage":13.0,"enemies":"Masked Bandits","floor":30.0,"turns":3.0},{"damage":11.0,"enemies":"Collector","floor":33.0,"turns":6.0},{"damage":11.0,"enemies":"3 Shapes","floor":35.0,"turns":4.0},{"damage":2.0,"enemies":"Orb Walker","floor":38.0,"turns":3.0},{"damage":6.0,"enemies":"Mind Bloom Boss Battle","floor":39.0,"turns":7.0},{"damage":23.0,"enemies":"Reptomancer","floor":40.0,"turns":4.0},{"damage":2.0,"enemies":"Maw","floor":42.0,"turns":6.0},{"damage":3.0,"enemies":"Nemesis","floor":46.0,"turns":5.0},{"damage":2.0,"enemies":"Transient","floor":47.0,"turns":6.0},{"damage":28.0,"enemies":"Time Eater","floor":50.0,"turns":6.0},{"damage":7.0,"enemies":"Donu and Deca","floor":51.0,"turns":6.0},{"damage":18.0,"enemies":"Shield and Spear","floor":55.0,"turns":2.0},{"damage":67,"enemies":"The Heart","floor":56,"turns":3}],"seed_played":"-1707442148702937525","potions_obtained":[{"floor":2.0,"key":"Strength Potion"},{"floor":8.0,"key":"SpeedPotion"},{"floor":16.0,"key":"Explosive Potion"},{"floor":33.0,"key":"Block Potion"}],"is_trial":false,"path_per_floor":["M","M","?","?","?","R","E","M","T","R","E","M","R","M","R","B",null,"M","?","?","?","?","E","R","$","T","R","M","E","?","$","R","B",null,"M","?","?","M","?","E","R","M","T","R","?","E","M","T","R","B","B",null,"R","$","E","B"],"character_chosen":"IRONCLAD","items_purchased":["Torii","Impervious+1","Discovery+1","Happy Flower","SteroidPotion"],"campfire_rested":0,"item_purchase_floors":[25,31,54,54,54],"current_hp_per_floor":[55,53,46,41,66,66,61,67,67,67,70,70,70,64,64,51,71,59,48,48,27,27,39,39,39,39,39,39,19,39,39,39,43,43,45,45,37,45,45,45,45,45,45,45,45,45,45,45,45,23,45,45,45,45,33,0],"gold":34,"neow_bonus":"UPGRADE_CARD","is_prod":false,"is_daily":false,"chose_seed":false,"campfire_upgraded":10,"win_rate":0,"timestamp":1560667113,"path_taken":["M","M","?","?","?","R","E","M","T","R","E","M","R","M","R","BOSS","M","?","?","?","?","E","R","?","T","R","M","E","?","$","R","BOSS","M","?","?","M","?","E","R","M","T","R","?","E","M","?","R","BOSS","BOSS","R","$","E","BOSS"],"build_version":"2019-01-23","purchased_purges":2,"victory":false,"max_hp_per_floor":[75,75,75,75,75,75,75,75,75,75,77,77,77,77,77,77,77,79,79,79,79,39,39,39,39,39,39,39,41,43,43,43,43,43,45,45,45,45,45,45,45,45,45,45,45,45,45,45,45,45,45,45,45,45,45,45],"card_choices":[{"not_picked":["Rage","Flex"],"picked":"Anger","floor":1.0},{"not_picked":["Thunderclap","Carnage"],"picked":"Battle Trance","floor":2.0},{"not_picked":["Thunderclap","Shrug It Off"],"picked":"Inflame","floor":7.0},{"not_picked":["Dual Wield","Clash"],"picked":"Inflame","floor":8.0},{"not_picked":["Body Slam","Warcry+1","Twin Strike"],"picked":"Singing Bowl","floor":11.0},{"not_picked":["Intimidate+1","Armaments+1"],"picked":"Spot Weakness+1","floor":12.0},{"not_picked":["Fiend Fire","Thunderclap"],"picked":"Armaments+1","floor":14.0},{"not_picked":["Demon Form","Berserk"],"picked":"Reaper","floor":16.0},{"not_picked":["Second Wind+1","Ghostly Armor+1","Wild Strike"],"picked":"Singing Bowl","floor":18.0},{"not_picked":["Anger+1","Headbutt"],"picked":"Immolate","floor":23.0},{"not_picked":["Body Slam+1","Ghostly Armor+1"],"picked":"Clothesline+1","floor":28.0},{"not_picked":["Cleave+1","Anger+1","Spot Weakness+1"],"picked":"Singing Bowl","floor":29.0},{"not_picked":["Perfected Strike+1","Body Slam+1","Armaments+1"],"picked":"Singing Bowl","floor":30.0},{"not_picked":["Immolate+1","Barricade"],"picked":"Offering+1","floor":33.0},{"not_picked":["Thunderclap+1","Havoc+1"],"picked":"Shockwave+1","floor":35.0},{"not_picked":["Wild Strike+1","Thunderclap+1","Clash+1"],"picked":"Singing Bowl","floor":35.0},{"not_picked":["Iron Wave+1","Armaments+1"],"picked":"Warcry+1","floor":38.0},{"not_picked":["Corruption","Thunderclap+1"],"picked":"Entrench+1","floor":38.0},{"not_picked":["Anger+1","Flex+1"],"picked":"Havoc+1","floor":39.0},{"not_picked":["Bloodletting+1","Flex+1"],"picked":"Pommel Strike+1","floor":40.0},{"not_picked":["Feed+1","Armaments+1"],"picked":"Disarm+1","floor":42.0},{"not_picked":["Rage+1","Combust+1"],"picked":"Heavy Blade+1","floor":42.0},{"not_picked":["Pommel Strike+1","Body Slam+1"],"picked":"Heavy Blade+1","floor":46.0},{"not_picked":["Blood for Blood+1","Flex+1"],"picked":"Power Through+1","floor":47.0},{"not_picked":["Blood for Blood+1","Hemokinesis+1"],"picked":"True Grit+1","floor":47.0},{"not_picked":["Warcry+1","Feel No Pain"],"picked":"Disarm+1","floor":55.0}],"player_experience":1121867,"relics_obtained":[{"floor":7.0,"key":"Juzu Bracelet"},{"floor":9.0,"key":"Toxic Egg 2"},{"floor":11.0,"key":"Singing Bowl"},{"floor":21.0,"key":"Necronomicon"},{"floor":23.0,"key":"Dream Catcher"},{"floor":26.0,"key":"Molten Egg 2"},{"floor":29.0,"key":"Prayer Wheel"},{"floor":30.0,"key":"Red Mask"},{"floor":39.0,"key":"Turnip"},{"floor":40.0,"key":"FossilizedHelix"},{"floor":46.0,"key":"Pocketwatch"},{"floor":48.0,"key":"Oddly Smooth Stone"},{"floor":55.0,"key":"Lantern"}],"event_choices":[{"cards_removed":["Strike_R"],"damage_healed":0.0,"max_hp_gain":0.0,"max_hp_loss":0.0,"gold_gain":0.0,"event_name":"Golden Wing","player_choice":"Card Removal","floor":3.0,"gold_loss":0.0,"damage_taken":7.0},{"damage_healed":0.0,"max_hp_gain":0.0,"max_hp_loss":0.0,"gold_gain":0.0,"event_name":"Scrap Ooze","player_choice":"Success","floor":4.0,"gold_loss":0.0,"damage_taken":5.0,"relics_obtained":["Anchor"]},{"damage_healed":25.0,"max_hp_gain":0.0,"max_hp_loss":0.0,"gold_gain":0.0,"event_name":"Big Fish","player_choice":"Banana","floor":5.0,"gold_loss":0.0,"damage_taken":0.0},{"damage_healed":0.0,"max_hp_gain":0.0,"max_hp_loss":0.0,"gold_gain":0.0,"event_name":"Wheel of Change","player_choice":"Damaged","floor":19.0,"gold_loss":0.0,"damage_taken":11.0},{"damage_healed":0.0,"max_hp_gain":0.0,"max_hp_loss":0.0,"gold_gain":0.0,"event_name":"Addict","player_choice":"Obtained Relic","floor":20.0,"gold_loss":85.0,"damage_taken":0.0,"relics_obtained":["Charon\u0027s Ashes"]},{"damage_healed":0.0,"max_hp_gain":0.0,"max_hp_loss":0.0,"gold_gain":0.0,"event_name":"Cursed Tome","player_choice":"Obtained Book","floor":21.0,"gold_loss":0.0,"damage_taken":21.0},{"damage_healed":0.0,"max_hp_gain":0.0,"max_hp_loss":40.0,"gold_gain":0.0,"event_name":"Ghosts","player_choice":"Became a Ghost","floor":22.0,"gold_loss":0.0,"damage_taken":0.0,"cards_obtained":["Ghostly","Ghostly","Ghostly"]},{"damage_healed":0.0,"max_hp_gain":0.0,"max_hp_loss":0.0,"gold_gain":0.0,"event_name":"Masked Bandits","player_choice":"Fought Bandits","floor":30.0,"gold_loss":0.0,"damage_taken":0.0},{"cards_removed":["Inflame"],"damage_healed":0.0,"max_hp_gain":0.0,"max_hp_loss":0.0,"gold_gain":0.0,"event_name":"Falling","player_choice":"Removed Power","floor":36.0,"gold_loss":0.0,"damage_taken":0.0},{"damage_healed":0.0,"max_hp_gain":0.0,"max_hp_loss":0.0,"gold_gain":0.0,"event_name":"Winding Halls","player_choice":"Embrace Madness","floor":37.0,"gold_loss":0.0,"damage_taken":8.0,"cards_obtained":["Madness","Madness"]},{"damage_healed":0.0,"max_hp_gain":0.0,"max_hp_loss":0.0,"gold_gain":0.0,"event_name":"MindBloom","player_choice":"Fight","floor":39.0,"gold_loss":0.0,"damage_taken":0.0},{"damage_healed":0.0,"max_hp_gain":0.0,"max_hp_loss":0.0,"gold_gain":0.0,"event_name":"Accursed Blacksmith","player_choice":"Forge","floor":45.0,"gold_loss":0.0,"damage_taken":0.0,"cards_upgraded":["Pummel"]}],"is_beta":false,"boss_relics":[{"not_picked":["Eternal Feather","White Beast Statue"],"picked":"Pandora\u0027s Box"},{"not_picked":["Orrery","Tiny House"],"picked":"Mark of Pain"}],"items_purged_floors":[31,54],"is_endless":false,"potions_floor_spawned":[2,8,12,16,28,33,38,39,46],"killed_by":"The Heart","ascension_level":20}