{"gold_per_floor":[149,159,173,187,205,238,238],"floor_reached":7,"playtime":561,"items_purged":[],"score":105,"play_id":"a63e86d8-cedd-4173-bca6-9e4472f51a4b","local_time":"20190203124350","is_ascension_mode":true,"campfire_choices":[],"neow_cost":"NONE","seed_source_timestamp":1138508565977100,"circlet_count":0,"master_deck":["AscendersBane","Strike_R","Strike_R","Strike_R","Strike_R","Strike_R","Defend_R","Defend_R","Defend_R","Defend_R","Bash","Pommel Strike","Feel No Pain","Searing Blow","Reckless Charge","Inflame","Twin Strike"],"relics":["Burning Blood","Tiny Chest","Orichalcum"],"potions_floor_usage":[6,6],"damage_taken":[{"damage":1,"enemies":"Cultist","floor":1,"turns":3},{"damage":9,"enemies":"Jaw Worm","floor":2,"turns":3},{"damage":6,"enemies":"2 Louse","floor":3,"turns":3},{"damage":25,"enemies":"Lots of Slimes","floor":4,"turns":6},{"damage":17,"enemies":"Blue Slaver","floor":5,"turns":6},{"damage":27,"enemies":"Lagavulin","floor":6,"turns":7},{"damage":23,"enemies":"The Mushroom Lair","floor":7,"turns":2}],"seed_played":"-1837634015674870913","potions_obtained":[{"floor":4,"key":"AttackPotion"},{"floor":5,"key":"Fire Potion"}],"is_trial":false,"path_per_floor":["M","M","M","M","M","E","?"],"character_chosen":"IRONCLAD","items_purchased":[],"campfire_rested":0,"item_purchase_floors":[],"current_hp_per_floor":[73,70,70,51,40,19,0],"gold":238,"neow_bonus":"RANDOM_COMMON_RELIC","is_prod":false,"is_daily":false,"chose_seed":false,"campfire_upgraded":0,"win_rate":0,"timestamp":1549190630,"path_taken":["M","?","?","M","?","E","?"],"build_version":"2019-01-23","purchased_purges":0,"victory":false,"max_hp_per_floor":[75,75,75,75,75,75,75],"card_choices":[{"not_picked":["Wild Strike","Clash"],"picked":"Pommel Strike","floor":1},{"not_picked":["Warcry","Burning Pact"],"picked":"Feel No Pain","floor":2},{"not_picked":["Perfected Strike","Heavy Blade"],"picked":"Searing Blow","floor":3},{"not_picked":["Havoc","Clash"],"picked":"Reckless Charge","floor":4},{"not_picked":["Limit Break","True Grit"],"picked":"Inflame","floor":5},{"not_picked":["Infernal Blade","Clothesline"],"picked":"Twin Strike","floor":6}],"player_experience":863746,"relics_obtained":[{"floor":6,"key":"Orichalcum"}],"event_choices":[{"damage_healed":0,"gold_gain":0,"player_choice":"Fought Mushrooms","damage_taken":0,"max_hp_gain":0,"max_hp_loss":0,"event_name":"Mushrooms","floor":7,"gold_loss":0}],"is_beta":false,"boss_relics":[],"items_purged_floors":[],"is_endless":false,"potions_floor_spawned":[4,5],"killed_by":"The Mushroom Lair","ascension_level":18}