{"gold_per_floor":[113,133,149,149,164,164,114,114,114,114,41,41,57,73,73,169,169,186,202,22,33,43,43,43],"floor_reached":24,"playtime":2246,"items_purged":["Strike_B"],"score":252,"play_id":"3341d4f4-931b-4f6f-b9dc-f33e8c731e75","local_time":"20190312134201","is_ascension_mode":true,"campfire_choices":[{"data":"Dualcast","floor":6,"key":"SMITH"},{"data":"Conserve Battery","floor":8,"key":"SMITH"},{"floor":15,"key":"REST"},{"floor":23,"key":"REST"}],"neow_cost":"TEN_PERCENT_HP_LOSS","seed_source_timestamp":2413306552155188,"circlet_count":0,"master_deck":["Strike_B","Defend_B","Defend_B","Defend_B","Zap","Dualcast+1","Sweeping Beam","Coolheaded","Static Discharge","Conserve Battery+1","Ball Lightning","Tempest","Barrage","Buffer","Loop","Redo+1","Storm","Force Field","Redo","Seek"],"relics":["Cracked Core","Bird Faced Urn","Ornamental Fan","Gambling Chip","Sozu"],"potions_floor_usage":[13,21],"damage_taken":[{"damage":6,"enemies":"Jaw Worm","floor":1,"turns":3},{"damage":0,"enemies":"Small Slimes","floor":2,"turns":2},{"damage":0,"enemies":"2 Louse","floor":3,"turns":1},{"damage":0,"enemies":"Large Slime","floor":5,"turns":8},{"damage":6,"enemies":"Lots of Slimes","floor":13,"turns":3},{"damage":0,"enemies":"Exordium Wildlife","floor":14,"turns":2},{"damage":0,"enemies":"Slime Boss","floor":16,"turns":9},{"damage":7,"enemies":"2 Thieves","floor":18,"turns":4},{"damage":5,"enemies":"3 Byrds","floor":19,"turns":3},{"damage":14,"enemies":"Sentry and Sphere","floor":21,"turns":5},{"damage":16,"enemies":"Cultist and Chosen","floor":22,"turns":6},{"damage":74,"enemies":"Slavers","floor":24,"turns":5}],"seed_played":"-5475037723235388122","potions_obtained":[{"floor":3,"key":"Strength Potion"},{"floor":14,"key":"SmokeBomb"}],"is_trial":false,"path_per_floor":["M","M","M","?","M","R","?","R","T","?","$","?","M","M","R","B",null,"M","M","$","M","M","R","E"],"character_chosen":"DEFECT","items_purchased":["Ball Lightning","Block Potion","Storm","Force Field"],"campfire_rested":2,"item_purchase_floors":[11,11,20,20],"current_hp_per_floor":[62,62,62,55,57,57,57,57,57,45,45,45,39,39,59,61,68,63,62,62,54,46,66,0],"gold":43,"neow_bonus":"ONE_RARE_RELIC","is_prod":false,"is_daily":false,"chose_seed":false,"campfire_upgraded":2,"win_rate":0,"timestamp":1552398121,"path_taken":["M","M","M","?","M","R","?","R","T","?","$","?","M","M","R","BOSS","M","?","$","M","M","R","E"],"build_version":"2019-01-23","purchased_purges":1,"victory":false,"max_hp_per_floor":[68,68,68,68,68,68,68,68,68,68,68,68,68,68,68,68,68,68,68,68,68,68,68,68],"card_choices":[{"not_picked":["Rebound","Chill"],"picked":"Sweeping Beam","floor":1},{"not_picked":["Lockon","Cold Snap"],"picked":"Coolheaded","floor":2},{"not_picked":["Go for the Eyes","Hologram"],"picked":"Static Discharge","floor":3},{"not_picked":["Hologram","Force Field"],"picked":"Conserve Battery","floor":5},{"not_picked":["Coolheaded","Chaos","Sweeping Beam"],"picked":"SKIP","floor":13},{"not_picked":["Compile Driver","Gash"],"picked":"Barrage","floor":14},{"not_picked":["Amplify","Fission"],"picked":"Buffer","floor":16},{"not_picked":["Steam+1","Recycle"],"picked":"Loop","floor":18},{"not_picked":["Stack","Go for the Eyes"],"picked":"Redo+1","floor":19},{"not_picked":["Scrape","Turbo"],"picked":"Redo","floor":21},{"not_picked":["Rip and Tear","Coolheaded+1"],"picked":"Seek","floor":22}],"player_experience":176722,"relics_obtained":[{"floor":9,"key":"Ornamental Fan"}],"event_choices":[{"cards_removed":["Strike_B"],"damage_healed":0,"gold_gain":0,"player_choice":"Card Removal","damage_taken":7,"max_hp_gain":0,"max_hp_loss":0,"event_name":"Golden Wing","floor":4,"gold_loss":0},{"cards_removed":["Defend_B"],"damage_healed":0,"gold_gain":0,"player_choice":"Card Removal","damage_taken":0,"max_hp_gain":0,"max_hp_loss":0,"event_name":"The Cleric","floor":7,"gold_loss":50},{"damage_healed":0,"gold_gain":0,"player_choice":"Success","damage_taken":12,"relics_obtained":["Gambling Chip"],"max_hp_gain":0,"max_hp_loss":0,"event_name":"Scrap Ooze","floor":10,"gold_loss":0},{"damage_healed":0,"gold_gain":0,"cards_transformed":["Strike_B"],"player_choice":"Transformed","damage_taken":0,"max_hp_gain":0,"max_hp_loss":0,"event_name":"Transmorgrifier","floor":12,"gold_loss":0,"cards_obtained":["Tempest"]}],"is_beta":false,"boss_relics":[{"not_picked":["Runic Dome","Snecko Eye"],"picked":"Sozu"}],"items_purged_floors":[20],"is_endless":false,"potions_floor_spawned":[3,14,19,22],"killed_by":"Slavers","ascension_level":1}