{"gold_per_floor":[116,116,136,136,161,180,180,130,130,130,145,145,158,178,178,308,308,322,347,347,262,279,309,309,319,344,344,369,294,313,26,26,127,127,146,146,159,159,159,159,171,181,227,227,242,91,102,112,112,112,112,112,112,139,139],"floor_reached":55,"playtime":1616,"items_purged":["Defend_R","Strike_R"],"score":713,"play_id":"ac377702-aaf7-4162-a5c3-79f1d110191f","local_time":"20181222022545","is_ascension_mode":false,"campfire_choices":[{"data":"Whirlwind","floor":7,"key":"SMITH"},{"data":"1","floor":12,"key":"LIFT"},{"data":"2","floor":15,"key":"LIFT"},{"data":"3","floor":24,"key":"LIFT"},{"data":"Limit Break","floor":27,"key":"SMITH"},{"floor":32,"key":"RECALL"},{"data":"Heavy Blade","floor":40,"key":"SMITH"},{"data":"Apotheosis","floor":44,"key":"SMITH"},{"data":"Uppercut","floor":49,"key":"SMITH"},{"data":"Shockwave","floor":52,"key":"SMITH"}],"neow_cost":"PERCENT_DAMAGE","seed_source_timestamp":378389127739437,"circlet_count":0,"master_deck":["Strike_R","Defend_R","Defend_R","Bash","Seeing Red","Heavy Blade+1","Seeing Red","Whirlwind+1","Flex","Battle Trance","Limit Break+1","Shrug It Off","Evolve","Reaper","Apotheosis+1","Offering","Limit Break+1","Iron Wave+1","Shockwave+1","Heavy Blade+1","Offering","Uppercut+1"],"relics":["Burning Blood","Bloody Idol","Question Card","Girya","Empty Cage","Ginger","Kunai","Vajra","Red Mask","Sozu","Dream Catcher","PreservedInsect","Champion Belt"],"potions_floor_usage":[23,55,55,55],"damage_taken":[{"damage":8,"enemies":"Jaw Worm","floor":1,"turns":5},{"damage":1,"enemies":"Cultist","floor":3,"turns":3},{"damage":2,"enemies":"Small Slimes","floor":5,"turns":3},{"damage":9,"enemies":"Blue Slaver","floor":6,"turns":4},{"damage":14,"enemies":"Gremlin Gang","floor":11,"turns":3},{"damage":0,"enemies":"2 Fungi Beasts","floor":13,"turns":2},{"damage":0,"enemies":"3 Louse","floor":14,"turns":1},{"damage":53,"enemies":"The Guardian","floor":16,"turns":11},{"damage":10,"enemies":"Chosen","floor":18,"turns":4},{"damage":19,"enemies":"Spheric Guardian","floor":19,"turns":4},{"damage":22,"enemies":"Chosen and Byrds","floor":22,"turns":5},{"damage":30,"enemies":"Slavers","floor":23,"turns":4},{"damage":10,"enemies":"Snecko","floor":25,"turns":4},{"damage":0,"enemies":"Masked Bandits","floor":28,"turns":2},{"damage":15,"enemies":"Snake Plant","floor":30,"turns":3},{"damage":77,"enemies":"Collector","floor":33,"turns":6},{"damage":6,"enemies":"3 Darklings","floor":35,"turns":1},{"damage":10,"enemies":"Orb Walker","floor":37,"turns":3},{"damage":0,"enemies":"3 Darklings","floor":41,"turns":2},{"damage":6,"enemies":"Spire Growth","floor":42,"turns":2},{"damage":11,"enemies":"Sphere and 2 Shapes","floor":45,"turns":3},{"damage":6,"enemies":"Jaw Worm Horde","floor":47,"turns":1},{"damage":15,"enemies":"Maw","floor":48,"turns":3},{"damage":39,"enemies":"Awakened One","floor":50,"turns":4},{"damage":63,"enemies":"Shield and Spear","floor":54,"turns":3},{"damage":74,"enemies":"The Heart","floor":55,"turns":3}],"seed_played":"2148556590802941483","potions_obtained":[{"floor":1,"key":"SneckoOil"},{"floor":3,"key":"SkillPotion"},{"floor":11,"key":"SkillPotion"},{"floor":13,"key":"Fire Potion"},{"floor":23,"key":"Regen Potion"}],"is_trial":false,"path_per_floor":["M","?","M","T","M","M","R","?","T","?","M","R","M","M","R","B",null,"M","M","?","?","M","E","R","M","T","R","?","$","M","$","R","B",null,"M","?","M","T","?","R","M","M","T","R","M","$","M","M","R","B",null,"R","$","E","B"],"character_chosen":"IRONCLAD","items_purchased":["Apotheosis","PreservedInsect"],"campfire_rested":0,"item_purchase_floors":[31,46],"current_hp_per_floor":[70,46,51,51,55,52,52,52,52,52,44,44,50,56,56,9,96,92,79,79,79,68,49,49,50,55,55,66,66,76,76,76,49,96,96,96,96,96,96,96,96,96,96,96,96,96,96,96,96,86,96,96,96,64,0],"gold":139,"neow_bonus":"TWENTY_PERCENT_HP_BONUS","is_prod":false,"is_daily":false,"chose_seed":false,"campfire_upgraded":6,"win_rate":0,"timestamp":1545413145,"path_taken":["M","?","M","?","?","M","R","?","T","?","M","R","M","M","R","BOSS","M","?","?","?","M","E","R","M","T","R","?","$","M","$","R","BOSS","M","?","?","?","?","R","M","M","T","R","M","$","M","M","R","BOSS","R","$","E","BOSS"],"build_version":"2018-12-20","purchased_purges":2,"victory":false,"max_hp_per_floor":[96,96,96,96,96,96,96,96,96,96,96,96,96,96,96,96,96,96,96,96,96,96,96,96,96,96,96,96,96,96,96,96,96,96,96,96,96,96,96,96,96,96,96,96,96,96,96,96,96,96,96,96,96,96,96],"card_choices":[{"not_picked":["Rage","Entrench"],"picked":"Seeing Red","floor":1},{"not_picked":["Flex","Power Through"],"picked":"Heavy Blade","floor":3},{"not_picked":["Shrug It Off","Heavy Blade","Rampage"],"picked":"Seeing Red","floor":5},{"not_picked":["Cleave","Sentinel","Disarm"],"picked":"Whirlwind","floor":6},{"not_picked":["Feel No Pain","Evolve","Reckless Charge"],"picked":"Flex","floor":11},{"not_picked":["Anger","Pommel Strike","Sword Boomerang","Clash"],"picked":"SKIP","floor":13},{"not_picked":["Twin Strike","Clothesline","Thunderclap"],"picked":"Battle Trance","floor":14},{"not_picked":["Feed","Fiend Fire","Exhume"],"picked":"Limit Break","floor":16},{"not_picked":["Searing Blow+1","Warcry","Clash"],"picked":"Shrug It Off","floor":18},{"not_picked":["Body Slam","Rupture","Hemokinesis"],"picked":"Evolve","floor":19},{"not_picked":["Flex","Feel No Pain","Entrench","Rampage+1"],"picked":"SKIP","floor":22},{"not_picked":["Clash+1","Headbutt+1","Cleave+1","Anger"],"picked":"SKIP","floor":23},{"not_picked":["Corruption","Anger","Searing Blow"],"picked":"Reaper","floor":25},{"not_picked":["Perfected Strike","Heavy Blade","Pommel Strike","Havoc+1"],"picked":"SKIP","floor":30},{"not_picked":["Double Tap","Impervious","Brutality"],"picked":"Offering","floor":33},{"not_picked":["Combust+1","Feel No Pain+1","Rage","Sword Boomerang+1"],"picked":"SKIP","floor":35},{"not_picked":["Blood for Blood","Havoc","Warcry+1"],"picked":"Iron Wave+1","floor":37},{"not_picked":["Twin Strike","Shrug It Off","Clash+1"],"picked":"Shockwave","floor":41},{"not_picked":["Thunderclap","True Grit+1","Power Through","Intimidate"],"picked":"SKIP","floor":42},{"not_picked":["Thunderclap+1","Flex","True Grit+1"],"picked":"Heavy Blade+1","floor":45},{"not_picked":["Uppercut","Rage","Perfected Strike+1"],"picked":"Offering","floor":47},{"not_picked":["Wild Strike+1","Armaments","Shrug It Off"],"picked":"Uppercut","floor":48},{"not_picked":["Cleave","Pommel Strike","Bloodletting+1","Perfected Strike"],"picked":"SKIP","floor":54}],"player_experience":649271,"relics_obtained":[{"floor":4,"key":"Question Card"},{"floor":9,"key":"Girya"},{"floor":23,"key":"Kunai"},{"floor":26,"key":"Vajra"},{"floor":28,"key":"Red Mask"},{"floor":43,"key":"Dream Catcher"},{"floor":54,"key":"Champion Belt"}],"event_choices":[{"damage_healed":0,"gold_gain":0,"player_choice":"Take Damage","damage_taken":24,"relics_obtained":["Golden Idol"],"max_hp_gain":0,"max_hp_loss":0,"event_name":"Golden Idol","floor":2,"gold_loss":0},{"cards_removed":["Strike_R"],"damage_healed":0,"gold_gain":0,"player_choice":"Card Removal","damage_taken":0,"max_hp_gain":0,"max_hp_loss":0,"event_name":"The Cleric","floor":8,"gold_loss":50},{"cards_removed":["Strike_R"],"damage_healed":0,"gold_gain":0,"player_choice":"Offered Basic","damage_taken":0,"max_hp_gain":0,"max_hp_loss":0,"event_name":"Bonfire Elementals","floor":10,"gold_loss":0},{"damage_healed":0,"gold_gain":0,"player_choice":"Gave Idol","damage_taken":0,"relics_obtained":["Bloody Idol"],"max_hp_gain":0,"max_hp_loss":0,"event_name":"Forgotten Altar","floor":20,"relics_lost":["Golden Idol"],"gold_loss":0},{"damage_healed":0,"gold_gain":0,"player_choice":"Obtained Relic","damage_taken":0,"relics_obtained":["Ginger"],"max_hp_gain":0,"max_hp_loss":0,"event_name":"Addict","floor":21,"gold_loss":85},{"damage_healed":0,"gold_gain":0,"player_choice":"Fought Bandits","damage_taken":0,"max_hp_gain":0,"max_hp_loss":0,"event_name":"Masked Bandits","floor":28,"gold_loss":0},{"damage_healed":0,"gold_gain":0,"player_choice":"Copied","damage_taken":0,"max_hp_gain":0,"max_hp_loss":0,"event_name":"Duplicator","floor":36,"gold_loss":0,"cards_obtained":["Limit Break"]},{"damage_healed":0,"gold_gain":0,"player_choice":"0 cards matched","damage_taken":0,"max_hp_gain":0,"max_hp_loss":0,"event_name":"Match and Keep!","floor":39,"gold_loss":0,"cards_obtained":[]}],"is_beta":false,"boss_relics":[{"not_picked":["Tiny House","Lizard Tail"],"picked":"Empty Cage"},{"not_picked":["Cursed Key","Runic Dome"],"picked":"Sozu"}],"items_purged_floors":[29,31],"is_endless":false,"potions_floor_spawned":[1,3,11,13,18,22,23,35,41,42],"killed_by":"The Heart","ascension_level":0}