{"gold_per_floor":[118,68,83,83,97,97,111,111,138,148,3,31,50,61,61,156,156,167,185,110,31,31,31,43,43,124,124,138,66,66,83,83,179,179,190,465,485,503,281,281,296,310,337,337,337,337,337,347,347,347],"floor_reached":51,"playtime":3187,"items_purged":["Defend_G","Regret"],"score":1051,"play_id":"c0bed081-54f1-4541-ad13-1da5c281e37e","local_time":"20190215115442","is_ascension_mode":true,"campfire_choices":[{"data":"Neutralize","floor":6.0,"key":"SMITH"},{"data":"Choke","floor":8.0,"key":"SMITH"},{"data":"Footwork","floor":15.0,"key":"SMITH"},{"data":"Catalyst","floor":23.0,"key":"SMITH"},{"data":"Noxious Fumes","floor":25.0,"key":"SMITH"},{"data":"Footwork","floor":30.0,"key":"SMITH"},{"data":"Noxious Fumes","floor":32.0,"key":"SMITH"},{"floor":44,"key":"REST"},{"data":"Envenom","floor":46,"key":"SMITH"},{"floor":49,"key":"REST"}],"neow_cost":"PERCENT_DAMAGE","seed_source_timestamp":156781112134194,"circlet_count":0,"master_deck":["AscendersBane","Defend_G","Defend_G","Defend_G","Strike_G","Survivor","Neutralize+1","Choke+1","Cloak And Dagger","Noxious Fumes+1","Bouncing Flask","Deflect","Noxious Fumes+1","Caltrops","PiercingWail","Footwork+1","Corpse Explosion","Adrenaline","Backflip","Catalyst+1","Bouncing Flask","Caltrops","Footwork+1","Well Laid Plans","Cloak And Dagger","Envenom+1","Deflect","Acrobatics","Blade Dance+1","Footwork+1","Blade Dance","Deadly Poison+1","Backflip+1","Dodge and Roll","Infinite Blades","PiercingWail","Deflect+1"],"special_seed":0,"relics":["Ring of the Snake","Lantern","Odd Mushroom","Philosopher\u0027s Stone","Letter Opener","Orrery","Snake Skull"],"potions_floor_usage":[38,40,50],"damage_taken":[{"damage":2.0,"enemies":"Cultist","floor":1.0,"turns":5.0},{"damage":0.0,"enemies":"2 Louse","floor":3.0,"turns":3.0},{"damage":0.0,"enemies":"Small Slimes","floor":5.0,"turns":3.0},{"damage":9.0,"enemies":"2 Fungi Beasts","floor":7.0,"turns":4.0},{"damage":1.0,"enemies":"Red Slaver","floor":10.0,"turns":4.0},{"damage":15.0,"enemies":"The Mushroom Lair","floor":12.0,"turns":5.0},{"damage":3.0,"enemies":"Exordium Wildlife","floor":13.0,"turns":5.0},{"damage":5.0,"enemies":"Gremlin Gang","floor":14.0,"turns":5.0},{"damage":7.0,"enemies":"Hexaghost","floor":16.0,"turns":8.0},{"damage":10.0,"enemies":"2 Thieves","floor":18.0,"turns":4.0},{"damage":1.0,"enemies":"3 Byrds","floor":19.0,"turns":2.0},{"damage":3.0,"enemies":"Snecko","floor":24.0,"turns":4.0},{"damage":8.0,"enemies":"Snake Plant","floor":28.0,"turns":3.0},{"damage":10.0,"enemies":"Chosen and Byrds","floor":31.0,"turns":5.0},{"damage":17.0,"enemies":"Collector","floor":33.0,"turns":7.0},{"damage":6.0,"enemies":"Orb Walker","floor":35.0,"turns":5.0},{"damage":7.0,"enemies":"3 Shapes","floor":37.0,"turns":4.0},{"damage":17,"enemies":"Transient","floor":38,"turns":5},{"damage":0,"enemies":"Reptomancer","floor":40,"turns":2},{"damage":1,"enemies":"Jaw Worm Horde","floor":41,"turns":3},{"damage":5,"enemies":"3 Darklings","floor":42,"turns":3},{"damage":30,"enemies":"Transient","floor":48,"turns":5},{"damage":24,"enemies":"Time Eater","floor":50,"turns":12}],"seed_played":"-1391402600015992492","potions_obtained":[{"floor":1.0,"key":"SkillPotion"},{"floor":12.0,"key":"SteroidPotion"},{"floor":16.0,"key":"Regen Potion"},{"floor":24.0,"key":"SmokeBomb"},{"floor":31.0,"key":"Poison Potion"},{"floor":37.0,"key":"Explosive Potion"},{"floor":38,"key":"Energy Potion"},{"floor":48,"key":"Dexterity Potion"}],"is_trial":false,"path_per_floor":["M","$","M","?","M","R","M","R","T","M","$","?","M","M","R","B",null,"M","M","?","$","?","R","M","R","T","?","M","$","R","M","R","B",null,"M","?","M","M","$","E","M","M","T","R","?","R","?","M","R","B",null],"character_chosen":"THE_SILENT","items_purchased":["Cloak And Dagger","Caltrops","Catalyst","Well Laid Plans","Dodge and Roll","Infinite Blades"],"campfire_rested":2,"item_purchase_floors":[2,11,21,29,39,39],"current_hp_per_floor":[43,43,43,43,43,43,34,34,34,33,33,18,15,10,10,3,53,43,42,42,42,42,42,51,51,51,51,43,43,43,33,33,16,57,51,51,44,27,27,27,26,21,21,42,42,42,42,12,31,7],"gold":347,"neow_bonus":"REMOVE_TWO","is_prod":false,"is_daily":false,"chose_seed":false,"campfire_upgraded":8,"win_rate":0,"timestamp":1550199282,"path_taken":["M","$","M","?","?","R","?","R","T","M","$","?","M","M","R","BOSS","M","M","?","$","?","R","M","R","T","?","?","$","R","M","R","BOSS","M","?","M","M","$","E","?","M","T","R","?","R","?","M","R","BOSS"],"build_version":"2019-01-23","purchased_purges":2,"victory":true,"max_hp_per_floor":[70,70,70,70,70,70,70,70,70,70,70,70,70,70,70,70,70,70,70,70,70,70,70,70,70,70,70,70,70,70,70,70,70,70,70,70,70,70,70,70,70,70,70,70,70,70,66,66,66,66],"card_choices":[{"not_picked":["Flechettes","Setup"],"picked":"Choke","floor":1.0},{"not_picked":["Acrobatics","Flying Knee"],"picked":"Noxious Fumes","floor":3.0},{"not_picked":["Reflex","Finisher"],"picked":"Bouncing Flask","floor":5.0},{"not_picked":["Bane","Choke"],"picked":"Deflect","floor":7.0},{"not_picked":["Blade Dance","Acrobatics"],"picked":"Noxious Fumes","floor":10.0},{"not_picked":["Bane","Dagger Throw"],"picked":"PiercingWail","floor":12.0},{"not_picked":["Blur","Dash"],"picked":"Footwork","floor":13.0},{"not_picked":["Prepared","Quick Slash"],"picked":"Corpse Explosion","floor":14.0},{"not_picked":["Tools of the Trade","Night Terror"],"picked":"Adrenaline","floor":16.0},{"not_picked":["Flechettes","Slice","Underhanded Strike+1"],"picked":"SKIP","floor":18.0},{"not_picked":["Tactician","Expertise"],"picked":"Backflip","floor":19.0},{"not_picked":["Poisoned Stab+1","Slice"],"picked":"Bouncing Flask","floor":24.0},{"not_picked":["Dash","Deflect"],"picked":"Footwork","floor":28.0},{"not_picked":["Underhanded Strike","Poisoned Stab+1"],"picked":"Cloak And Dagger","floor":31.0},{"not_picked":["Glass Knife","Venomology"],"picked":"Envenom","floor":33.0},{"not_picked":["Slice","Concentrate+1"],"picked":"Deflect","floor":34.0},{"not_picked":["Poisoned Stab","Quick Slash"],"picked":"Acrobatics","floor":34.0},{"not_picked":["Dagger Throw","Predator"],"picked":"Blade Dance+1","floor":34.0},{"not_picked":["Bouncing Flask","Quick Slash"],"picked":"Footwork+1","floor":34.0},{"not_picked":["Quick Slash","Slice"],"picked":"Blade Dance","floor":34.0},{"not_picked":["Predator","All Out Attack+1","Unload"],"picked":"SKIP","floor":35.0},{"not_picked":["Deflect","Acrobatics"],"picked":"Deadly Poison+1","floor":37.0},{"not_picked":["Skewer+1","Quick Slash"],"picked":"Backflip+1","floor":38},{"not_picked":["All Out Attack","Slice","Deadly Poison"],"picked":"SKIP","floor":41},{"not_picked":["Riddle With Holes","Poisoned Stab+1"],"picked":"PiercingWail","floor":42},{"not_picked":["Quick Slash+1","PiercingWail"],"picked":"Deflect+1","floor":48}],"player_experience":911810,"relics_obtained":[{"floor":9.0,"key":"Lantern"},{"floor":12.0,"key":"Odd Mushroom"},{"floor":26.0,"key":"Letter Opener"},{"floor":43,"key":"Snake Skull"}],"event_choices":[{"cards_removed":["Defend_G"],"damage_healed":0.0,"max_hp_gain":0.0,"max_hp_loss":0.0,"gold_gain":0.0,"event_name":"Bonfire Elementals","player_choice":"Offered Basic","floor":4.0,"gold_loss":0.0,"damage_taken":0.0},{"damage_healed":0.0,"max_hp_gain":0.0,"max_hp_loss":0.0,"gold_gain":0.0,"event_name":"Mushrooms","player_choice":"Fought Mushrooms","floor":12.0,"gold_loss":0.0,"damage_taken":0.0},{"cards_removed":["Strike_G"],"damage_healed":0.0,"max_hp_gain":0.0,"max_hp_loss":0.0,"gold_gain":0.0,"event_name":"Beggar","player_choice":"Gave Gold","floor":20.0,"gold_loss":75.0,"damage_taken":0.0},{"damage_healed":0.0,"max_hp_gain":0.0,"max_hp_loss":0.0,"gold_gain":0.0,"event_name":"Vampires","player_choice":"Ignored","floor":22.0,"gold_loss":0.0,"damage_taken":0.0},{"damage_healed":0.0,"max_hp_gain":0.0,"max_hp_loss":0.0,"gold_gain":0.0,"cards_transformed":["Strike_G"],"event_name":"Transmorgrifier","player_choice":"Transformed","floor":27.0,"gold_loss":0.0,"damage_taken":0.0,"cards_obtained":["Caltrops"]},{"damage_healed":0.0,"max_hp_gain":0.0,"max_hp_loss":0.0,"gold_gain":275.0,"event_name":"Golden Shrine","player_choice":"Desecrate","floor":36.0,"gold_loss":0.0,"damage_taken":0.0,"cards_obtained":["Regret"]},{"damage_healed":0,"gold_gain":0,"player_choice":"Ignored","damage_taken":0,"max_hp_gain":0,"max_hp_loss":0,"event_name":"Mysterious Sphere","floor":45,"gold_loss":0},{"damage_healed":0,"gold_gain":0,"player_choice":"Max HP","damage_taken":0,"max_hp_gain":0,"max_hp_loss":4,"event_name":"Winding Halls","floor":47,"gold_loss":0}],"is_beta":false,"boss_relics":[{"not_picked":["Black Star","Cursed Key"],"picked":"Philosopher\u0027s Stone"},{"not_picked":["HoveringKite","Tiny House"],"picked":"Orrery"}],"items_purged_floors":[11,39],"is_endless":false,"potions_floor_spawned":[1,12,13,16,18,24,31,37,38,48],"ascension_level":11}