{"path_per_floor":["M","?","M","M","?","R","E","R","T","R","$","M","$","E","R","B",null,"M","?","?","M","?","R","M","R","T","M","E","?","T","?","R"],"character_chosen":"THE_SILENT","items_purchased":["Blade Dance","Infinite Blades"],"gold_per_floor":[111,111,121,134,134,134,174,174,200,200,127,148,66,107,107,230,230,244,244,244,265,265,265,278,278,332,357,390,390,460,460,460,460],"floor_reached":33,"campfire_rested":4,"playtime":2221,"current_hp_per_floor":[70,70,66,66,65,65,48,48,48,48,48,36,36,25,44,25,65,46,46,46,44,28,47,34,53,53,35,27,27,27,27,46,0],"items_purged":[],"gold":460,"score":312,"play_id":"2a2cf7de-9028-43c1-b893-3713c57d6807","local_time":"20180428191939","is_prod":false,"is_daily":false,"chose_seed":false,"is_ascension_mode":true,"campfire_upgraded":3,"timestamp":1524910779,"path_taken":["M","?","M","M","?","R","E","R","T","R","$","M","$","E","R","BOSS","M","?","?","M","?","R","?","R","T","M","E","?","?","?","R","BOSS"],"build_version":"2018-04-26","seed_source_timestamp":37385484367981,"purchased_purges":0,"victory":false,"master_deck":["Survivor","Neutralize+1","Finisher","Noxious Fumes+1","Blade Dance+1","Blade Dance","Backflip","Infinite Blades","Deflect","Bullet Time+1","Noxious Fumes","Finisher","Distraction","Calculated Gamble","Blade Dance","Dagger Spray","Cloak And Dagger","Choke+1","Acrobatics+1","Accuracy+1","Burst"],"max_hp_per_floor":[70,70,70,70,65,65,65,65,65,65,65,65,65,65,65,65,65,65,65,65,65,65,65,65,65,65,65,65,65,65,65,65,65],"relics":["Ring of the Snake","Golden Idol","Vajra","Omamori","Sundial","Pandora\u0027s Box","Enchiridion","Lantern","Molten Egg 2","Nloth\u0027s Gift"],"card_choices":[{"not_picked":["Flechettes","Malaise"],"picked":"Finisher","floor":1},{"not_picked":["Leg Sweep","Acrobatics"],"picked":"Noxious Fumes","floor":4},{"not_picked":["Underhanded Strike","A Thousand Cuts"],"picked":"Blade Dance","floor":7},{"not_picked":["Acrobatics","Poisoned Stab"],"picked":"Backflip","floor":12},{"not_picked":["Skewer","Catalyst"],"picked":"Deflect","floor":14},{"not_picked":["Doppelganger","Night Terror"],"picked":"Bullet Time","floor":16},{"not_picked":["Bane","Dagger Throw"],"picked":"Choke","floor":18},{"not_picked":["Flechettes","Bane"],"picked":"Acrobatics","floor":21},{"not_picked":["Dagger Spray","Backflip"],"picked":"Accuracy","floor":27},{"not_picked":["Backstab","Blade Dance"],"picked":"Burst","floor":28}],"player_experience":93108,"potions_floor_usage":[7,21,33],"damage_taken":[{"damage":0,"enemies":"2 Louse","floor":1,"turns":3},{"damage":4,"enemies":"Jaw Worm","floor":3,"turns":5},{"damage":0,"enemies":"Small Slimes","floor":4,"turns":3},{"damage":17,"enemies":"Lagavulin","floor":7,"turns":8},{"damage":12,"enemies":"3 Louse","floor":12,"turns":3},{"damage":11,"enemies":"3 Sentries","floor":14,"turns":5},{"damage":19,"enemies":"Hexaghost","floor":16,"turns":9},{"damage":19,"enemies":"2 Thieves","floor":18,"turns":3},{"damage":5,"enemies":"Shell Parasite","floor":21,"turns":3},{"damage":13,"enemies":"Cultist and Chosen","floor":24,"turns":7},{"damage":18,"enemies":"Snake Plant","floor":27,"turns":3},{"damage":8,"enemies":"Gremlin Leader","floor":28,"turns":4},{"damage":48,"enemies":"Champ","floor":33,"turns":6}],"event_choices":[{"event_name":"Living Wall","player_choice":"Forget","floor":2,"damage_taken":0},{"event_name":"Golden Idol","player_choice":"Lose Max HP","floor":5,"damage_taken":0},{"event_name":"Wheel of Change","player_choice":"Card Removal","floor":19,"damage_taken":0},{"event_name":"Back to Basics","player_choice":"Elegance","floor":20,"damage_taken":0},{"event_name":"Cursed Tome","player_choice":"Obtained Book","floor":22,"damage_taken":0},{"event_name":"Upgrade Shrine","player_choice":"Upgraded","floor":29,"damage_taken":0},{"event_name":"N\u0027loth","player_choice":"Traded a The Courier","floor":31,"damage_taken":0}],"boss_relics":[{"not_picked":["Lizard Tail","Tiny House"],"picked":"Pandora\u0027s Box"}],"potions_floor_spawned":[1,3,4,24,27,28],"seed_played":"4380214919147801325","killed_by":"Champ","ascension_level":3,"is_trial":false}