{"gold_per_floor":[112,123,143,143,93,193,210,210,210,135,149,149,149,166,166,166],"floor_reached":16,"playtime":476,"items_purged":["Defend_B"],"score":92,"play_id":"c055ea36-df0a-42f5-9c38-c465760f97db","local_time":"20190603034716","is_ascension_mode":false,"campfire_choices":[{"data":"Loop","floor":8,"key":"SMITH"},{"data":"Zap","floor":12,"key":"SMITH"},{"data":"Dualcast","floor":15,"key":"SMITH"}],"neow_cost":"NONE","seed_source_timestamp":248423170287073,"circlet_count":0,"master_deck":["Strike_B","Strike_B","Defend_B","Defend_B","Defend_B","Zap+1","Dualcast+1","Loop+1","Capacitor","BootSequence","Buffer","FTL","Redo","Regret","Storm"],"relics":["Cracked Core","Blue Candle","Lantern","Oddly Smooth Stone"],"potions_floor_usage":[16],"damage_taken":[{"damage":1,"enemies":"Jaw Worm","floor":1,"turns":4},{"damage":0,"enemies":"Small Slimes","floor":2,"turns":3},{"damage":1,"enemies":"Cultist","floor":3,"turns":3},{"damage":0,"enemies":"Large Slime","floor":7,"turns":6},{"damage":6,"enemies":"3 Louse","floor":11,"turns":3},{"damage":9,"enemies":"2 Fungi Beasts","floor":14,"turns":3},{"damage":63,"enemies":"Hexaghost","floor":16,"turns":9}],"seed_played":"-7622418799479886951","potions_obtained":[{"floor":3,"key":"Fruit Juice"},{"floor":7,"key":"FocusPotion"}],"is_trial":false,"path_per_floor":["M","M","M","?","?","?","M","R","T","$","M","R","?","M","R","B"],"character_chosen":"DEFECT","items_purchased":[],"campfire_rested":0,"item_purchase_floors":[],"current_hp_per_floor":[74,74,73,70,70,70,70,70,70,70,64,64,64,55,55,0],"gold":166,"neow_bonus":"TRANSFORM_CARD","is_prod":false,"is_daily":false,"chose_seed":false,"campfire_upgraded":3,"win_rate":0,"timestamp":1559501236,"path_taken":["M","M","M","?","?","?","?","R","T","$","M","R","?","M","R","BOSS"],"build_version":"2019-01-23","purchased_purges":1,"victory":false,"max_hp_per_floor":[75,75,75,75,75,75,75,75,75,75,75,75,75,75,75,80],"card_choices":[{"not_picked":["Turbo","Barrage"],"picked":"Capacitor","floor":1},{"not_picked":["Rebound","Go for the Eyes"],"picked":"BootSequence","floor":2},{"not_picked":["Double Energy","Auto Shields"],"picked":"Buffer","floor":3},{"not_picked":["Conserve Battery","Barrage"],"picked":"FTL","floor":7},{"not_picked":["Sweeping Beam","Streamline"],"picked":"Redo","floor":11},{"not_picked":["Sweeping Beam","Scrape"],"picked":"Storm","floor":14}],"player_experience":970003,"relics_obtained":[{"floor":9,"key":"Lantern"}],"event_choices":[{"damage_healed":0,"gold_gain":0,"player_choice":"Success","damage_taken":3,"relics_obtained":["Blue Candle"],"max_hp_gain":0,"max_hp_loss":0,"event_name":"Scrap Ooze","floor":4,"gold_loss":0},{"cards_removed":["Strike_B"],"damage_healed":0,"gold_gain":0,"player_choice":"Card Removal","damage_taken":0,"max_hp_gain":0,"max_hp_loss":0,"event_name":"The Cleric","floor":5,"gold_loss":50},{"damage_healed":0,"gold_gain":100,"player_choice":"Gold","damage_taken":0,"max_hp_gain":0,"max_hp_loss":0,"event_name":"Wheel of Change","floor":6,"gold_loss":0},{"damage_healed":0,"gold_gain":0,"player_choice":"Box","damage_taken":0,"relics_obtained":["Oddly Smooth Stone"],"max_hp_gain":0,"max_hp_loss":0,"event_name":"Big Fish","floor":13,"gold_loss":0,"cards_obtained":["Regret"]}],"is_beta":false,"boss_relics":[],"items_purged_floors":[10],"is_endless":false,"potions_floor_spawned":[3,7],"killed_by":"Hexaghost","ascension_level":0}