{"gold_per_floor":[111,111,123,48,62,14,14,33,58,77,94,94,120,74,74,177,177,193,293,303,303,303,303,333,80,104,116,138,165,34,67,67,167,167,178,198,217,317,329,329,357,357,380,394,394,7,26,26,26,26],"floor_reached":50,"playtime":4141,"items_purged":["Normality"],"score":562,"play_id":"407ed396-dee9-4576-ba57-105dc1e5edc3","local_time":"20181218022858","is_ascension_mode":false,"campfire_choices":[{"data":"Perfected Strike","floor":7,"key":"SMITH"},{"data":"Perfected Strike","floor":12,"key":"SMITH"},{"data":"Twin Strike","floor":15,"key":"SMITH"},{"floor":23,"key":"REST"},{"data":"Cleave","floor":27,"key":"SMITH"},{"floor":32,"key":"DIG"},{"floor":40,"key":"DIG"},{"data":"True Grit","floor":42,"key":"SMITH"},{"data":"Ghostly Armor","floor":45,"key":"SMITH"},{"data":"Shrug It Off","floor":49,"key":"SMITH"}],"neow_cost":"CURSE","seed_source_timestamp":1470616436007455,"circlet_count":0,"master_deck":["Strike_R+1","Strike_R+1","Strike_R+1","Strike_R+1","Strike_R+1","Defend_R+1","Defend_R+1","Defend_R+1","Defend_R+1","Bash","Perfected Strike+1","Twin Strike+1","Perfected Strike+1","Clash","Twin Strike","Dual Wield","Twin Strike","True Grit+1","Pommel Strike","Cleave+1","Twin Strike+1","Armaments+1","Wild Strike+1","Feed","Whirlwind+1","Iron Wave+1","Perfected Strike+1","Ghostly Armor+1","Shrug It Off+1","Wild Strike","Purity"],"relics":["Burning Blood","Centennial Puzzle","Juzu Bracelet","Mark of Pain","Mercury Hourglass","Thread and Needle","Enchiridion","Anchor","Paper Frog","MawBank","Bag of Marbles","Shovel","Potion Belt","Runic Pyramid","Gambling Chip","Sundial","Pantograph","Oddly Smooth Stone","FossilizedHelix"],"potions_floor_usage":[13,13,19,28,28,33,41,41,41,50],"damage_taken":[{"damage":2,"enemies":"2 Louse","floor":1,"turns":4},{"damage":1,"enemies":"Cultist","floor":3,"turns":3},{"damage":5,"enemies":"Small Slimes","floor":5,"turns":2},{"damage":4,"enemies":"2 Fungi Beasts","floor":8,"turns":2},{"damage":2,"enemies":"Blue Slaver","floor":10,"turns":2},{"damage":5,"enemies":"Looter","floor":11,"turns":2},{"damage":15,"enemies":"Lagavulin","floor":13,"turns":4},{"damage":75,"enemies":"Hexaghost","floor":16,"turns":11},{"damage":12,"enemies":"3 Byrds","floor":18,"turns":7},{"damage":3,"enemies":"Colosseum Slavers","floor":19,"turns":5},{"damage":17,"enemies":"Colosseum Nobs","floor":19,"turns":4},{"damage":5,"enemies":"Shell Parasite","floor":20,"turns":3},{"damage":29,"enemies":"Book of Stabbing","floor":24,"turns":5},{"damage":0,"enemies":"Snake Plant","floor":28,"turns":2},{"damage":0,"enemies":"Cultist and Chosen","floor":29,"turns":4},{"damage":4,"enemies":"Gremlin Leader","floor":31,"turns":3},{"damage":70,"enemies":"Collector","floor":33,"turns":5},{"damage":0,"enemies":"Orb Walker","floor":35,"turns":1},{"damage":0,"enemies":"3 Darklings","floor":36,"turns":2},{"damage":0,"enemies":"4 Shapes","floor":37,"turns":3},{"damage":13,"enemies":"Mind Bloom Boss Battle","floor":38,"turns":4},{"damage":0,"enemies":"Jaw Worm Horde","floor":39,"turns":2},{"damage":23,"enemies":"Nemesis","floor":41,"turns":5},{"damage":7,"enemies":"Transient","floor":44,"turns":5},{"damage":0,"enemies":"Maw","floor":47,"turns":4},{"damage":144,"enemies":"Time Eater","floor":50,"turns":13}],"seed_played":"1493462709806031337","potions_obtained":[{"floor":1,"key":"Weak Potion"},{"floor":3,"key":"FairyPotion"},{"floor":10,"key":"SkillPotion"},{"floor":18,"key":"SpeedPotion"},{"floor":19,"key":"Ancient Potion"},{"floor":24,"key":"SkillPotion"},{"floor":31,"key":"LiquidBronze"},{"floor":33,"key":"Ancient Potion"},{"floor":35,"key":"BloodPotion"},{"floor":38,"key":"Swift Potion"},{"floor":44,"key":"Weak Potion"}],"is_trial":false,"path_per_floor":["M","?","M","$","M","$","R","M","T","M","M","R","E","$","R","B",null,"M","?","M","?","?","R","E","$","T","R","M","M","$","E","R","B",null,"M","M","M","?","M","R","E","R","T","M","R","$","M","?","R","B"],"character_chosen":"IRONCLAD","items_purchased":["Clash","True Grit","Paper Frog","Bag of Marbles","Shrug It Off","Wild Strike","FossilizedHelix"],"campfire_rested":1,"item_purchase_floors":[6,14,25,30,46,46,46],"current_hp_per_floor":[96,96,96,96,96,96,96,96,96,96,96,96,87,87,87,18,96,90,82,83,67,67,95,72,72,72,72,78,84,84,86,86,22,96,96,96,96,93,99,99,92,92,92,91,91,91,97,97,97,0],"gold":26,"neow_bonus":"TWENTY_PERCENT_HP_BONUS","is_prod":false,"is_daily":false,"chose_seed":false,"campfire_upgraded":7,"win_rate":0.0,"timestamp":1545100138,"path_taken":["M","?","M","$","?","$","R","M","T","M","M","R","E","$","R","BOSS","M","?","M","?","?","R","E","?","T","R","M","M","$","E","R","BOSS","M","M","M","?","M","R","E","R","T","M","R","$","M","?","R","BOSS"],"build_version":"2018-12-13","purchased_purges":1,"victory":false,"max_hp_per_floor":[96,96,96,96,96,96,96,96,96,96,96,96,96,96,96,96,96,96,96,96,96,96,96,96,96,96,96,96,96,96,96,96,96,96,96,96,96,100,100,100,100,100,100,100,100,100,100,100,100,100],"card_choices":[{"not_picked":["Pommel Strike","Clothesline"],"picked":"Perfected Strike","floor":1},{"not_picked":["Iron Wave","Entrench"],"picked":"Twin Strike","floor":3},{"not_picked":["Pommel Strike","Body Slam"],"picked":"Perfected Strike","floor":5},{"not_picked":["Berserk","Body Slam"],"picked":"Twin Strike","floor":8},{"not_picked":["Metallicize","Clothesline","Heavy Blade"],"picked":"SKIP","floor":10},{"not_picked":["Headbutt","Clothesline"],"picked":"Dual Wield","floor":11},{"not_picked":["Barricade","Sever Soul"],"picked":"Twin Strike","floor":13},{"not_picked":["Armaments","Blood for Blood"],"picked":"Pommel Strike","floor":18},{"not_picked":["Rupture","Rampage"],"picked":"Cleave","floor":20},{"not_picked":["Battle Trance","Clash+1"],"picked":"Twin Strike+1","floor":24},{"not_picked":["Cleave","Dropkick"],"picked":"Armaments+1","floor":28},{"not_picked":["Burning Pact","Corruption","Fire Breathing+1"],"picked":"SKIP","floor":29},{"not_picked":["Clothesline","Clash"],"picked":"Wild Strike+1","floor":31},{"not_picked":["Exhume","Reaper"],"picked":"Feed","floor":33},{"not_picked":["Blood for Blood+1","Heavy Blade+1","Fire Breathing+1"],"picked":"SKIP","floor":35},{"not_picked":["Anger","Wild Strike"],"picked":"Whirlwind+1","floor":36},{"not_picked":["Rampage","Disarm"],"picked":"Iron Wave+1","floor":37},{"not_picked":["Corruption","Uppercut"],"picked":"Perfected Strike+1","floor":38},{"not_picked":["Pummel+1","Power Through","Hemokinesis+1"],"picked":"SKIP","floor":39},{"not_picked":["Hemokinesis","Demon Form","Shockwave"],"picked":"SKIP","floor":41},{"not_picked":["Rupture+1","Body Slam"],"picked":"Ghostly Armor","floor":44},{"not_picked":["Heavy Blade+1","Sword Boomerang","Flame Barrier+1"],"picked":"SKIP","floor":47},{"not_picked":["Trip","Swift Strike"],"picked":"Purity","floor":48}],"player_experience":80408,"relics_obtained":[{"floor":9,"key":"Centennial Puzzle"},{"floor":13,"key":"Juzu Bracelet"},{"floor":19,"key":"Mercury Hourglass"},{"floor":19,"key":"Thread and Needle"},{"floor":21,"key":"Enchiridion"},{"floor":24,"key":"Anchor"},{"floor":26,"key":"MawBank"},{"floor":31,"key":"Shovel"},{"floor":32,"key":"Potion Belt"},{"floor":38,"key":"Gambling Chip"},{"floor":40,"key":"Sundial"},{"floor":41,"key":"Pantograph"},{"floor":43,"key":"Oddly Smooth Stone"}],"event_choices":[{"damage_healed":0,"gold_gain":0,"player_choice":"0 cards matched","damage_taken":0,"max_hp_gain":0,"max_hp_loss":0,"event_name":"Match and Keep!","floor":2,"gold_loss":0,"cards_obtained":[]},{"damage_healed":0,"gold_gain":0,"player_choice":"Fight","damage_taken":0,"max_hp_gain":0,"max_hp_loss":0,"event_name":"Colosseum","floor":19,"gold_loss":0},{"damage_healed":0,"gold_gain":0,"player_choice":"Fought Nobs","damage_taken":0,"max_hp_gain":0,"max_hp_loss":0,"event_name":"Colosseum","floor":19,"gold_loss":0},{"damage_healed":0,"gold_gain":0,"player_choice":"Obtained Book","damage_taken":16,"max_hp_gain":0,"max_hp_loss":0,"event_name":"Cursed Tome","floor":21,"gold_loss":0},{"damage_healed":0,"gold_gain":0,"player_choice":"Simplicity","damage_taken":0,"max_hp_gain":0,"max_hp_loss":0,"event_name":"Back to Basics","floor":22,"gold_loss":0,"cards_upgraded":["Strike_R","Strike_R","Strike_R","Strike_R","Strike_R","Defend_R","Defend_R","Defend_R","Defend_R"]},{"damage_healed":0,"gold_gain":0,"player_choice":"Fight","damage_taken":0,"max_hp_gain":0,"max_hp_loss":0,"event_name":"MindBloom","floor":38,"gold_loss":0},{"damage_healed":0,"gold_gain":0,"player_choice":"Memory 1","damage_taken":0,"max_hp_gain":0,"max_hp_loss":0,"event_name":"SensoryStone","floor":48,"gold_loss":0}],"is_beta":false,"boss_relics":[{"not_picked":["Snecko Eye","Eternal Feather"],"picked":"Mark of Pain"},{"not_picked":["Astrolabe","Orrery"],"picked":"Runic Pyramid"}],"items_purged_floors":[4],"is_endless":false,"potions_floor_spawned":[1,3,10,11,18,19,24,31,33,35,38,44],"killed_by":"Time Eater","ascension_level":0}