{"gold_per_floor":[113,113,113,188,31,31,45,45,45,62,72,72,72,92,92,217,217,240,240,161,155,180,180,211,211,211,227,187,212,237,35,35,154,154,178,178,178,178,198,198],"floor_reached":40,"playtime":1425,"items_purged":["Regret"],"score":471,"play_id":"bd44f499-4d5d-4380-bb9b-ffa8f1294441","local_time":"20190623042347","is_ascension_mode":false,"campfire_choices":[{"data":"Loop","floor":6,"key":"SMITH"},{"data":"Zap","floor":12,"key":"SMITH"},{"data":"Self Repair","floor":15,"key":"SMITH"},{"data":"Defragment","floor":23,"key":"SMITH"},{"data":"Amplify","floor":25,"key":"SMITH"},{"data":"Capacitor","floor":32,"key":"SMITH"}],"neow_cost":"NONE","seed_source_timestamp":309472910212199,"circlet_count":0,"master_deck":["Zap+1","Dualcast+1","Cold Snap+1","Cold Snap+1","Loop+1","Conserve Battery","Self Repair+1","Machine Learning","Amplify+1","Capacitor+1","Consume","White Noise+1","Reboot","Loop","Heatsinks","Barrage","Defragment+1","Steam+1","Ball Lightning+1","Loop+1","Conserve Battery","Conserve Battery","Capacitor","Echo Form","Conserve Battery+1","Flash of Steel"],"relics":["Cracked Core","Potion Belt","Bottled Lightning","Golden Idol","Pandora\u0027s Box","Darkstone Periapt","Whetstone","Runic Capacitor","Philosopher\u0027s Stone"],"potions_floor_usage":[22,24,35],"damage_taken":[{"damage":0,"enemies":"Small Slimes","floor":1,"turns":2},{"damage":6,"enemies":"2 Louse","floor":7,"turns":3},{"damage":0,"enemies":"Jaw Worm","floor":10,"turns":3},{"damage":1,"enemies":"3 Louse","floor":11,"turns":4},{"damage":5,"enemies":"Red Slaver","floor":14,"turns":2},{"damage":17,"enemies":"Hexaghost","floor":16,"turns":14},{"damage":24,"enemies":"Shell Parasite","floor":18,"turns":7},{"damage":24,"enemies":"2 Thieves","floor":21,"turns":4},{"damage":10,"enemies":"Chosen and Byrds","floor":22,"turns":4},{"damage":34,"enemies":"Book of Stabbing","floor":24,"turns":4},{"damage":15,"enemies":"Snake Plant","floor":27,"turns":4},{"damage":15,"enemies":"Cultist and Chosen","floor":29,"turns":5},{"damage":24,"enemies":"Centurion and Healer","floor":30,"turns":6},{"damage":0,"enemies":"Champ","floor":33,"turns":8},{"damage":67,"enemies":"3 Shapes","floor":35,"turns":4},{"damage":16,"enemies":"Orb Walker","floor":39,"turns":3},{"damage":14,"enemies":"3 Darklings","floor":40,"turns":3}],"seed_played":"7735857424019507388","potions_obtained":[{"floor":1,"key":"Dexterity Potion"},{"floor":7,"key":"SteroidPotion"},{"floor":16,"key":"PowerPotion"},{"floor":21,"key":"AttackPotion"},{"floor":22,"key":"FearPotion"},{"floor":24,"key":"FocusPotion"},{"floor":30,"key":"Poison Potion"},{"floor":39,"key":"Ancient Potion"}],"is_trial":false,"path_per_floor":["M","?","?","?","$","R","M","?","T","M","M","R","?","M","R","B",null,"M","?","$","M","M","R","E","R","T","M","?","M","M","$","R","B",null,"M","?","?","?","M","M"],"character_chosen":"DEFECT","items_purchased":["Loop","Defragment","Runic Capacitor"],"campfire_rested":0,"item_purchase_floors":[5,20,31],"current_hp_per_floor":[75,75,60,49,49,49,43,43,43,43,42,42,24,19,19,12,75,71,71,71,57,57,57,33,33,33,38,38,43,39,39,39,49,75,28,28,28,28,12,0],"gold":198,"neow_bonus":"THREE_CARDS","is_prod":false,"is_daily":false,"chose_seed":false,"campfire_upgraded":6,"win_rate":0,"timestamp":1561231427,"path_taken":["M","?","?","?","$","R","M","?","T","M","M","R","?","M","R","BOSS","M","?","$","M","M","R","E","R","T","M","?","M","M","$","R","BOSS","M","?","?","?","M","M"],"build_version":"2019-01-23","purchased_purges":1,"victory":false,"max_hp_per_floor":[75,75,75,75,75,75,75,75,75,75,75,75,75,75,75,75,75,75,75,75,75,75,75,75,75,75,75,75,75,75,75,75,75,75,75,75,75,75,75,75],"card_choices":[{"not_picked":["Redo","Aggregate"],"picked":"Cold Snap","floor":0},{"not_picked":["Rip and Tear","Redo"],"picked":"Cold Snap","floor":1},{"not_picked":["Beam Cell","Gash","Doom and Gloom"],"picked":"SKIP","floor":7},{"not_picked":["Cold Snap","Storm"],"picked":"Conserve Battery","floor":10},{"not_picked":["Sweeping Beam","Rebound","Go for the Eyes"],"picked":"SKIP","floor":11},{"not_picked":["Rebound","Cold Snap"],"picked":"Self Repair","floor":14},{"not_picked":["Hyperbeam","Thunder Strike"],"picked":"Machine Learning","floor":16},{"not_picked":["Compile Driver","Steam Power+1"],"picked":"Heatsinks","floor":18},{"not_picked":["Streamline","Barrage"],"picked":"Steam+1","floor":21},{"not_picked":["Conserve Battery","Rip and Tear"],"picked":"Ball Lightning+1","floor":22},{"not_picked":["Scrape","Double Energy+1"],"picked":"Loop","floor":24},{"not_picked":["Barrage","Redo"],"picked":"Conserve Battery","floor":27},{"not_picked":["Reprogram","Rainbow"],"picked":"Conserve Battery","floor":29},{"not_picked":["Auto Shields","BootSequence"],"picked":"Capacitor","floor":30},{"not_picked":["Reboot","Biased Cognition"],"picked":"Echo Form","floor":33},{"not_picked":["Steam","Leap+1"],"picked":"Conserve Battery+1","floor":35},{"not_picked":["Mind Blast","Impatience"],"picked":"Flash of Steel","floor":37},{"not_picked":["Steam Power+1","Turbo+1","Skim"],"picked":"SKIP","floor":39}],"player_experience":1060599,"relics_obtained":[{"floor":9,"key":"Bottled Lightning"},{"floor":24,"key":"Darkstone Periapt"},{"floor":26,"key":"Whetstone"}],"event_choices":[{"damage_healed":0,"gold_gain":0,"player_choice":"Box","damage_taken":0,"relics_obtained":["Potion Belt"],"max_hp_gain":0,"max_hp_loss":0,"event_name":"Big Fish","floor":2,"gold_loss":0,"cards_obtained":["Regret"]},{"damage_healed":0,"gold_gain":0,"player_choice":"Entered Light","damage_taken":15,"max_hp_gain":0,"max_hp_loss":0,"event_name":"Shining Light","floor":3,"gold_loss":0,"cards_upgraded":["Dualcast","Defend_B"]},{"damage_healed":0,"gold_gain":75,"player_choice":"Gather Gold","damage_taken":11,"max_hp_gain":0,"max_hp_loss":0,"event_name":"World of Goop","floor":4,"gold_loss":0},{"damage_healed":0,"gold_gain":0,"player_choice":"Leave","damage_taken":0,"max_hp_gain":0,"max_hp_loss":0,"event_name":"The Cleric","floor":8,"gold_loss":0},{"damage_healed":0,"gold_gain":0,"player_choice":"Take Damage","damage_taken":18,"relics_obtained":["Golden Idol"],"max_hp_gain":0,"max_hp_loss":0,"event_name":"Golden Idol","floor":13,"gold_loss":0},{"damage_healed":0,"gold_gain":0,"cards_transformed":["Rebound","Recycle"],"player_choice":"Became Test Subject","damage_taken":0,"max_hp_gain":0,"max_hp_loss":0,"event_name":"Drug Dealer","floor":19,"gold_loss":0,"cards_obtained":["Double Energy","Barrage"]},{"damage_healed":0,"gold_gain":0,"player_choice":"Upgraded Two","damage_taken":0,"max_hp_gain":0,"max_hp_loss":0,"event_name":"Designer","floor":28,"gold_loss":40,"cards_upgraded":["Loop","White Noise"]},{"damage_healed":0,"gold_gain":0,"player_choice":"Ignored","damage_taken":0,"max_hp_gain":0,"max_hp_loss":0,"event_name":"Tomb of Lord Red Mask","floor":36,"gold_loss":0},{"damage_healed":0,"gold_gain":0,"player_choice":"Memory 1","damage_taken":0,"max_hp_gain":0,"max_hp_loss":0,"event_name":"SensoryStone","floor":37,"gold_loss":0},{"cards_removed":["Double Energy"],"damage_healed":0,"gold_gain":0,"player_choice":"Purged","damage_taken":0,"max_hp_gain":0,"max_hp_loss":0,"event_name":"Purifier","floor":38,"gold_loss":0}],"is_beta":false,"boss_relics":[{"not_picked":["Runic Pyramid","Fusion Hammer"],"picked":"Pandora\u0027s Box"},{"not_picked":["Cursed Key","Busted Crown"],"picked":"Philosopher\u0027s Stone"}],"items_purged_floors":[5],"is_endless":false,"potions_floor_spawned":[1,7,16,21,22,24,30,33,39],"killed_by":"3 Darklings","ascension_level":0}