{"gold_per_floor":[110,125,138,63,63,63,33,56,83,258,258,269,285,285,285,386,386,398,59,59,69,85,85,105,105,105,117,130,150,50,60,60,164,164,179,54,71,71,81,81,81,81,81,0,0,20,69,82,82,82],"floor_reached":51,"playtime":2864,"items_purged":["Strike_R","Strike_R","Strike_R"],"score":666,"play_id":"2110eb4b-6a07-4c69-a2d4-cc3e689a5322","local_time":"20190702043543","is_ascension_mode":false,"campfire_choices":[{"data":"Body Slam","floor":6.0,"key":"SMITH"},{"data":"Flame Barrier","floor":11.0,"key":"SMITH"},{"data":"Shockwave","floor":15.0,"key":"SMITH"},{"data":"Apotheosis","floor":23.0,"key":"SMITH"},{"floor":25.0,"key":"REST"},{"data":"Berserk","floor":32.0,"key":"SMITH"},{"floor":40.0,"key":"RECALL"},{"floor":42.0,"key":"REST"},{"floor":45.0,"key":"REST"},{"floor":49.0,"key":"REST"}],"neow_cost":"NONE","seed_source_timestamp":90692724337100,"circlet_count":0,"master_deck":["Strike_R","Defend_R","Defend_R","Defend_R","Defend_R","Bash","Brutality","Fire Breathing","Shockwave+1","Body Slam+1","Flame Barrier+1","Cleave","Feed","Spot Weakness","Battle Trance","Shrug It Off","Entrench","Shrug It Off","Disarm+1","Reaper","Apotheosis+1","Feed","Metallicize","Inflame","Flame Barrier+1","Berserk+1","Limit Break","Flame Barrier","Inflame+1","Panache","Headbutt+1","Warcry","Shrug It Off"],"special_seed":0,"relics":["Burning Blood","Blood Vial","Bag of Preparation","Orrery","Matryoshka","Fusion Hammer","Juzu Bracelet","Letter Opener","Red Mask","Girya"],"potions_floor_usage":[50,50],"damage_taken":[{"damage":5.0,"enemies":"Small Slimes","floor":1.0,"turns":4.0},{"damage":6.0,"enemies":"Jaw Worm","floor":2.0,"turns":4.0},{"damage":3.0,"enemies":"2 Louse","floor":3.0,"turns":4.0},{"damage":8.0,"enemies":"Looter","floor":7.0,"turns":4.0},{"damage":4.0,"enemies":"Exordium Wildlife","floor":12.0,"turns":5.0},{"damage":0.0,"enemies":"Lots of Slimes","floor":13.0,"turns":3.0},{"damage":42.0,"enemies":"The Guardian","floor":16.0,"turns":10.0},{"damage":19.0,"enemies":"Shell Parasite","floor":18.0,"turns":11.0},{"damage":34.0,"enemies":"Spheric Guardian","floor":21.0,"turns":9.0},{"damage":16.0,"enemies":"Snake Plant","floor":22.0,"turns":6.0},{"damage":22.0,"enemies":"Centurion and Healer","floor":24.0,"turns":6.0},{"damage":9.0,"enemies":"Cultist and Chosen","floor":27.0,"turns":9.0},{"damage":6.0,"enemies":"Snake Plant","floor":28.0,"turns":6.0},{"damage":19.0,"enemies":"Chosen and Byrds","floor":29.0,"turns":6.0},{"damage":2.0,"enemies":"Centurion and Healer","floor":31.0,"turns":10.0},{"damage":26.0,"enemies":"Collector","floor":33.0,"turns":12.0},{"damage":16.0,"enemies":"Orb Walker","floor":35.0,"turns":4.0},{"damage":14.0,"enemies":"3 Darklings","floor":37.0,"turns":6.0},{"damage":20.0,"enemies":"Maw","floor":39.0,"turns":9.0},{"damage":27.0,"enemies":"Spire Growth","floor":46.0,"turns":7.0},{"damage":121.0,"enemies":"2 Orb Walkers","floor":47.0,"turns":8.0},{"damage":12.0,"enemies":"3 Darklings","floor":48.0,"turns":5.0},{"damage":34,"enemies":"Awakened One","floor":50,"turns":17}],"seed_played":"1342008028491144624","potions_obtained":[{"floor":1.0,"key":"Ancient Potion"},{"floor":16.0,"key":"PowerPotion"},{"floor":22.0,"key":"SteroidPotion"},{"floor":29.0,"key":"Fire Potion"},{"floor":39.0,"key":"Strength Potion"},{"floor":47.0,"key":"Ancient Potion"}],"is_trial":false,"path_per_floor":["M","M","M","$","?","R","M","T","T","?","R","M","M","?","R","B",null,"M","$","?","M","M","R","M","R","T","M","M","M","$","M","R","B",null,"M","$","M","?","M","R","?","R","T","?","R","M","?","M","R","B",null],"character_chosen":"IRONCLAD","items_purchased":["Reaper","Apotheosis"],"campfire_rested":4,"item_purchase_floors":[19,19],"current_hp_per_floor":[80,80,80,80,73,73,71,71,71,71,71,75,80,80,80,44,80,70,70,70,48,44,44,38,67,67,85,99,108,108,119,119,121,123,113,113,127,127,131,131,131,131,131,131,131,135,49,73,113,118],"gold":82,"neow_bonus":"ONE_RANDOM_RARE_CARD","is_prod":false,"is_daily":false,"chose_seed":false,"campfire_upgraded":5,"win_rate":0,"timestamp":1562009743,"path_taken":["M","M","M","$","?","R","M","?","T","?","R","M","M","?","R","BOSS","M","$","?","?","M","R","?","R","T","M","M","M","$","M","R","BOSS","M","$","M","?","M","R","?","R","T","?","R","M","?","M","R","BOSS"],"build_version":"2019-01-23","purchased_purges":3,"victory":true,"max_hp_per_floor":[80,80,80,80,80,80,80,80,80,80,80,80,80,80,80,80,80,83,83,83,87,91,91,99,99,99,107,111,115,115,119,119,123,123,123,123,127,127,131,131,131,131,131,131,131,135,135,135,135,138],"card_choices":[{"not_picked":["Pommel Strike","Heavy Blade"],"picked":"Fire Breathing","floor":1.0},{"not_picked":["Body Slam","Armaments"],"picked":"Shockwave","floor":2.0},{"not_picked":["Twin Strike","Thunderclap"],"picked":"Body Slam","floor":3.0},{"not_picked":["Clash","Clothesline"],"picked":"Flame Barrier","floor":7.0},{"not_picked":["Wild Strike","Twin Strike"],"picked":"Battle Trance","floor":12.0},{"not_picked":["Thunderclap","Power Through"],"picked":"Cleave","floor":13.0},{"not_picked":["Exhume","Impervious"],"picked":"Feed","floor":16.0},{"not_picked":["Clash","Rampage"],"picked":"Spot Weakness","floor":17.0},{"not_picked":["Armaments","Rage"],"picked":"Battle Trance","floor":17.0},{"not_picked":["Headbutt","True Grit"],"picked":"Shrug It Off","floor":17.0},{"not_picked":["Flex","Thunderclap"],"picked":"Entrench","floor":17.0},{"not_picked":["Sever Soul","Rampage"],"picked":"Shrug It Off","floor":17.0},{"not_picked":["Shockwave","Blood for Blood"],"picked":"Disarm+1","floor":18.0},{"not_picked":["Ghostly Armor","Warcry"],"picked":"Metallicize","floor":21.0},{"not_picked":["Shrug It Off","Reckless Charge+1"],"picked":"Inflame","floor":22.0},{"not_picked":["Rampage","Clash","Wild Strike"],"picked":"SKIP","floor":24.0},{"not_picked":["Battle Trance","Second Wind+1"],"picked":"Flame Barrier+1","floor":27.0},{"not_picked":["Body Slam","Feel No Pain","True Grit"],"picked":"SKIP","floor":28.0},{"not_picked":["Combust+1","Shockwave"],"picked":"Berserk","floor":29.0},{"not_picked":["Cleave","Twin Strike","Power Through"],"picked":"SKIP","floor":31.0},{"not_picked":["Demon Form","Impervious"],"picked":"Limit Break","floor":33.0},{"not_picked":["Twin Strike+1","Cleave"],"picked":"Flame Barrier","floor":35.0},{"not_picked":["Pommel Strike+1","Shrug It Off"],"picked":"Inflame+1","floor":37.0},{"not_picked":["Violence","Enlightenment"],"picked":"Panache","floor":38.0},{"not_picked":["Seeing Red","Clothesline+1","Combust"],"picked":"SKIP","floor":39.0},{"not_picked":["Infernal Blade","Twin Strike"],"picked":"Headbutt+1","floor":46.0},{"not_picked":["Sword Boomerang+1","Headbutt"],"picked":"Warcry","floor":47.0},{"not_picked":["Perfected Strike","Dual Wield+1"],"picked":"Shrug It Off","floor":48.0}],"player_experience":1084675,"relics_obtained":[{"floor":8.0,"key":"Blood Vial"},{"floor":9.0,"key":"Bag of Preparation"},{"floor":26.0,"key":"Matryoshka"},{"floor":43.0,"key":"Juzu Bracelet"},{"floor":43.0,"key":"Letter Opener"},{"floor":47.0,"key":"Girya"}],"event_choices":[{"cards_removed":["Strike_R"],"damage_healed":0.0,"max_hp_gain":0.0,"max_hp_loss":0.0,"gold_gain":0.0,"event_name":"Golden Wing","player_choice":"Card Removal","floor":5.0,"gold_loss":0.0,"damage_taken":7.0},{"damage_healed":0.0,"max_hp_gain":0.0,"max_hp_loss":0.0,"gold_gain":175.0,"event_name":"Liars Game","player_choice":"AGREE","floor":10.0,"gold_loss":0.0,"damage_taken":0.0,"cards_obtained":["Doubt"]},{"cards_removed":["Doubt"],"damage_healed":0.0,"max_hp_gain":0.0,"max_hp_loss":0.0,"gold_gain":0.0,"event_name":"Living Wall","player_choice":"Forget","floor":14.0,"gold_loss":0.0,"damage_taken":0.0},{"damage_healed":0.0,"max_hp_gain":0.0,"max_hp_loss":0.0,"gold_gain":0.0,"event_name":"Duplicator","player_choice":"Copied","floor":20.0,"gold_loss":0.0,"damage_taken":0.0,"cards_obtained":["Feed"]},{"damage_healed":0.0,"max_hp_gain":0.0,"max_hp_loss":0.0,"gold_gain":0.0,"event_name":"SensoryStone","player_choice":"Memory 1","floor":38.0,"gold_loss":0.0,"damage_taken":0.0},{"cards_removed":["Battle Trance"],"damage_healed":0.0,"max_hp_gain":0.0,"max_hp_loss":0.0,"gold_gain":0.0,"event_name":"Falling","player_choice":"Removed Skill","floor":41.0,"gold_loss":0.0,"damage_taken":0.0},{"damage_healed":0.0,"max_hp_gain":0.0,"max_hp_loss":0.0,"gold_gain":0.0,"event_name":"Tomb of Lord Red Mask","player_choice":"Paid","floor":44.0,"gold_loss":81.0,"damage_taken":0.0,"relics_obtained":["Red Mask"]},{"damage_healed":0.0,"max_hp_gain":0.0,"max_hp_loss":0.0,"gold_gain":0.0,"event_name":"Mysterious Sphere","player_choice":"Fight","floor":47.0,"gold_loss":0.0,"damage_taken":0.0}],"is_beta":false,"boss_relics":[{"not_picked":["Calling Bell","Runic Cube"],"picked":"Orrery"},{"not_picked":["Black Star","Black Blood"],"picked":"Fusion Hammer"}],"items_purged_floors":[4,30,36],"is_endless":false,"potions_floor_spawned":[1,16,22,29,31,33,37,39,47],"ascension_level":0}