{"gold_per_floor":[112,112,112,112,112,112,146,146,146,146,146,21,21,21,21,97,97,109,109,109,109],"floor_reached":21,"playtime":698,"items_purged":["Regret"],"score":415,"play_id":"d84333e7-ba45-40b3-a5e6-c6df0978c9cc","local_time":"20190612030825","is_ascension_mode":true,"campfire_choices":[{"data":"Neutralize","floor":6,"key":"SMITH"},{"data":"Envenom","floor":8,"key":"SMITH"},{"data":"Bullet Time","floor":10,"key":"SMITH"},{"data":"Survivor","floor":13,"key":"SMITH"},{"data":"Dagger Spray","floor":15,"key":"SMITH"}],"neow_cost":"NONE","seed_source_timestamp":1023468124977926,"circlet_count":0,"master_deck":["AscendersBane","Defend_G","Defend_G","Defend_G","Defend_G","Defend_G","Strike_G","Strike_G","Strike_G","Strike_G","Survivor+1","Neutralize+1","Dagger Spray+1","Bullet Time+1","Envenom+1","Dodge and Roll+1","Burst+1","Catalyst+1","Neutralize"],"relics":["Ring of the Snake","NeowsBlessing","Dodecahedron","Darkstone Periapt","Toxic Egg 2","Pen Nib","Juzu Bracelet","CultistMask","WristBlade"],"potions_floor_usage":[21],"damage_taken":[{"damage":0,"enemies":"Cultist","floor":1,"turns":1},{"damage":0,"enemies":"3 Sentries","floor":7,"turns":1},{"damage":0,"enemies":"Slime Boss","floor":16,"turns":1},{"damage":55,"enemies":"Spheric Guardian","floor":18,"turns":8},{"damage":37,"enemies":"Chosen","floor":21,"turns":6}],"seed_played":"-8551680873253967685","potions_obtained":[{"floor":16,"key":"Swift Potion"}],"is_trial":false,"path_per_floor":["M","?","?","?","T","R","E","R","T","R","?","$","R","$","R","B",null,"M","?","?","M"],"character_chosen":"THE_SILENT","items_purchased":["Dodge and Roll+1"],"campfire_rested":0,"item_purchase_floors":[12],"current_hp_per_floor":[59,47,47,53,53,53,53,53,53,53,53,53,53,53,53,53,67,12,12,12,0],"gold":109,"neow_bonus":"THREE_ENEMY_KILL","is_prod":false,"is_daily":false,"chose_seed":false,"campfire_upgraded":5,"win_rate":0,"timestamp":1560276505,"path_taken":["M","?","?","?","?","R","E","R","T","R","?","$","R","$","R","BOSS","M","?","?","M"],"build_version":"2019-01-23","purchased_purges":1,"victory":false,"max_hp_per_floor":[66,66,66,72,72,72,72,72,72,72,72,72,72,72,72,72,72,72,72,72,72],"card_choices":[{"not_picked":["Dagger Throw","Dodge and Roll"],"picked":"Dagger Spray","floor":1},{"not_picked":["Unload","Eviscerate"],"picked":"Envenom","floor":7},{"not_picked":["Grand Finale","Glass Knife"],"picked":"Burst+1","floor":16},{"not_picked":["Slice+1","Deflect+1"],"picked":"Catalyst+1","floor":18}],"player_experience":1027744,"relics_obtained":[{"floor":5,"key":"Toxic Egg 2"},{"floor":7,"key":"Pen Nib"},{"floor":9,"key":"Juzu Bracelet"}],"event_choices":[{"damage_healed":0,"gold_gain":0,"player_choice":"Success","damage_taken":12,"relics_obtained":["Dodecahedron"],"max_hp_gain":0,"max_hp_loss":0,"event_name":"Scrap Ooze","floor":2,"gold_loss":0},{"damage_healed":0,"gold_gain":0,"cards_transformed":["Strike_G"],"player_choice":"Change","damage_taken":0,"max_hp_gain":0,"max_hp_loss":0,"event_name":"Living Wall","floor":3,"gold_loss":0,"cards_obtained":["Bullet Time"]},{"damage_healed":0,"gold_gain":0,"player_choice":"Box","damage_taken":0,"relics_obtained":["Darkstone Periapt"],"max_hp_gain":0,"max_hp_loss":0,"event_name":"Big Fish","floor":4,"gold_loss":0,"cards_obtained":["Regret"]},{"damage_healed":0,"gold_gain":0,"player_choice":"Trade","damage_taken":0,"relics_obtained":["CultistMask"],"max_hp_gain":0,"max_hp_loss":0,"event_name":"FaceTrader","floor":11,"gold_loss":0},{"damage_healed":0,"gold_gain":0,"player_choice":"Ignored","damage_taken":0,"max_hp_gain":0,"max_hp_loss":0,"event_name":"Cursed Tome","floor":19,"gold_loss":0},{"damage_healed":0,"gold_gain":0,"player_choice":"1 cards matched","damage_taken":0,"max_hp_gain":0,"max_hp_loss":0,"event_name":"Match and Keep!","floor":20,"gold_loss":0,"cards_obtained":["Neutralize"]}],"is_beta":false,"boss_relics":[{"not_picked":["Busted Crown","Runic Dome"],"picked":"WristBlade"}],"items_purged_floors":[12],"is_endless":false,"potions_floor_spawned":[16],"killed_by":"Chosen","ascension_level":14}