{"gold_per_floor":[148,148,148,160,171,171,182,198,198,208,268,268,268,280,280,280],"floor_reached":16,"playtime":552,"items_purged":[],"score":188,"play_id":"360d1f23-6ca1-448f-881f-f0925c8c6981","local_time":"20190329115509","is_ascension_mode":true,"campfire_choices":[{"data":"Bash","floor":6.0,"key":"SMITH"},{"data":"Inflame","floor":13,"key":"SMITH"},{"data":"Feel No Pain","floor":15,"key":"SMITH"}],"neow_cost":"NONE","seed_source_timestamp":232641282467800,"circlet_count":0,"master_deck":["AscendersBane","Strike_R","Strike_R","Strike_R","Strike_R","Strike_R","Defend_R","Defend_R","Defend_R","Defend_R","Bash+1","Carnage+1","Feel No Pain+1","Headbutt","Reckless Charge","Inflame+1","Metallicize","Reaper"],"special_seed":0,"relics":["Burning Blood","Tiny Chest","Regal Pillow","Boot","Bag of Preparation"],"potions_floor_usage":[11,16],"damage_taken":[{"damage":4.0,"enemies":"2 Louse","floor":1.0,"turns":4.0},{"damage":0.0,"enemies":"Cultist","floor":4.0,"turns":2.0},{"damage":3.0,"enemies":"Small Slimes","floor":5.0,"turns":3.0},{"damage":11.0,"enemies":"Looter","floor":7.0,"turns":2.0},{"damage":25.0,"enemies":"Exordium Thugs","floor":8.0,"turns":4.0},{"damage":8.0,"enemies":"Large Slime","floor":10.0,"turns":5.0},{"damage":23,"enemies":"3 Sentries","floor":11,"turns":7},{"damage":0,"enemies":"2 Fungi Beasts","floor":14,"turns":2},{"damage":70,"enemies":"The Guardian","floor":16,"turns":11}],"seed_played":"2269535727651072206","potions_obtained":[{"floor":1.0,"key":"Dexterity Potion"},{"floor":7.0,"key":"SpeedPotion"},{"floor":8.0,"key":"Poison Potion"},{"floor":10.0,"key":"Strength Potion"}],"is_trial":false,"path_per_floor":["M","?","?","M","M","R","M","M","T","M","?","T","R","M","R","B"],"character_chosen":"IRONCLAD","items_purchased":[],"campfire_rested":0,"item_purchase_floors":[],"current_hp_per_floor":[70,70,70,75,75,75,70,51,51,49,32,32,32,38,38,0],"gold":280,"neow_bonus":"RANDOM_COMMON_RELIC","is_prod":false,"is_daily":false,"chose_seed":false,"campfire_upgraded":3,"win_rate":0,"timestamp":1553853309,"path_taken":["M","?","?","?","M","R","M","M","T","M","?","?","R","M","R","BOSS"],"build_version":"2019-01-23","purchased_purges":0,"victory":false,"max_hp_per_floor":[75,75,75,75,75,75,75,75,75,75,75,75,75,75,75,75],"card_choices":[{"not_picked":["True Grit","Warcry"],"picked":"Carnage","floor":1.0},{"not_picked":["Body Slam","Cleave"],"picked":"Feel No Pain","floor":4.0},{"not_picked":["Armaments","Twin Strike"],"picked":"Headbutt","floor":5.0},{"not_picked":["Sword Boomerang","Perfected Strike"],"picked":"Reckless Charge","floor":7.0},{"not_picked":["Warcry","Reckless Charge"],"picked":"Inflame","floor":8.0},{"not_picked":["Headbutt","Clash","Warcry"],"picked":"SKIP","floor":10.0},{"not_picked":["Armaments","Intimidate"],"picked":"Metallicize","floor":11},{"not_picked":["Thunderclap","Sentinel"],"picked":"Reaper","floor":14}],"player_experience":950882,"relics_obtained":[{"floor":9.0,"key":"Regal Pillow"},{"floor":11,"key":"Boot"},{"floor":12,"key":"Bag of Preparation"}],"event_choices":[{"damage_healed":0.0,"max_hp_gain":0.0,"max_hp_loss":0.0,"gold_gain":0.0,"event_name":"Liars Game","player_choice":"Ignored","floor":2.0,"gold_loss":0.0,"damage_taken":0.0},{"damage_healed":0.0,"max_hp_gain":0.0,"max_hp_loss":0.0,"gold_gain":0.0,"event_name":"Accursed Blacksmith","player_choice":"Forge","floor":3.0,"gold_loss":0.0,"damage_taken":0.0,"cards_upgraded":["Carnage"]},{"damage_healed":0,"gold_gain":0,"player_choice":"Searched \u00271\u0027 times","damage_taken":0,"max_hp_gain":0,"max_hp_loss":0,"event_name":"Dead Adventurer","floor":11,"gold_loss":0}],"is_beta":false,"boss_relics":[],"items_purged_floors":[],"is_endless":false,"potions_floor_spawned":[1,7,8,10],"killed_by":"The Guardian","ascension_level":20}