{"gold_per_floor":[110,125,125,125,143,143,183,208,280,316,316,391,5,29,29,122,122,141,159,159,177,77,108,128,168,168,168],"floor_reached":27,"playtime":995,"items_purged":["Strike_B","Strike_B"],"score":626,"play_id":"991010b7-acb2-4e9f-b636-a61f13b46540","local_time":"20190407185040","is_ascension_mode":true,"campfire_choices":[{"data":"Doom and Gloom","floor":6,"key":"SMITH"},{"floor":11,"key":"REST"},{"data":"Defragment","floor":15,"key":"SMITH"}],"neow_cost":"NONE","seed_source_timestamp":0,"circlet_count":0,"master_deck":["AscendersBane","Strike_B","Defend_B","Defend_B","Defend_B","Defend_B","Zap","Dualcast","Doom and Gloom+1","Ball Lightning","Reinforced Body","Electrodynamics","Cold Snap","Static Discharge","Defragment+1","Glacier","Biased Cognition","Conserve Battery","Necronomicurse","Darkness+1","Creative AI"],"special_seed":0,"relics":["Cracked Core","Golden Idol","Nunchaku","Mercury Hourglass","Art of War","Letter Opener","Snecko Eye","Necronomicon","Potion Belt","Pen Nib","Bottled Flame"],"potions_floor_usage":[10,25,25,27],"damage_taken":[{"damage":2,"enemies":"Cultist","floor":1,"turns":4},{"damage":3,"enemies":"Small Slimes","floor":2,"turns":4},{"damage":7,"enemies":"2 Louse","floor":5,"turns":3},{"damage":20,"enemies":"3 Sentries","floor":7,"turns":4},{"damage":17,"enemies":"Exordium Wildlife","floor":8,"turns":3},{"damage":6,"enemies":"Gremlin Nob","floor":10,"turns":3},{"damage":0,"enemies":"Gremlin Gang","floor":14,"turns":1},{"damage":0,"enemies":"Slime Boss","floor":16,"turns":5},{"damage":0,"enemies":"3 Byrds","floor":18,"turns":3},{"damage":7,"enemies":"2 Thieves","floor":19,"turns":3},{"damage":0,"enemies":"Snecko","floor":21,"turns":4},{"damage":4,"enemies":"Gremlin Leader","floor":23,"turns":4},{"damage":2,"enemies":"Snake Plant","floor":24,"turns":4},{"damage":12,"enemies":"Slavers","floor":25,"turns":2},{"damage":26,"enemies":"Book of Stabbing","floor":27,"turns":4}],"seed_played":"2190893965066763681","potions_obtained":[{"floor":1,"key":"Fire Potion"},{"floor":8,"key":"PowerPotion"},{"floor":18,"key":"FocusPotion"},{"floor":23,"key":"Regen Potion"},{"floor":24,"key":"Ancient Potion"}],"is_trial":false,"path_per_floor":["M","M","?","?","M","R","E","M","T","E","R","?","$","M","R","B",null,"M","M","?","M","$","E","M","E","T","E"],"character_chosen":"DEFECT","items_purchased":["Defragment","Letter Opener"],"campfire_rested":1,"item_purchase_floors":[13,13],"current_hp_per_floor":[62,59,64,64,57,57,37,20,20,14,34,23,23,23,23,23,58,58,51,30,30,30,26,24,21,21,0],"gold":168,"neow_bonus":"REMOVE_CARD","is_prod":false,"is_daily":false,"chose_seed":false,"campfire_upgraded":2,"win_rate":0,"timestamp":1554652240,"path_taken":["M","?","?","?","M","R","E","M","T","E","R","?","$","?","R","BOSS","M","?","?","M","?","E","M","E","T","E"],"build_version":"2019-01-23","purchased_purges":2,"victory":false,"max_hp_per_floor":[71,71,76,69,69,69,69,69,69,69,69,69,69,69,69,69,69,69,69,69,69,69,69,69,69,69,69],"card_choices":[{"not_picked":["Reprogram","Conserve Battery"],"picked":"Doom and Gloom","floor":1},{"not_picked":["Sweeping Beam","Stack"],"picked":"Ball Lightning","floor":2},{"not_picked":["White Noise","Cold Snap"],"picked":"Reinforced Body","floor":5},{"not_picked":["Force Field","Conserve Battery"],"picked":"Electrodynamics","floor":7},{"not_picked":["Go for the Eyes","Rebound"],"picked":"Cold Snap","floor":8},{"not_picked":["Hologram","Fusion"],"picked":"Static Discharge","floor":10},{"not_picked":["Stack","Rebound"],"picked":"Glacier","floor":14},{"not_picked":["Electrodynamics","Creative AI"],"picked":"Biased Cognition","floor":16},{"not_picked":["Melter","Fusion","Hologram"],"picked":"SKIP","floor":18},{"not_picked":["Coolheaded","Streamline"],"picked":"Conserve Battery","floor":19},{"not_picked":["Leap","Aggregate"],"picked":"Darkness+1","floor":21},{"not_picked":["Lockon","Leap","Beam Cell"],"picked":"SKIP","floor":23},{"not_picked":["Conserve Battery+1","Blizzard"],"picked":"Creative AI","floor":24},{"not_picked":["Hello World","Ball Lightning","Stack"],"picked":"SKIP","floor":25}],"player_experience":963414,"relics_obtained":[{"floor":7,"key":"Nunchaku"},{"floor":9,"key":"Mercury Hourglass"},{"floor":10,"key":"Art of War"},{"floor":20,"key":"Necronomicon"},{"floor":23,"key":"Potion Belt"},{"floor":25,"key":"Pen Nib"},{"floor":26,"key":"Bottled Flame"}],"event_choices":[{"damage_healed":0,"gold_gain":0,"player_choice":"Donut","damage_taken":0,"max_hp_gain":5,"max_hp_loss":0,"event_name":"Big Fish","floor":3,"gold_loss":0},{"damage_healed":0,"gold_gain":0,"player_choice":"Lose Max HP","damage_taken":0,"relics_obtained":["Golden Idol"],"max_hp_gain":0,"max_hp_loss":7,"event_name":"Golden Idol","floor":4,"gold_loss":0},{"damage_healed":0,"gold_gain":75,"player_choice":"Gather Gold","damage_taken":11,"max_hp_gain":0,"max_hp_loss":0,"event_name":"World of Goop","floor":12,"gold_loss":0},{"damage_healed":0,"gold_gain":0,"player_choice":"Obtained Book","damage_taken":21,"max_hp_gain":0,"max_hp_loss":0,"event_name":"Cursed Tome","floor":20,"gold_loss":0}],"is_beta":false,"boss_relics":[{"not_picked":["Ectoplasm","Astrolabe"],"picked":"Snecko Eye"}],"items_purged_floors":[13,22],"is_endless":false,"potions_floor_spawned":[1,8,18,23,24],"killed_by":"Book of Stabbing","ascension_level":20}