{"gold_per_floor":[117,140,160,235,252,252,42,42,42,59,31,64,64,92,92,166,166,181,231,181,5,5],"floor_reached":22,"playtime":1288,"items_purged":[],"score":355,"play_id":"489a3e77-597f-4c51-a36b-9020efeaeb82","local_time":"20190116175254","is_ascension_mode":true,"campfire_choices":[{"data":"Footwork","floor":6,"key":"SMITH"},{"data":"Neutralize","floor":8,"key":"SMITH"},{"data":"Deadly Poison","floor":13,"key":"SMITH"},{"data":"Adrenaline","floor":15,"key":"SMITH"}],"neow_cost":"NONE","seed_source_timestamp":246428061106400,"circlet_count":0,"master_deck":["AscendersBane","Defend_G","Defend_G","Defend_G","Defend_G","Defend_G","Strike_G","Strike_G","Strike_G","Survivor","Neutralize+1","Doppelganger","Footwork+1","Adrenaline+1","PiercingWail","Footwork+1","Calculated Gamble","Deadly Poison+1","Dagger Spray","Dagger Throw","Venomology","Underhanded Strike+1","Deflect","Blur","Sucker Punch","Skewer"],"relics":["Ring of the Snake","Happy Flower","DollysMirror","Bottled Lightning","Regal Pillow","Pantograph","Empty Cage"],"potions_floor_usage":[12,14,22],"damage_taken":[{"damage":2,"enemies":"Cultist","floor":1,"turns":4},{"damage":0,"enemies":"2 Louse","floor":3,"turns":5},{"damage":2,"enemies":"Jaw Worm","floor":5,"turns":5},{"damage":2,"enemies":"Lots of Slimes","floor":10,"turns":7},{"damage":14,"enemies":"Lagavulin","floor":12,"turns":9},{"damage":28,"enemies":"Gremlin Nob","floor":14,"turns":5},{"damage":10,"enemies":"Hexaghost","floor":16,"turns":12},{"damage":0,"enemies":"3 Byrds","floor":18,"turns":7},{"damage":21,"enemies":"2 Thieves","floor":20,"turns":5},{"damage":54,"enemies":"3 Cultists","floor":22,"turns":6}],"seed_played":"-8153068643761449343","potions_obtained":[{"floor":1,"key":"Energy Potion"},{"floor":3,"key":"Regen Potion"},{"floor":20,"key":"SkillPotion"}],"is_trial":false,"path_per_floor":["M","T","M","?","M","R","$","R","T","M","$","E","R","E","R","B",null,"M","?","M","$","M"],"character_chosen":"THE_SILENT","items_purchased":["DollysMirror","Deadly Poison","Blur","Sucker Punch","Skewer"],"campfire_rested":0,"item_purchase_floors":[7,11,21,21,21],"current_hp_per_floor":[57,57,57,46,44,44,44,44,44,42,42,43,43,15,15,30,57,57,57,36,36,0],"gold":5,"neow_bonus":"ONE_RANDOM_RARE_CARD","is_prod":false,"is_daily":false,"chose_seed":false,"campfire_upgraded":4,"win_rate":0,"timestamp":1547653974,"path_taken":["M","?","M","?","?","R","$","R","T","M","?","E","R","E","R","BOSS","M","?","M","$","M"],"build_version":"2019-01-10","purchased_purges":0,"victory":false,"max_hp_per_floor":[66,66,66,66,66,66,66,66,66,66,66,66,66,66,66,66,66,66,66,66,66,66],"card_choices":[{"not_picked":["PiercingWail","Slice"],"picked":"Footwork","floor":1},{"not_picked":["Poisoned Stab","Slice"],"picked":"Adrenaline","floor":3},{"not_picked":["Quick Slash","Outmaneuver"],"picked":"PiercingWail","floor":5},{"not_picked":["Endless Agony","Prepared"],"picked":"Calculated Gamble","floor":10},{"not_picked":["Unload","Poisoned Stab"],"picked":"Dagger Spray","floor":12},{"not_picked":["PiercingWail","Setup"],"picked":"Dagger Throw","floor":14},{"not_picked":["Wraith Form v2","A Thousand Cuts"],"picked":"Venomology","floor":16},{"not_picked":["Riddle With Holes","Flying Knee"],"picked":"Underhanded Strike+1","floor":18},{"not_picked":["Finisher","All Out Attack"],"picked":"Deflect","floor":20}],"player_experience":818975,"relics_obtained":[{"floor":2,"key":"Happy Flower"},{"floor":9,"key":"Bottled Lightning"},{"floor":12,"key":"Regal Pillow"},{"floor":14,"key":"Pantograph"}],"event_choices":[{"damage_healed":0,"gold_gain":75,"player_choice":"Gather Gold","damage_taken":11,"max_hp_gain":0,"max_hp_loss":0,"event_name":"World of Goop","floor":4,"gold_loss":0},{"damage_healed":0,"gold_gain":50,"player_choice":"Stole From Cult","damage_taken":0,"max_hp_gain":0,"max_hp_loss":0,"event_name":"Nest","floor":19,"gold_loss":0}],"is_beta":false,"boss_relics":[{"not_picked":["Ectoplasm","Fusion Hammer"],"picked":"Empty Cage"}],"items_purged_floors":[],"is_endless":false,"potions_floor_spawned":[1,3,10,20],"killed_by":"3 Cultists","ascension_level":17}