{"gold_per_floor":[109,259,259,279,354,383,383,383,408,440,440,473,125,142,142,213,213,228,67,117,117,7,7,41,52,52,81,81,81,115,115,115,191,191,210,210,227,238,8,38,38,38],"floor_reached":42,"playtime":1532,"items_purged":["Strike_R"],"score":1042,"play_id":"2154a2cc-951e-440c-89a0-1b33178d11fc","local_time":"20190412140514","is_ascension_mode":true,"campfire_choices":[{"data":"Bash","floor":8.0,"key":"SMITH"},{"floor":11.0,"key":"REST"},{"data":"Limit Break","floor":15.0,"key":"SMITH"},{"floor":23.0,"key":"REST"},{"data":"True Grit","floor":28,"key":"SMITH"},{"floor":32,"key":"REST"}],"neow_cost":"NONE","seed_source_timestamp":15629067742700,"circlet_count":0,"master_deck":["AscendersBane","Defend_R+1","Defend_R+1","Defend_R+1","Defend_R+1","Bash+1","Shrug It Off","Feel No Pain","Limit Break+1","Spot Weakness","Reckless Charge+1","Combust","Twin Strike+1","Shrug It Off","Immolate+1","Headbutt+1","Whirlwind+1","Reckless Charge+1","Flame Barrier","True Grit+1","Fiend Fire+1","Reaper+1","Clothesline+1","Rage+1","Rupture+1","True Grit","Uppercut+1","Battle Trance+1","Disarm","Reaper+1","Shrug It Off","Demon Form+1"],"special_seed":0,"relics":["Burning Blood","NeowsBlessing","Happy Flower","Ice Cream","Regal Pillow","Meat on the Bone","Molten Egg 2","Velvet Choker","Kunai","Mummified Hand","Frozen Egg 2","Vajra","Astrolabe","Question Card"],"potions_floor_usage":[42],"damage_taken":[{"damage":0.0,"enemies":"Jaw Worm","floor":1.0,"turns":1.0},{"damage":0.0,"enemies":"2 Louse","floor":4.0,"turns":1.0},{"damage":0.0,"enemies":"Lagavulin","floor":6.0,"turns":1.0},{"damage":44.0,"enemies":"3 Sentries","floor":10.0,"turns":11.0},{"damage":25.0,"enemies":"Lagavulin","floor":12.0,"turns":7.0},{"damage":0.0,"enemies":"Cultist","floor":14.0,"turns":2.0},{"damage":51.0,"enemies":"Hexaghost","floor":16.0,"turns":9.0},{"damage":32.0,"enemies":"Shell Parasite","floor":18.0,"turns":5.0},{"damage":33,"enemies":"Book of Stabbing","floor":24,"turns":3},{"damage":0,"enemies":"3 Byrds","floor":25,"turns":4},{"damage":24,"enemies":"Gremlin Leader","floor":27,"turns":5},{"damage":37,"enemies":"Book of Stabbing","floor":30,"turns":4},{"damage":64,"enemies":"Collector","floor":33,"turns":6},{"damage":5,"enemies":"Orb Walker","floor":35,"turns":4},{"damage":36,"enemies":"3 Darklings","floor":37,"turns":7},{"damage":50,"enemies":"Spire Growth","floor":38,"turns":5},{"damage":40,"enemies":"Reptomancer","floor":40,"turns":10},{"damage":73,"enemies":"2 Orb Walkers","floor":42,"turns":5}],"seed_played":"5085674043548279402","potions_obtained":[{"floor":4.0,"key":"Swift Potion"},{"floor":6.0,"key":"FearPotion"},{"floor":27,"key":"LiquidBronze"},{"floor":30,"key":"Regen Potion"}],"is_trial":false,"path_per_floor":["M","?","?","M","?","E","?","R","T","E","R","E","$","M","R","B",null,"M","$","?","?","?","R","E","M","T","E","R","T","E","?","R","B",null,"M","?","M","M","$","E","?","?"],"character_chosen":"IRONCLAD","items_purchased":["Spot Weakness","Reckless Charge+1","Combust","Twin Strike+1","Whirlwind+1","Reckless Charge+1","Disarm","Reaper+1","Shrug It Off"],"campfire_rested":3,"item_purchase_floors":[13,13,13,13,19,19,39,39,39],"current_hp_per_floor":[74,74,67,73,62,68,63,63,63,25,62,55,55,61,61,28,63,49,49,49,28,28,67,52,58,58,52,52,52,33,33,72,26,67,68,68,80,48,48,29,29,0],"gold":38,"neow_bonus":"THREE_ENEMY_KILL","is_prod":false,"is_daily":false,"chose_seed":false,"campfire_upgraded":3,"win_rate":0,"timestamp":1555067114,"path_taken":["M","?","?","M","?","E","?","R","T","E","R","E","$","M","R","BOSS","M","$","?","?","?","R","E","?","T","E","R","?","E","?","R","BOSS","M","?","M","?","$","E","?","?"],"build_version":"2019-01-23","purchased_purges":1,"victory":false,"max_hp_per_floor":[75,75,75,75,75,75,75,75,75,75,75,75,75,75,75,75,75,75,75,75,80,80,80,80,80,80,80,80,80,80,80,80,80,80,80,80,80,80,80,80,80,80],"card_choices":[{"not_picked":["Thunderclap","Flex","Searing Blow"],"picked":"SKIP","floor":1.0},{"not_picked":["Thunderclap","Power Through"],"picked":"Cleave","floor":4.0},{"not_picked":["Sword Boomerang","Anger"],"picked":"Shrug It Off","floor":6.0},{"not_picked":["Armaments","Entrench"],"picked":"Feel No Pain","floor":10.0},{"not_picked":["Twin Strike","Carnage"],"picked":"Limit Break","floor":12.0},{"not_picked":["Clash+1","Armaments"],"picked":"Shrug It Off","floor":14.0},{"not_picked":["Demon Form","Exhume"],"picked":"Immolate+1","floor":16.0},{"not_picked":["Shrug It Off","Carnage+1"],"picked":"Headbutt+1","floor":18.0},{"not_picked":["Spot Weakness","Heavy Blade+1"],"picked":"Flame Barrier","floor":24},{"not_picked":["Perfected Strike+1","Second Wind","Fire Breathing+1"],"picked":"SKIP","floor":25},{"not_picked":["Anger+1","Twin Strike+1"],"picked":"True Grit","floor":27},{"not_picked":["Bloodletting","Body Slam+1"],"picked":"Fiend Fire+1","floor":30},{"not_picked":["Impervious","Offering"],"picked":"Reaper+1","floor":33},{"not_picked":["Pommel Strike+1","Clothesline+1"],"picked":"True Grit","floor":35},{"not_picked":["Thunderclap+1","True Grit"],"picked":"Uppercut+1","floor":37},{"not_picked":["Warcry","Havoc+1"],"picked":"Battle Trance+1","floor":38},{"not_picked":["Power Through","Armaments"],"picked":"Demon Form+1","floor":40}],"player_experience":965607,"relics_obtained":[{"floor":6.0,"key":"Happy Flower"},{"floor":9.0,"key":"Regal Pillow"},{"floor":10.0,"key":"Meat on the Bone"},{"floor":12.0,"key":"Molten Egg 2"},{"floor":24,"key":"Kunai"},{"floor":26,"key":"Mummified Hand"},{"floor":27,"key":"Frozen Egg 2"},{"floor":30,"key":"Vajra"},{"floor":40,"key":"Question Card"}],"event_choices":[{"damage_healed":0.0,"max_hp_gain":0.0,"max_hp_loss":0.0,"gold_gain":150.0,"event_name":"Liars Game","player_choice":"AGREE","floor":2.0,"gold_loss":0.0,"damage_taken":0.0,"cards_obtained":["Doubt"]},{"cards_removed":["Doubt"],"damage_healed":0.0,"max_hp_gain":0.0,"max_hp_loss":0.0,"gold_gain":0.0,"event_name":"Golden Wing","player_choice":"Card Removal","floor":3.0,"gold_loss":0.0,"damage_taken":7.0},{"damage_healed":0.0,"max_hp_gain":0.0,"max_hp_loss":0.0,"gold_gain":75.0,"event_name":"World of Goop","player_choice":"Gather Gold","floor":5.0,"gold_loss":0.0,"damage_taken":11.0},{"damage_healed":0.0,"max_hp_gain":0.0,"max_hp_loss":0.0,"gold_gain":0.0,"event_name":"Scrap Ooze","player_choice":"Success","floor":7.0,"gold_loss":0.0,"damage_taken":5.0,"relics_obtained":["Ice Cream"]},{"damage_healed":0.0,"max_hp_gain":0.0,"max_hp_loss":0.0,"gold_gain":50.0,"event_name":"Nest","player_choice":"Stole From Cult","floor":20.0,"gold_loss":0.0,"damage_taken":0.0},{"damage_healed":0.0,"max_hp_gain":5.0,"max_hp_loss":0.0,"gold_gain":0.0,"event_name":"Forgotten Altar","player_choice":"Shed Blood","floor":21.0,"gold_loss":0.0,"damage_taken":26.0},{"cards_removed":["Strike_R"],"damage_healed":0.0,"max_hp_gain":0.0,"max_hp_loss":0.0,"gold_gain":0.0,"event_name":"Designer","player_choice":"Upgrade and Remove","floor":22.0,"gold_loss":110.0,"damage_taken":0.0,"cards_upgraded":["Strike_R"]},{"damage_healed":0,"gold_gain":0,"player_choice":"Simplicity","damage_taken":0,"max_hp_gain":0,"max_hp_loss":0,"event_name":"Back to Basics","floor":31,"gold_loss":0,"cards_upgraded":["Strike_R","Strike_R","Defend_R","Defend_R","Defend_R","Defend_R"]},{"cards_removed":["Cleave"],"damage_healed":0,"gold_gain":0,"player_choice":"Purged","damage_taken":0,"max_hp_gain":0,"max_hp_loss":0,"event_name":"Purifier","floor":36,"gold_loss":0},{"damage_healed":0,"gold_gain":0,"player_choice":"Ignored","damage_taken":0,"max_hp_gain":0,"max_hp_loss":0,"event_name":"The Moai Head","floor":41,"gold_loss":0},{"damage_healed":0,"gold_gain":0,"player_choice":"Fight","damage_taken":0,"max_hp_gain":0,"max_hp_loss":0,"event_name":"Mysterious Sphere","floor":42,"gold_loss":0}],"is_beta":false,"boss_relics":[{"not_picked":["Black Star","Cursed Key"],"picked":"Velvet Choker"},{"not_picked":["Runic Cube","Tiny House"],"picked":"Astrolabe"}],"items_purged_floors":[13],"is_endless":false,"potions_floor_spawned":[4,6,12,27,30,38],"killed_by":"2 Orb Walkers","ascension_level":20}