{"path_per_floor":["M","?","M","M","M","E","M","E","T","M","R","M","R","M","R","B",null,"M","?","?","M","$","R","E","R","T","R","M","M","?","?","R","B",null,"M","M","?","M"],"character_chosen":"THE_SILENT","items_purchased":["Calculated Gamble","Torii","War Paint"],"gold_per_floor":[110,110,128,140,156,191,203,232,257,271,271,285,285,297,297,395,395,366,366,666,677,189,189,224,224,250,250,270,283,198,198,198,302,302,313,332,332,347,347],"floor_reached":39,"campfire_rested":4,"playtime":4021,"current_hp_per_floor":[66,52,49,49,49,21,13,5,5,1,22,21,42,41,41,5,70,56,56,56,55,55,55,20,41,41,62,45,45,52,38,38,27,38,38,30,30,30,0],"items_purged":[],"gold":347,"score":466,"play_id":"b2112875-f91b-42b0-bd1c-a342d7c153a0","local_time":"20180412180315","is_prod":false,"is_daily":false,"is_ascension_mode":false,"campfire_upgraded":3,"timestamp":1523523795,"path_taken":["M","?","M","M","M","E","M","E","T","M","R","M","R","M","R","BOSS","M","?","?","M","?","R","E","R","T","R","M","M","?","?","R","BOSS","M","M","?","M","?"],"build_version":"2018-04-05v2","purchased_purges":1,"victory":false,"master_deck":["Defend_G","Defend_G","Defend_G","Defend_G","Defend_G+1","Strike_G","Strike_G+1","Survivor","Neutralize+1","Heel Hook","Slice","All Out Attack","After Image+1","Deflect","Blade Dance","Poisoned Stab","Prepared","Blur","After Image+1","Flechettes+1","After Image+1","Blade Dance+1","All Out Attack","Terror+1","Calculated Gamble+1","Well Laid Plans","Wraith Form+1","Slice","Outmaneuver+1","Ghostly","Ghostly","Ghostly","Ghostly","Ghostly","A Thousand Cuts","Distraction+1","Dagger Spray+1"],"max_hp_per_floor":[70,70,70,70,70,70,70,70,70,70,70,70,70,70,70,70,70,70,70,70,70,70,70,70,70,70,70,70,70,77,38,38,38,38,38,38,38,38,38],"relics":["Ring of the Snake","Gambling Chip","Matryoshka","Pen Nib","Orichalcum","Astrolabe","Old Coin","Torii","War Paint","Unceasing Top","Dream Catcher","Juzu Bracelet","Strawberry","Cursed Key"],"card_choices":[{"not_picked":["PiercingWail","Caltrops"],"picked":"Heel Hook","floor":1},{"not_picked":["Caltrops","Calculated Gamble"],"picked":"Slice","floor":3},{"not_picked":["Bane","Acrobatics"],"picked":"All Out Attack","floor":4},{"not_picked":["Underhanded Strike","Predator"],"picked":"After Image","floor":5},{"not_picked":["Tools of the Trade","Bane"],"picked":"Deflect","floor":6},{"not_picked":["Underhanded Strike","Poisoned Stab"],"picked":"Blade Dance","floor":7},{"not_picked":["Bullet Time","Underhanded Strike"],"picked":"Poisoned Stab","floor":8},{"not_picked":["Slice","Flying Knee"],"picked":"Dagger Spray","floor":10},{"not_picked":["Dodge and Roll","Eviscerate"],"picked":"Prepared","floor":12},{"not_picked":["Dagger Spray","Sucker Punch"],"picked":"Blur","floor":14},{"not_picked":["Night Terror","Phantasmal Killer"],"picked":"After Image","floor":16},{"not_picked":["Sucker Punch","Dagger Throw"],"picked":"All Out Attack","floor":18},{"not_picked":["Sucker Punch","Dagger Throw"],"picked":"Terror","floor":21},{"not_picked":["Dagger Throw","Masterful Stab"],"picked":"Well Laid Plans","floor":24},{"not_picked":["Sucker Punch","All Out Attack"],"picked":"Wraith Form","floor":27},{"not_picked":["Bane","Dodge and Roll"],"picked":"Slice","floor":28},{"not_picked":["PiercingWail","Footwork"],"picked":"Outmaneuver","floor":29},{"not_picked":["Burst","Die Die Die"],"picked":"A Thousand Cuts","floor":33},{"not_picked":["All Out Attack","Terror"],"picked":"Distraction","floor":35},{"not_picked":["Underhanded Strike","PiercingWail"],"picked":"Dagger Spray","floor":36}],"player_experience":9153,"potions_floor_usage":[21,39],"damage_taken":[{"damage":4,"enemies":"Cultist","floor":1,"turns":4},{"damage":3,"enemies":"Jaw Worm","floor":3,"turns":3},{"damage":0,"enemies":"Small Slimes","floor":4,"turns":3},{"damage":0,"enemies":"3 Louse","floor":5,"turns":2},{"damage":28,"enemies":"Gremlin Nob","floor":6,"turns":6},{"damage":8,"enemies":"Exordium Wildlife","floor":7,"turns":3},{"damage":8,"enemies":"3 Sentries","floor":8,"turns":9},{"damage":4,"enemies":"Exordium Thugs","floor":10,"turns":4},{"damage":1,"enemies":"3 Louse","floor":12,"turns":3},{"damage":1,"enemies":"Looter","floor":14,"turns":2},{"damage":36,"enemies":"The Guardian","floor":16,"turns":14},{"damage":14,"enemies":"2 Thieves","floor":18,"turns":5},{"damage":16,"enemies":"Spheric Guardian","floor":21,"turns":6},{"damage":35,"enemies":"Slavers","floor":24,"turns":9},{"damage":17,"enemies":"Snecko","floor":28,"turns":7},{"damage":0,"enemies":"Snake Plant","floor":29,"turns":5},{"damage":11,"enemies":"Champ","floor":33,"turns":15},{"damage":0,"enemies":"3 Darklings","floor":35,"turns":5},{"damage":8,"enemies":"3 Shapes","floor":36,"turns":6},{"damage":0,"enemies":"Maw","floor":38,"turns":7},{"damage":36,"enemies":"ê_îÈÇÃãÖëÃ","floor":39,"turns":8}],"event_choices":[{"event_name":"Shining Light","player_choice":"Entered Light","floor":2,"damage_taken":0},{"event_name":"Beggar","player_choice":"Ignored","floor":19,"damage_taken":0},{"event_name":"The Mausoleum","player_choice":"Yes","floor":20,"damage_taken":0},{"event_name":"Addict","player_choice":"Obtained Relic","floor":30,"damage_taken":0},{"event_name":"Ghosts","player_choice":"Became a Ghost","floor":31,"damage_taken":0},{"event_name":"Mysterious Sphere","player_choice":"Fight","floor":39,"damage_taken":0}],"boss_relics":[{"not_picked":["White Beast Statue","Tiny House"],"picked":"Astrolabe"},{"not_picked":["Velvet Choker","Sozu"],"picked":"Cursed Key"}],"potions_floor_spawned":[3,5,10,16,18,29,35,36],"seed_played":"8505781202975832119","killed_by":"ê_îÈÇÃãÖëÃ","ascension_level":0,"is_trial":false}