{"gold_per_floor":[12,25,38,52,52,52,64,64,114,133,133,408,238,257,257,257],"floor_reached":16,"playtime":453,"items_purged":["Regret"],"score":94,"play_id":"730665a6-6a14-466b-9d64-d5c860450e36","local_time":"20190627033108","is_ascension_mode":false,"campfire_choices":[{"data":"Zap","floor":6,"key":"SMITH"},{"data":"Fusion","floor":8,"key":"SMITH"},{"data":"Dualcast","floor":11,"key":"SMITH"},{"data":"Forethought","floor":15,"key":"SMITH"}],"neow_cost":"NO_GOLD","seed_source_timestamp":128018392158040,"circlet_count":0,"master_deck":["Strike_B","Strike_B","Strike_B","Strike_B","Defend_B","Defend_B","Defend_B","Defend_B","Zap+1","Dualcast+1","Meteor Strike","Turbo","Self Repair","Reprogram","Fusion+1","Coolheaded","Multi-Cast","Forethought+1","Steam"],"relics":["Cracked Core","Vajra"],"potions_floor_usage":[],"damage_taken":[{"damage":0,"enemies":"Small Slimes","floor":1,"turns":2},{"damage":1,"enemies":"Cultist","floor":2,"turns":3},{"damage":7,"enemies":"2 Louse","floor":3,"turns":2},{"damage":6,"enemies":"2 Fungi Beasts","floor":4,"turns":4},{"damage":5,"enemies":"Looter","floor":7,"turns":3},{"damage":7,"enemies":"Blue Slaver","floor":10,"turns":3},{"damage":37,"enemies":"Gremlin Gang","floor":14,"turns":4},{"damage":41,"enemies":"Hexaghost","floor":16,"turns":11}],"seed_played":"-1689353763637826766","potions_obtained":[{"floor":2,"key":"FocusPotion"},{"floor":4,"key":"FearPotion"},{"floor":10,"key":"SpeedPotion"}],"is_trial":false,"path_per_floor":["M","M","M","M","$","R","M","R","T","M","R","?","$","M","R","B"],"character_chosen":"DEFECT","items_purchased":["Forethought"],"campfire_rested":0,"item_purchase_floors":[13],"current_hp_per_floor":[75,74,67,68,68,68,70,70,70,70,70,70,70,40,40,0],"gold":257,"neow_bonus":"THREE_RARE_CARDS","is_prod":false,"is_daily":false,"chose_seed":false,"campfire_upgraded":4,"win_rate":0,"timestamp":1561573868,"path_taken":["M","M","M","M","$","R","M","R","T","M","R","?","$","M","R","BOSS"],"build_version":"2019-01-23","purchased_purges":1,"victory":false,"max_hp_per_floor":[75,75,75,75,75,75,75,75,75,75,75,75,75,75,75,75],"card_choices":[{"not_picked":["Multi-Cast","All For One"],"picked":"Meteor Strike","floor":0},{"not_picked":["Gash","Ball Lightning"],"picked":"Turbo","floor":1},{"not_picked":["Go for the Eyes","Chill"],"picked":"Self Repair","floor":2},{"not_picked":["Ball Lightning","Beam Cell"],"picked":"Reprogram","floor":3},{"not_picked":["Steam","Lockon"],"picked":"Fusion","floor":4},{"not_picked":["Darkness","Rebound"],"picked":"Coolheaded","floor":7},{"not_picked":["Melter","Blizzard"],"picked":"Multi-Cast","floor":10},{"not_picked":["Sweeping Beam","Storm"],"picked":"Steam","floor":14}],"player_experience":1064135,"relics_obtained":[{"floor":9,"key":"Vajra"}],"event_choices":[{"damage_healed":0,"gold_gain":275,"player_choice":"Desecrate","damage_taken":0,"max_hp_gain":0,"max_hp_loss":0,"event_name":"Golden Shrine","floor":12,"gold_loss":0,"cards_obtained":["Regret"]}],"is_beta":false,"boss_relics":[],"items_purged_floors":[13],"is_endless":false,"potions_floor_spawned":[2,4,10,14],"killed_by":"Hexaghost","ascension_level":0}