{"gold_per_floor":[114,114,114,114,127,157,157,188,188,218,231,244,244,19,19,19],"floor_reached":16,"playtime":431,"items_purged":[],"score":286,"play_id":"6b6f3a85-4dde-4ef6-9037-78b912748c88","local_time":"20190530085930","is_ascension_mode":true,"campfire_choices":[{"data":"Dash","floor":7,"key":"SMITH"},{"data":"Dagger Spray","floor":15,"key":"SMITH"}],"neow_cost":"NONE","seed_source_timestamp":693037723594200,"circlet_count":0,"master_deck":["AscendersBane","Defend_G","Defend_G","Defend_G","Defend_G","Defend_G","Strike_G","Strike_G","Strike_G","Strike_G","Strike_G","Survivor","Neutralize","Finisher+1","Dash+1","Deadly Poison","Crippling Poison","Glass Knife","Blade Dance","Slice","Dagger Spray+1"],"relics":["Ring of the Snake","NeowsBlessing","FaceOfCleric","Dodecahedron","Regal Pillow","Question Card","Kunai","Snake Skull"],"potions_floor_usage":[8],"damage_taken":[{"damage":0,"enemies":"Small Slimes","floor":1,"turns":1},{"damage":0,"enemies":"Jaw Worm","floor":5,"turns":1},{"damage":0,"enemies":"Lagavulin","floor":6,"turns":1},{"damage":14,"enemies":"3 Sentries","floor":8,"turns":11},{"damage":43,"enemies":"Gremlin Nob","floor":10,"turns":5},{"damage":0,"enemies":"Cultist","floor":11,"turns":3},{"damage":0,"enemies":"3 Louse","floor":12,"turns":2},{"damage":29,"enemies":"Slime Boss","floor":16,"turns":3}],"seed_played":"-8487214721605705826","potions_obtained":[{"floor":1,"key":"Explosive Potion"},{"floor":10,"key":"Energy Potion"}],"is_trial":false,"path_per_floor":["M","?","?","?","M","E","R","E","T","E","M","M","?","$","R","B"],"character_chosen":"THE_SILENT","items_purchased":["Snake Skull","Dagger Spray"],"campfire_rested":0,"item_purchase_floors":[14,14],"current_hp_per_floor":[59,59,64,64,65,66,66,53,53,11,12,13,13,13,13,0],"gold":19,"neow_bonus":"THREE_ENEMY_KILL","is_prod":false,"is_daily":false,"chose_seed":false,"campfire_upgraded":2,"win_rate":0,"timestamp":1559195970,"path_taken":["M","?","?","?","?","E","R","E","T","E","M","M","?","$","R","BOSS"],"build_version":"2019-01-23","purchased_purges":0,"victory":false,"max_hp_per_floor":[66,66,71,71,72,73,73,74,74,75,76,77,77,77,77,77],"card_choices":[{"not_picked":["Acrobatics","PiercingWail"],"picked":"Finisher","floor":1},{"not_picked":["Deflect","Prepared"],"picked":"Dash","floor":5},{"not_picked":["Deflect","PiercingWail"],"picked":"Deadly Poison","floor":6},{"not_picked":["Heel Hook","Acrobatics"],"picked":"Crippling Poison","floor":8},{"not_picked":["Doppelganger","Dodge and Roll","Eviscerate"],"picked":"Glass Knife","floor":10},{"not_picked":["Bane","All Out Attack","Cloak And Dagger"],"picked":"Blade Dance","floor":11},{"not_picked":["Deadly Poison","Tools of the Trade","Quick Slash"],"picked":"Slice","floor":12}],"player_experience":1046489,"relics_obtained":[{"floor":6,"key":"Dodecahedron"},{"floor":8,"key":"Regal Pillow"},{"floor":9,"key":"Question Card"},{"floor":10,"key":"Kunai"}],"event_choices":[{"damage_healed":0,"gold_gain":0,"player_choice":"Grow","damage_taken":0,"max_hp_gain":0,"max_hp_loss":0,"event_name":"Living Wall","floor":2,"gold_loss":0,"cards_upgraded":["Finisher"]},{"damage_healed":0,"gold_gain":0,"player_choice":"Donut","damage_taken":0,"max_hp_gain":5,"max_hp_loss":0,"event_name":"Big Fish","floor":3,"gold_loss":0},{"damage_healed":0,"gold_gain":0,"player_choice":"Trade","damage_taken":0,"relics_obtained":["FaceOfCleric"],"max_hp_gain":0,"max_hp_loss":0,"event_name":"FaceTrader","floor":4,"gold_loss":0},{"damage_healed":0,"gold_gain":0,"player_choice":"Searched \u00270\u0027 times","damage_taken":0,"max_hp_gain":0,"max_hp_loss":0,"event_name":"Dead Adventurer","floor":13,"gold_loss":0}],"is_beta":false,"boss_relics":[],"items_purged_floors":[],"is_endless":false,"potions_floor_spawned":[1,10],"killed_by":"Slime Boss","ascension_level":20}