{"gold_per_floor":[109,109,284,284,159,159,194,194,194,72,98,98,48,48,48,176,176,200,200,299,214,214,214,238,238,265,265,303,253,273,172,172,301,301,315,315,415,439,389,433,449,449,449,449,484,434,457,8,8,8],"floor_reached":51,"playtime":640,"items_purged":["Strike_R","Defend_R","Defend_R","Strike_R","Defend_R","Strike_R","Strike_R","Clash"],"score":896,"play_id":"030a247c-bfb3-49c1-b8d5-415b6a650aca","local_time":"20190628053247","is_ascension_mode":false,"campfire_choices":[{"data":"Flex","floor":6.0,"key":"SMITH"},{"data":"Heavy Blade","floor":8.0,"key":"SMITH"},{"data":"Flex","floor":12,"key":"SMITH"},{"data":"Bash","floor":15,"key":"SMITH"},{"data":"Flex","floor":23,"key":"SMITH"},{"data":"Demon Form","floor":27,"key":"SMITH"},{"floor":32,"key":"REST"},{"data":"Flex","floor":44,"key":"SMITH"},{"floor":49,"key":"REST"}],"neow_cost":"NONE","seed_source_timestamp":15762472388484,"circlet_count":0,"master_deck":["Bash+1","Flex+1","Heavy Blade+1","Flex+1","Thunderclap+1","Demon Form+1","Flex+1","Necronomicurse","Flex+1","Immolate+1"],"special_seed":0,"relics":["Burning Blood","NeowsBlessing","Smiling Mask","Self Forming Clay","Regal Pillow","Golden Idol","Runic Dome","Anchor","Necronomicon","Bronze Scales","PreservedInsect","Empty Cage","Ginger","Oddly Smooth Stone","Turnip","Orichalcum","Whetstone"],"potions_floor_usage":[33,47,50,50,50],"damage_taken":[{"damage":0.0,"enemies":"Small Slimes","floor":1.0,"turns":1.0},{"damage":0.0,"enemies":"Lagavulin","floor":7.0,"turns":1.0},{"damage":0,"enemies":"3 Sentries","floor":11,"turns":1},{"damage":33,"enemies":"The Guardian","floor":16,"turns":6},{"damage":15,"enemies":"2 Thieves","floor":18,"turns":3},{"damage":2,"enemies":"Shell Parasite","floor":24,"turns":3},{"damage":24,"enemies":"Slavers","floor":28,"turns":5},{"damage":1,"enemies":"Shelled Parasite and Fungi","floor":30,"turns":3},{"damage":36,"enemies":"Collector","floor":33,"turns":5},{"damage":5,"enemies":"Orb Walker","floor":35,"turns":2},{"damage":0,"enemies":"3 Shapes","floor":38,"turns":2},{"damage":0,"enemies":"Reptomancer","floor":40,"turns":2},{"damage":5,"enemies":"Writhing Mass","floor":41,"turns":2},{"damage":13,"enemies":"Giant Head","floor":45,"turns":4},{"damage":20,"enemies":"4 Shapes","floor":47,"turns":3},{"damage":53,"enemies":"Donu and Deca","floor":50,"turns":5}],"seed_played":"-1165003797468592768","potions_obtained":[{"floor":7.0,"key":"LiquidBronze"},{"floor":11,"key":"FearPotion"},{"floor":30,"key":"AttackPotion"},{"floor":33,"key":"BloodPotion"}],"is_trial":false,"path_per_floor":["M","?","?","?","$","R","E","R","T","$","E","R","$","?","R","B",null,"M","?","?","?","?","R","M","?","T","R","E","$","M","$","R","B",null,"M","?","?","M","$","E","M","?","T","R","E","$","M","$","R","B",null],"character_chosen":"IRONCLAD","items_purchased":["Flex","Flex","Clash","Flex","Orichalcum","Whetstone","PowerPotion","Strength Potion"],"campfire_rested":2,"item_purchase_floors":[5,10,10,31,48,48,48,48],"current_hp_per_floor":[80,85,85,85,85,85,85,85,85,85,85,85,85,79,79,52,79,70,70,70,70,70,70,74,58,58,58,40,40,45,45,79,49,79,79,79,79,79,79,79,79,75,75,75,68,68,61,61,75,28],"gold":8,"neow_bonus":"THREE_ENEMY_KILL","is_prod":false,"is_daily":false,"chose_seed":false,"campfire_upgraded":7,"win_rate":0,"timestamp":1561721567,"path_taken":["M","?","?","?","$","R","E","R","T","$","E","R","?","?","R","BOSS","M","?","?","?","?","R","M","?","T","R","E","$","M","$","R","BOSS","M","?","?","?","?","E","?","?","T","R","E","$","M","$","R","BOSS"],"build_version":"2019-01-23","purchased_purges":8,"victory":true,"max_hp_per_floor":[80,85,85,85,85,85,85,85,85,85,85,85,85,79,79,79,79,79,79,79,79,79,79,79,79,79,79,79,79,79,79,79,79,79,79,79,79,79,79,79,79,75,75,75,75,75,75,75,75,75],"card_choices":[{"not_picked":["Perfected Strike","Fire Breathing","True Grit"],"picked":"SKIP","floor":1.0},{"not_picked":["Pummel","Searing Blow"],"picked":"Heavy Blade","floor":7.0},{"not_picked":["Feel No Pain","Juggernaut"],"picked":"Thunderclap","floor":11},{"not_picked":["Impervious","Reaper"],"picked":"Demon Form","floor":16},{"not_picked":["Armaments","Body Slam","Anger"],"picked":"SKIP","floor":18},{"not_picked":["Iron Wave","Anger","Ghostly Armor"],"picked":"SKIP","floor":24},{"not_picked":["Infernal Blade+1","Reaper","Armaments"],"picked":"SKIP","floor":28},{"not_picked":["Ghostly Armor","Clash","Clothesline+1"],"picked":"SKIP","floor":30},{"not_picked":["Double Tap","Fiend Fire"],"picked":"Immolate","floor":33},{"not_picked":["Pommel Strike+1","Headbutt","Reckless Charge"],"picked":"SKIP","floor":35},{"not_picked":["Iron Wave","Rupture+1","Cleave+1"],"picked":"SKIP","floor":38},{"not_picked":["Metallicize+1","Battle Trance+1","True Grit"],"picked":"SKIP","floor":40},{"not_picked":["Metallicize+1","Battle Trance+1","True Grit"],"picked":"SKIP","floor":40},{"not_picked":["Evolve","Sever Soul+1","Perfected Strike"],"picked":"SKIP","floor":41},{"not_picked":["Reckless Charge+1","Evolve","Intimidate"],"picked":"SKIP","floor":45},{"not_picked":["Anger","Sword Boomerang+1","Cleave"],"picked":"SKIP","floor":47}],"player_experience":1520935,"relics_obtained":[{"floor":7.0,"key":"Smiling Mask"},{"floor":9.0,"key":"Self Forming Clay"},{"floor":11,"key":"Regal Pillow"},{"floor":25,"key":"Necronomicon"},{"floor":26,"key":"Bronze Scales"},{"floor":28,"key":"PreservedInsect"},{"floor":40,"key":"Ginger"},{"floor":43,"key":"Oddly Smooth Stone"},{"floor":45,"key":"Turnip"}],"event_choices":[{"damage_healed":0.0,"max_hp_gain":5.0,"max_hp_loss":0.0,"gold_gain":0.0,"event_name":"Big Fish","player_choice":"Donut","floor":2.0,"gold_loss":0.0,"damage_taken":0.0},{"damage_healed":0.0,"max_hp_gain":0.0,"max_hp_loss":0.0,"gold_gain":175.0,"event_name":"Liars Game","player_choice":"AGREE","floor":3.0,"gold_loss":0.0,"damage_taken":0.0,"cards_obtained":["Doubt"]},{"cards_removed":["Doubt"],"damage_healed":0.0,"max_hp_gain":0.0,"max_hp_loss":0.0,"gold_gain":0.0,"event_name":"Living Wall","player_choice":"Forget","floor":4.0,"gold_loss":0.0,"damage_taken":0.0},{"damage_healed":0,"gold_gain":0,"player_choice":"Lose Max HP","damage_taken":0,"relics_obtained":["Golden Idol"],"max_hp_gain":0,"max_hp_loss":6,"event_name":"Golden Idol","floor":14,"gold_loss":0},{"damage_healed":0,"gold_gain":0,"player_choice":"Ignored","damage_taken":0,"max_hp_gain":0,"max_hp_loss":0,"event_name":"Ghosts","floor":19,"gold_loss":0},{"damage_healed":0,"gold_gain":99,"player_choice":"Stole From Cult","damage_taken":0,"max_hp_gain":0,"max_hp_loss":0,"event_name":"Nest","floor":20,"gold_loss":0},{"damage_healed":0,"gold_gain":0,"player_choice":"Obtained Relic","damage_taken":0,"relics_obtained":["Anchor"],"max_hp_gain":0,"max_hp_loss":0,"event_name":"Addict","floor":21,"gold_loss":85},{"damage_healed":0,"gold_gain":0,"player_choice":"Read","damage_taken":0,"max_hp_gain":0,"max_hp_loss":0,"event_name":"The Library","floor":22,"gold_loss":0,"cards_obtained":["Flex"]},{"damage_healed":0,"gold_gain":0,"player_choice":"Obtained Book","damage_taken":16,"max_hp_gain":0,"max_hp_loss":0,"event_name":"Cursed Tome","floor":25,"gold_loss":0},{"damage_healed":0,"gold_gain":0,"player_choice":"Ignored","damage_taken":0,"max_hp_gain":0,"max_hp_loss":0,"event_name":"Mysterious Sphere","floor":36,"gold_loss":0},{"damage_healed":0,"gold_gain":100,"player_choice":"Pray","damage_taken":0,"max_hp_gain":0,"max_hp_loss":0,"event_name":"Golden Shrine","floor":37,"gold_loss":0},{"damage_healed":0,"gold_gain":0,"player_choice":"Max HP","damage_taken":0,"max_hp_gain":0,"max_hp_loss":4,"event_name":"Winding Halls","floor":42,"gold_loss":0}],"is_beta":false,"boss_relics":[{"not_picked":["Orrery","Coffee Dripper"],"picked":"Runic Dome"},{"not_picked":["Mark of Pain","Cursed Key"],"picked":"Empty Cage"}],"items_purged_floors":[5,10,13,29,31,39,46,48],"is_endless":false,"potions_floor_spawned":[7,11,30,33,38,40,45],"ascension_level":0}