{"gold_per_floor":[110,130,130,146,146,178,178,204,255,146,174,190,190,190],"floor_reached":14,"playtime":608,"items_purged":["Decay"],"score":133,"play_id":"de969e8d-aa91-48b6-b94e-a14f5999d3f3","local_time":"20190104145640","daily_mods":["SealedDeck","Heirloom","Elite Swarm"],"is_ascension_mode":false,"campfire_choices":[{"data":"Adrenaline","floor":7,"key":"SMITH"},{"data":"Accuracy","floor":13,"key":"SMITH"}],"neow_cost":"","seed_source_timestamp":0,"circlet_count":0,"master_deck":["Cloak And Dagger","Dash","Escape Plan+1","Cloak And Dagger","Infinite Blades","Infinite Blades","Caltrops+1","Dash","Noxious Fumes","Noxious Fumes","Leg Sweep","Adrenaline+1","Envenom","Noxious Fumes","After Image","Accuracy+1"],"relics":["Ring of the Snake","Ginger","Shuriken","Potion Belt","Bag of Marbles","Ice Cream"],"potions_floor_usage":[],"damage_taken":[{"damage":0,"enemies":"Cultist","floor":1,"turns":4},{"damage":7,"enemies":"2 Louse","floor":2,"turns":3},{"damage":1,"enemies":"Jaw Worm","floor":4,"turns":4},{"damage":0,"enemies":"Lagavulin","floor":6,"turns":6},{"damage":27,"enemies":"Gremlin Nob","floor":8,"turns":5},{"damage":2,"enemies":"Lagavulin","floor":11,"turns":5},{"damage":9,"enemies":"Red Slaver","floor":12,"turns":4},{"damage":10,"enemies":"3 Sentries","floor":14,"turns":2}],"seed_played":"66959903021595873","potions_obtained":[{"floor":4,"key":"GamblersBrew"},{"floor":6,"key":"EssenceOfSteel"},{"floor":8,"key":"FearPotion"},{"floor":11,"key":"Explosive Potion"}],"is_trial":true,"path_per_floor":["M","M","?","M","?","E","R","E","T","$","E","M","R","E"],"character_chosen":"THE_SILENT","items_purchased":["Noxious Fumes"],"campfire_rested":0,"item_purchase_floors":[10],"current_hp_per_floor":[70,63,49,48,48,48,48,21,21,21,19,10,10,0],"gold":190,"neow_bonus":"","is_prod":false,"is_daily":false,"chose_seed":false,"campfire_upgraded":2,"win_rate":0,"timestamp":1546581400,"path_taken":["M","M","?","M","?","E","R","E","T","$","E","M","R","E"],"build_version":"2018-12-20","purchased_purges":1,"victory":false,"max_hp_per_floor":[70,70,70,70,70,70,70,70,70,70,70,70,70,70],"card_choices":[{"not_picked":["Quick Slash","Terror","Underhanded Strike"],"picked":"SKIP","floor":1},{"not_picked":["Flying Knee","Outmaneuver","Dagger Spray"],"picked":"SKIP","floor":2},{"not_picked":["Dagger Spray","Concentrate"],"picked":"Leg Sweep","floor":4},{"not_picked":["Tools of the Trade","Burst"],"picked":"Adrenaline","floor":6},{"not_picked":["Adrenaline","Storm of Steel"],"picked":"Envenom","floor":8},{"not_picked":["Burst","A Thousand Cuts"],"picked":"After Image","floor":11},{"not_picked":["Eviscerate","Acrobatics"],"picked":"Accuracy","floor":12}],"player_experience":742244,"relics_obtained":[{"floor":6,"key":"Shuriken"},{"floor":8,"key":"Potion Belt"},{"floor":9,"key":"Bag of Marbles"},{"floor":11,"key":"Ice Cream"}],"event_choices":[{"damage_healed":0,"gold_gain":0,"player_choice":"Entered Light","damage_taken":14,"max_hp_gain":0,"max_hp_loss":0,"event_name":"Shining Light","floor":3,"gold_loss":0,"cards_upgraded":["Escape Plan","Caltrops"]},{"damage_healed":0,"gold_gain":0,"player_choice":"Cursed","damage_taken":0,"max_hp_gain":0,"max_hp_loss":0,"event_name":"Wheel of Change","floor":5,"gold_loss":0,"cards_obtained":["Decay"]}],"is_beta":false,"boss_relics":[],"items_purged_floors":[10],"is_endless":false,"potions_floor_spawned":[4,6,8,11],"killed_by":"3 Sentries","ascension_level":0}