{"path_per_floor":["M","?","?","?","M","E","R","?","T","M","R","E","R","M","R","B",null,"M","M","?","M","$","R","E","M","T","E","R","?","?","M","R"],"character_chosen":"IRONCLAD","items_purchased":["Molten Egg 2"],"gold_per_floor":[109,109,284,284,295,325,325,400,400,419,419,452,452,469,469,573,573,589,604,604,621,306,306,336,355,381,415,415,415,315,326,326,326],"floor_reached":33,"campfire_rested":2,"playtime":2267,"current_hp_per_floor":[80,80,80,73,74,55,55,44,44,50,50,34,34,40,40,40,80,61,62,62,18,18,57,34,39,39,27,27,27,27,9,52,0],"items_purged":["Strike_R"],"gold":326,"score":308,"play_id":"4fda3c9f-9271-40dc-8f33-145791dd5e1b","local_time":"20180414221510","is_prod":false,"is_daily":false,"chose_seed":false,"is_ascension_mode":true,"campfire_upgraded":5,"timestamp":1523711710,"path_taken":["M","?","?","?","M","E","R","?","T","M","R","E","R","M","R","BOSS","M","M","?","M","$","R","E","?","T","E","R","?","?","?","R","BOSS"],"build_version":"2018-04-12","seed_source_timestamp":306390282366098,"purchased_purges":1,"victory":false,"master_deck":["Strike_R","Strike_R","Strike_R","Defend_R","Defend_R","Bash","Carnage","Second Wind","Warcry+1","Berserk+1","Cleave+1","Iron Wave+1","Clash","Reaper","Sever Soul+1","Anger+1","Sword Boomerang+1","Infernal Blade+1","Metallicize","Flex","Clash+1","Juggernaut+1","Inflame","Decay","J.A.X.","Cleave+1"],"max_hp_per_floor":[80,80,80,80,80,80,80,80,80,80,80,80,80,80,80,80,80,80,80,80,80,80,80,80,80,80,94,94,94,94,94,94,94],"relics":["Burning Blood","Bottled Flame","Regal Pillow","Bottled Tornado","Astrolabe","Molten Egg 2","Pantograph","Bag of Preparation","Mango"],"card_choices":[{"not_picked":["Searing Blow","Pommel Strike"],"picked":"Carnage","floor":1},{"not_picked":["True Grit","Anger"],"picked":"Warcry","floor":5},{"not_picked":["Shrug It Off","Reckless Charge"],"picked":"Berserk","floor":6},{"not_picked":["Flex","Shrug It Off"],"picked":"Cleave","floor":10},{"not_picked":["Perfected Strike","Impervious"],"picked":"Iron Wave","floor":12},{"not_picked":["Reckless Charge","Pommel Strike"],"picked":"Clash","floor":14},{"not_picked":["Fiend Fire","Double Tap"],"picked":"Reaper","floor":16},{"not_picked":["Reckless Charge","Sword Boomerang"],"picked":"Infernal Blade","floor":18},{"not_picked":["Thunderclap","Clothesline"],"picked":"Metallicize","floor":19},{"not_picked":["Perfected Strike","Fiend Fire"],"picked":"Flex","floor":21},{"not_picked":["Reckless Charge","Flex"],"picked":"Clash","floor":24},{"not_picked":["Shrug It Off","Seeing Red"],"picked":"Juggernaut","floor":25},{"not_picked":["Iron Wave","Rage"],"picked":"Inflame","floor":27},{"not_picked":["Body Slam","Clothesline"],"picked":"Cleave","floor":31}],"player_experience":59060,"potions_floor_usage":[24,27,31],"damage_taken":[{"damage":3,"enemies":"Small Slimes","floor":1,"turns":4},{"damage":5,"enemies":"Cultist","floor":5,"turns":4},{"damage":25,"enemies":"3 Sentries","floor":6,"turns":12},{"damage":0,"enemies":"2 Louse","floor":10,"turns":3},{"damage":22,"enemies":"Gremlin Nob","floor":12,"turns":4},{"damage":0,"enemies":"Exordium Wildlife","floor":14,"turns":3},{"damage":6,"enemies":"Slime Boss","floor":16,"turns":8},{"damage":25,"enemies":"Chosen","floor":18,"turns":4},{"damage":5,"enemies":"Spheric Guardian","floor":19,"turns":3},{"damage":58,"enemies":"Centurion and Healer","floor":21,"turns":7},{"damage":39,"enemies":"Gremlin Leader","floor":24,"turns":6},{"damage":10,"enemies":"Cultist and Chosen","floor":25,"turns":5},{"damage":32,"enemies":"Book of Stabbing","floor":27,"turns":4},{"damage":36,"enemies":"3 Cultists","floor":31,"turns":5},{"damage":96,"enemies":"Champ","floor":33,"turns":9}],"event_choices":[{"event_name":"Match and Keep!","player_choice":"1 cards matched","floor":2,"damage_taken":0},{"event_name":"Liars Game","player_choice":"agreed","floor":3,"damage_taken":0},{"event_name":"Golden Wing","player_choice":"Card Removal","floor":4,"damage_taken":0},{"event_name":"World of Goop","player_choice":"Gather Gold","floor":8,"damage_taken":0},{"event_name":"Upgrade Shrine","player_choice":"Upgraded","floor":20,"damage_taken":0},{"event_name":"Forgotten Altar","player_choice":"Smashed Altar","floor":29,"damage_taken":0},{"event_name":"Drug Dealer","player_choice":"Got JAXXED","floor":30,"damage_taken":0}],"boss_relics":[{"not_picked":["Lizard Tail","Runic Cube"],"picked":"Astrolabe"}],"potions_floor_spawned":[1,5,19,31],"seed_played":"-4913553047224414119","killed_by":"Champ","ascension_level":1,"is_trial":false}