{"gold_per_floor":[117,135,210,210,42,42,67,67,67,67,117,117,130,165,165,243,243,255,16,32,32,32,32,49,49,49,49,66,97,114,149,149,223,223,235,250,265,265,280,280,3,19,19,31,359,373,32,57,57,57,57,57,57,1,36,36],"floor_reached":57,"playtime":3813,"items_purged":["Strike_R","Strike_R+1"],"score":2795,"play_id":"71c5c5b8-e585-416f-bcf8-e4d45cd2189d","local_time":"20190613230108","is_ascension_mode":true,"campfire_choices":[{"data":"Clothesline","floor":6.0,"key":"SMITH"},{"data":"Bash","floor":8.0,"key":"SMITH"},{"data":"Spot Weakness","floor":10.0,"key":"SMITH"},{"data":"Cleave","floor":12.0,"key":"SMITH"},{"data":"Shrug It Off","floor":15.0,"key":"SMITH"},{"data":"True Grit","floor":25.0,"key":"SMITH"},{"data":"Offering","floor":27.0,"key":"SMITH"},{"data":"Inflame","floor":32.0,"key":"SMITH"},{"data":"Demon Form","floor":40.0,"key":"SMITH"},{"floor":49.0,"key":"RECALL"},{"data":"Corruption","floor":53.0,"key":"SMITH"}],"neow_cost":"PERCENT_DAMAGE","seed_source_timestamp":46324647804100,"circlet_count":0,"master_deck":["AscendersBane","Strike_R+1","Strike_R+1","Strike_R+1","Defend_R+1","Defend_R+1","Defend_R+1","Defend_R+1","Bash+1","Feed","Clothesline+1","Cleave+1","Spot Weakness+1","Sword Boomerang+1","Shrug It Off+1","Offering+1","Impervious","Uppercut+1","True Grit+1","Inflame+1","Shrug It Off","Pummel+1","Demon Form+1","Feel No Pain+1","Shrug It Off","Feel No Pain+1","Corruption+1","Body Slam+1","Impervious","Flame Barrier"],"special_seed":0,"relics":["Burning Blood","Whetstone","Lantern","Molten Egg 2","Centennial Puzzle","Coffee Dripper","Pen Nib","Gambling Chip","Ginger","Runic Pyramid","Question Card","Old Coin","Bag of Preparation","Happy Flower","Mercury Hourglass"],"potions_floor_usage":[56,56],"damage_taken":[{"damage":9.0,"enemies":"Jaw Worm","floor":1.0,"turns":4.0},{"damage":3.0,"enemies":"Small Slimes","floor":2.0,"turns":4.0},{"damage":42.0,"enemies":"Lagavulin","floor":7.0,"turns":7.0},{"damage":6.0,"enemies":"Cultist","floor":13.0,"turns":5.0},{"damage":6.0,"enemies":"Gremlin Nob","floor":14.0,"turns":3.0},{"damage":28.0,"enemies":"Slime Boss","floor":16.0,"turns":4.0},{"damage":7.0,"enemies":"3 Byrds","floor":18.0,"turns":4.0},{"damage":12.0,"enemies":"Spheric Guardian","floor":20.0,"turns":4.0},{"damage":12.0,"enemies":"Snake Plant","floor":24.0,"turns":4.0},{"damage":8.0,"enemies":"Sentry and Sphere","floor":28.0,"turns":3.0},{"damage":14.0,"enemies":"Slavers","floor":29.0,"turns":4.0},{"damage":7.0,"enemies":"Shelled Parasite and Fungi","floor":30.0,"turns":4.0},{"damage":6.0,"enemies":"Gremlin Leader","floor":31.0,"turns":3.0},{"damage":38.0,"enemies":"Automaton","floor":33.0,"turns":7.0},{"damage":7.0,"enemies":"Orb Walker","floor":35.0,"turns":3.0},{"damage":22.0,"enemies":"3 Darklings","floor":36.0,"turns":5.0},{"damage":7.0,"enemies":"Sphere and 2 Shapes","floor":37.0,"turns":5.0},{"damage":8.0,"enemies":"4 Shapes","floor":39.0,"turns":6.0},{"damage":20.0,"enemies":"Jaw Worm Horde","floor":42.0,"turns":3.0},{"damage":6.0,"enemies":"Maw","floor":44.0,"turns":6.0},{"damage":56.0,"enemies":"Reptomancer","floor":45.0,"turns":3.0},{"damage":9.0,"enemies":"3 Darklings","floor":46.0,"turns":4.0},{"damage":1.0,"enemies":"Nemesis","floor":48.0,"turns":5.0},{"damage":20.0,"enemies":"Time Eater","floor":50.0,"turns":8.0},{"damage":15.0,"enemies":"Donu and Deca","floor":51.0,"turns":7.0},{"damage":17,"enemies":"Shield and Spear","floor":55,"turns":6},{"damage":71,"enemies":"The Heart","floor":56,"turns":10}],"seed_played":"-608779813565464514","potions_obtained":[{"floor":2.0,"key":"SpeedPotion"},{"floor":7.0,"key":"GamblersBrew"},{"floor":16.0,"key":"FearPotion"},{"floor":20.0,"key":"Energy Potion"},{"floor":24.0,"key":"Swift Potion"},{"floor":35.0,"key":"SpeedPotion"},{"floor":45.0,"key":"BloodPotion"},{"floor":46.0,"key":"EntropicBrew"}],"is_trial":false,"path_per_floor":["M","M","?","?","$","R","E","R","T","R","?","R","M","E","R","B",null,"M","$","M","?","?","$","M","R","T","R","M","E","M","E","R","B",null,"M","M","M","?","M","R","$","M","T","M","E","M","$","E","R","B","B",null,"R","$","E","B",null],"character_chosen":"IRONCLAD","items_purchased":["Whetstone","Impervious","Question Card","Bag of Preparation","Impervious","Dexterity Potion"],"campfire_rested":0,"item_purchase_floors":[5,19,41,47,47,54],"current_hp_per_floor":[50,56,45,72,72,72,39,39,39,39,39,39,39,39,39,17,67,69,69,66,66,66,66,63,63,63,63,64,59,61,64,64,35,90,92,79,81,81,82,82,82,71,71,74,24,36,36,41,41,27,21,104,104,104,93,28],"gold":36,"neow_bonus":"THREE_RARE_CARDS","is_prod":false,"is_daily":false,"chose_seed":false,"campfire_upgraded":10,"win_rate":0,"timestamp":1560456068,"path_taken":["M","M","?","?","$","R","E","R","T","R","?","R","M","E","R","BOSS","M","$","M","?","?","?","?","R","T","R","M","E","M","E","R","BOSS","M","?","M","?","?","R","$","M","T","M","E","M","$","E","R","BOSS","BOSS","R","$","E","BOSS"],"build_version":"2019-01-23","purchased_purges":2,"victory":true,"max_hp_per_floor":[78,81,81,81,81,81,84,84,84,84,84,84,84,84,84,84,84,87,87,90,90,90,90,93,93,93,93,96,99,102,105,105,108,108,111,114,117,117,120,120,120,123,123,126,126,129,129,129,129,129,132,132,132,132,132,132],"card_choices":[{"not_picked":["Impervious","Limit Break"],"picked":"Feed","floor":0.0},{"not_picked":["Clash","Pommel Strike"],"picked":"Clothesline","floor":1.0},{"not_picked":["Shrug It Off","Pommel Strike"],"picked":"Cleave","floor":2.0},{"not_picked":["Searing Blow","Fire Breathing"],"picked":"Spot Weakness","floor":7.0},{"not_picked":["Heavy Blade+1","Spot Weakness"],"picked":"Sword Boomerang+1","floor":13.0},{"not_picked":["Havoc","Twin Strike+1"],"picked":"Shrug It Off","floor":14.0},{"not_picked":["Double Tap","Impervious"],"picked":"Offering","floor":16.0},{"not_picked":["Perfected Strike+1","Seeing Red","Bloodletting"],"picked":"SKIP","floor":18.0},{"not_picked":["Warcry","Evolve"],"picked":"Uppercut+1","floor":20.0},{"not_picked":["Havoc","Headbutt+1"],"picked":"True Grit","floor":24.0},{"not_picked":["Spot Weakness","Fire Breathing"],"picked":"Inflame","floor":28.0},{"not_picked":["True Grit","Perfected Strike+1","Clothesline+1"],"picked":"SKIP","floor":29.0},{"not_picked":["True Grit","Perfected Strike+1","Clothesline+1"],"picked":"SKIP","floor":29.0},{"not_picked":["Sword Boomerang+1","Body Slam+1"],"picked":"Shrug It Off","floor":30.0},{"not_picked":["Flex","Body Slam+1"],"picked":"Pummel+1","floor":31.0},{"not_picked":["Offering","Immolate+1"],"picked":"Demon Form","floor":33.0},{"not_picked":["Cleave+1","Heavy Blade+1"],"picked":"Feel No Pain+1","floor":35.0},{"not_picked":["Bloodletting","Twin Strike+1"],"picked":"Shrug It Off","floor":36.0},{"not_picked":["Twin Strike+1","Cleave+1","Body Slam+1"],"picked":"SKIP","floor":37.0},{"not_picked":["Whirlwind+1","Body Slam+1","Shockwave"],"picked":"SKIP","floor":39.0},{"not_picked":["Whirlwind+1","Body Slam+1","Shockwave"],"picked":"SKIP","floor":39.0},{"not_picked":["Cleave+1","Anger+1","Body Slam+1"],"picked":"Feel No Pain+1","floor":42.0},{"not_picked":["Bloodletting+1","Heavy Blade+1","Body Slam+1"],"picked":"Corruption","floor":44.0},{"not_picked":["Wild Strike+1","Armaments","Shrug It Off","Perfected Strike+1"],"picked":"SKIP","floor":45.0},{"not_picked":["Hemokinesis+1","Armaments","Rampage+1"],"picked":"Body Slam+1","floor":46.0},{"not_picked":["Second Wind","Corruption","Cleave+1"],"picked":"Flame Barrier","floor":48.0},{"not_picked":["Flex","Fire Breathing+1","Headbutt+1","Wild Strike+1"],"picked":"SKIP","floor":55}],"player_experience":1099430,"relics_obtained":[{"floor":7.0,"key":"Lantern"},{"floor":9.0,"key":"Molten Egg 2"},{"floor":14.0,"key":"Centennial Puzzle"},{"floor":26.0,"key":"Pen Nib"},{"floor":29.0,"key":"Gambling Chip"},{"floor":31.0,"key":"Ginger"},{"floor":45.0,"key":"Old Coin"},{"floor":48.0,"key":"Happy Flower"},{"floor":55,"key":"Mercury Hourglass"}],"event_choices":[{"damage_healed":0.0,"max_hp_gain":0.0,"max_hp_loss":0.0,"gold_gain":75.0,"event_name":"World of Goop","player_choice":"Gather Gold","floor":3.0,"gold_loss":0.0,"damage_taken":11.0},{"damage_healed":27.0,"max_hp_gain":0.0,"max_hp_loss":0.0,"gold_gain":0.0,"event_name":"Big Fish","player_choice":"Banana","floor":4.0,"gold_loss":0.0,"damage_taken":0.0},{"damage_healed":0.0,"max_hp_gain":0.0,"max_hp_loss":0.0,"gold_gain":50.0,"event_name":"Golden Shrine","player_choice":"Pray","floor":11.0,"gold_loss":0.0,"damage_taken":0.0},{"damage_healed":0.0,"max_hp_gain":0.0,"max_hp_loss":0.0,"gold_gain":0.0,"event_name":"Back to Basics","player_choice":"Simplicity","floor":22.0,"gold_loss":0.0,"damage_taken":0.0,"cards_upgraded":["Strike_R","Strike_R","Defend_R","Defend_R","Defend_R","Defend_R"]},{"damage_healed":0.0,"max_hp_gain":0.0,"max_hp_loss":0.0,"gold_gain":0.0,"event_name":"SecretPortal","player_choice":"Ignored","floor":38.0,"gold_loss":0.0,"damage_taken":0.0}],"is_beta":false,"boss_relics":[{"not_picked":["Ectoplasm","Mark of Pain"],"picked":"Coffee Dripper"},{"not_picked":["Black Blood","Sozu"],"picked":"Runic Pyramid"}],"items_purged_floors":[19,47],"is_endless":false,"potions_floor_spawned":[2,7,16,20,24,28,31,35,45,46,55],"ascension_level":20}