{"path_per_floor":["M","?","$","M","M","M","R","M","T","?","?","M","E","M","R","B",null,"M","M","?","T","M","R","?","E","T","?","R","$","M","M","R","B",null,"M","M","M","$","?","R","M","?","T","$","M","M","R","T","R","B"],"character_chosen":"IRONCLAD","items_purchased":["True Grit","Self Forming Clay","Burning Pact","Bottled Tornado","Thunderclap","Perfected Strike"],"gold_per_floor":[109,109,86,96,116,136,136,150,150,150,225,238,264,274,274,375,375,394,407,322,347,363,363,363,396,396,396,396,102,113,129,129,233,233,253,271,284,11,0,0,14,14,62,40,56,74,74,74,74,74],"floor_reached":51,"campfire_rested":2,"playtime":4324,"current_hp_per_floor":[80,94,94,90,94,80,80,84,84,72,61,57,49,38,38,7,94,93,78,78,78,84,84,84,73,73,73,73,73,74,69,94,35,94,83,71,69,69,69,69,58,48,48,48,50,46,90,90,90,43],"items_purged":[],"gold":74,"score":696,"play_id":"983f58b3-9ecd-43f1-80d9-e9e77921af95","local_time":"20180412203536","is_prod":false,"is_daily":false,"is_ascension_mode":false,"campfire_upgraded":5,"timestamp":1523532936,"path_taken":["M","?","?","M","?","M","R","M","T","?","?","?","E","M","R","BOSS","M","M","?","?","?","R","?","E","T","?","R","$","M","M","R","BOSS","M","M","M","$","?","R","M","?","T","?","M","?","R","?","R","BOSS"],"build_version":"2018-04-05v2","purchased_purges":0,"victory":true,"master_deck":["Strike_R","Strike_R","Strike_R","Strike_R","Strike_R","Defend_R","Defend_R","Defend_R","Defend_R","Bash","Clash","Regret","True Grit","Armaments+1","Combust","Iron Wave","Iron Wave","Body Slam+1","Blood for Blood","Searing Blow","Double Tap+1","Ghostly Armor+1","Perfected Strike+1","Feed","Rampage+1","Blood for Blood+1","Feed","Burning Pact","Cleave+1","Warcry","Brutality+1","Infernal Blade+1","Metallicize+1","True Grit","Thunderclap","Blood for Blood+1","Trip","Secret Weapon","Dramatic Entrance","Writhe","Perfected Strike","Seeing Red","Demon Form","Pain"],"max_hp_per_floor":[80,94,94,94,94,94,94,94,94,94,94,94,94,94,94,94,94,94,94,94,94,94,94,94,94,94,94,94,94,94,94,94,94,94,94,94,97,97,97,97,97,97,97,97,97,97,97,97,97,97],"relics":["Burning Blood","Mango","Torii","Matryoshka","Pen Nib","Sozu","Happy Flower","Kunai","Bronze Scales","Red Skull","Regal Pillow","Ice Cream","Self Forming Clay","Cursed Key","Bottled Tornado","Red Mask","Orichalcum","Girya"],"card_choices":[{"not_picked":["Bloodletting","Ghostly Armor"],"picked":"Clash","floor":1},{"not_picked":["Shrug It Off","Dual Wield"],"picked":"Armaments","floor":4},{"not_picked":["Twin Strike","True Grit"],"picked":"Combust","floor":5},{"not_picked":["Corruption","Perfected Strike"],"picked":"Iron Wave","floor":6},{"not_picked":["Twin Strike","Flex"],"picked":"Iron Wave","floor":8},{"not_picked":["Warcry","Battle Trance"],"picked":"Body Slam","floor":12},{"not_picked":["Second Wind","Spot Weakness"],"picked":"Blood for Blood","floor":13},{"not_picked":["Flex","Sword Boomerang"],"picked":"Searing Blow","floor":14},{"not_picked":["Limit Break","Fiend Fire"],"picked":"Double Tap","floor":16},{"not_picked":["Warcry","Corruption"],"picked":"Ghostly Armor","floor":18},{"not_picked":["Sword Boomerang","Flex"],"picked":"Perfected Strike","floor":19},{"not_picked":["Iron Wave","Cleave"],"picked":"Feed","floor":22},{"not_picked":["Rupture","Whirlwind"],"picked":"Blood for Blood","floor":25},{"not_picked":["Bloodletting","Hemokinesis"],"picked":"Cleave","floor":30},{"not_picked":["Rupture","Body Slam"],"picked":"Warcry","floor":31},{"not_picked":["Impervious","Fiend Fire"],"picked":"Brutality","floor":33},{"not_picked":["Dual Wield","Bloodletting"],"picked":"Infernal Blade","floor":35},{"not_picked":["Sword Boomerang","Twin Strike"],"picked":"Metallicize","floor":36},{"not_picked":["Disarm","Second Wind"],"picked":"True Grit","floor":37},{"not_picked":["Anger","Clash"],"picked":"Blood for Blood","floor":41},{"not_picked":["Sadistic Nature","Panacea"],"picked":"Trip","floor":42},{"not_picked":["Finesse","Master of Strategy"],"picked":"Secret Weapon","floor":42},{"not_picked":["Flash of Steel","Jack Of All Trades"],"picked":"Dramatic Entrance","floor":42},{"not_picked":["Anger","Flex"],"picked":"Seeing Red","floor":45},{"not_picked":["Iron Wave","Spot Weakness"],"picked":"Demon Form","floor":46}],"player_experience":17683,"potions_floor_usage":[30,50],"damage_taken":[{"damage":5,"enemies":"Jaw Worm","floor":1,"turns":5},{"damage":10,"enemies":"Cultist","floor":4,"turns":5},{"damage":2,"enemies":"2 Louse","floor":5,"turns":5},{"damage":20,"enemies":"Large Slime","floor":6,"turns":8},{"damage":2,"enemies":"Looter","floor":8,"turns":3},{"damage":10,"enemies":"Exordium Thugs","floor":12,"turns":6},{"damage":14,"enemies":"3 Sentries","floor":13,"turns":6},{"damage":17,"enemies":"Large Slime","floor":14,"turns":5},{"damage":37,"enemies":"The Guardian","floor":16,"turns":13},{"damage":7,"enemies":"3 Byrds","floor":18,"turns":5},{"damage":21,"enemies":"Chosen","floor":19,"turns":6},{"damage":0,"enemies":"Snake Plant","floor":22,"turns":2},{"damage":17,"enemies":"Gremlin Leader","floor":25,"turns":5},{"damage":11,"enemies":"Chosen and Byrds","floor":30,"turns":6},{"damage":11,"enemies":"Centurion and Healer","floor":31,"turns":4},{"damage":65,"enemies":"Automaton","floor":33,"turns":10},{"damage":17,"enemies":"3 Darklings","floor":35,"turns":5},{"damage":18,"enemies":"Orb Walker","floor":36,"turns":3},{"damage":11,"enemies":"4 Shapes","floor":37,"turns":5},{"damage":17,"enemies":"3 Darklings","floor":41,"turns":3},{"damage":4,"enemies":"Sphere and 2 Shapes","floor":45,"turns":4},{"damage":10,"enemies":"4 Shapes","floor":46,"turns":3},{"damage":53,"enemies":"Awakened One","floor":50,"turns":10}],"event_choices":[{"event_name":"Big Fish","player_choice":"Box","floor":2,"damage_taken":0},{"event_name":"Scrap Ooze","player_choice":"success","floor":10,"damage_taken":12},{"event_name":"World of Goop","player_choice":"Gather Gold","floor":11,"damage_taken":0},{"event_name":"Addict","player_choice":"Obtained Relic","floor":20,"damage_taken":0},{"event_name":"The Library","player_choice":"Read","floor":24,"damage_taken":0},{"event_name":"Duplicator","player_choice":"One dupe","floor":27,"damage_taken":0},{"event_name":"Tomb of Lord Red Mask","player_choice":"Paid","floor":39,"damage_taken":0},{"event_name":"SensoryStone","player_choice":"Memory 3","floor":42,"damage_taken":0}],"boss_relics":[{"not_picked":["Ectoplasm","Black Star"],"picked":"Sozu"},{"not_picked":["Runic Pyramid","Mark of Pain"],"picked":"Cursed Key"}],"potions_floor_spawned":[1,6,13,14,22,30,33,41,45,46],"seed_played":"-9158284632245265057","ascension_level":0,"is_trial":false}