{"gold_per_floor":[117,40,54,64,64,64,92,92,92,123,123,153,173,8,8,82,82,94,94,104,115,115,115,132,159,184,184,184],"floor_reached":28,"playtime":985,"items_purged":[],"score":512,"play_id":"7673d63f-3d53-4e91-b3d0-5ad0f2e30199","local_time":"20190428193516","is_ascension_mode":true,"campfire_choices":[{"data":"Heavy Blade","floor":6,"key":"SMITH"},{"data":"Feel No Pain","floor":8,"key":"SMITH"},{"data":"Thunderclap","floor":15,"key":"SMITH"},{"floor":23,"key":"REST"}],"neow_cost":"NONE","seed_source_timestamp":206458952476200,"circlet_count":0,"master_deck":["AscendersBane","Strike_R","Strike_R","Strike_R","Strike_R+1","Strike_R+1","Defend_R","Defend_R","Defend_R","Defend_R","Bash+1","Inflame+1","Feel No Pain+1","Thunderclap+1","Heavy Blade+1","Sever Soul","Twin Strike+1","Immolate+1","Pommel Strike+1","Burning Pact","Impervious","Headbutt+1"],"relics":["Burning Blood","Question Card","Pantograph","Whetstone","Molten Egg 2","Orichalcum","Fusion Hammer","Enchiridion","The Courier","Pen Nib"],"potions_floor_usage":[12,12,25,25],"damage_taken":[{"damage":1,"enemies":"Small Slimes","floor":1,"turns":5},{"damage":1,"enemies":"Cultist","floor":3,"turns":3},{"damage":12,"enemies":"Jaw Worm","floor":4,"turns":4},{"damage":27,"enemies":"Lagavulin","floor":7,"turns":5},{"damage":36,"enemies":"3 Sentries","floor":10,"turns":11},{"damage":8,"enemies":"Lagavulin","floor":12,"turns":4},{"damage":14,"enemies":"Red Slaver","floor":13,"turns":3},{"damage":27,"enemies":"Hexaghost","floor":16,"turns":8},{"damage":5,"enemies":"Chosen","floor":18,"turns":4},{"damage":17,"enemies":"Spheric Guardian","floor":20,"turns":4},{"damage":10,"enemies":"Chosen and Byrds","floor":21,"turns":4},{"damage":20,"enemies":"3 Cultists","floor":24,"turns":4},{"damage":19,"enemies":"Book of Stabbing","floor":25,"turns":3},{"damage":24,"enemies":"Slavers","floor":28,"turns":1}],"seed_played":"704016134085930401","potions_obtained":[{"floor":1,"key":"AttackPotion"},{"floor":7,"key":"Block Potion"},{"floor":13,"key":"Ancient Potion"},{"floor":20,"key":"Fire Potion"},{"floor":24,"key":"SteroidPotion"},{"floor":25,"key":"FearPotion"},{"floor":27,"key":"SpeedPotion"}],"is_trial":false,"path_per_floor":["M","$","M","M","?","R","E","R","T","E","?","E","M","$","R","B",null,"M","?","M","M","?","R","M","E","T","?","E"],"character_chosen":"IRONCLAD","items_purchased":["Feel No Pain","Orichalcum"],"campfire_rested":1,"item_purchase_floors":[2,14],"current_hp_per_floor":[73,73,75,69,69,69,48,48,48,18,18,16,8,8,8,12,59,60,53,42,38,17,39,25,12,12,12,0],"gold":184,"neow_bonus":"UPGRADE_CARD","is_prod":false,"is_daily":false,"chose_seed":false,"campfire_upgraded":3,"win_rate":0,"timestamp":1556469316,"path_taken":["M","$","M","M","?","R","E","R","T","E","?","E","?","$","R","BOSS","M","?","?","M","?","R","M","E","T","?","E"],"build_version":"2019-01-23","purchased_purges":0,"victory":false,"max_hp_per_floor":[75,75,75,75,75,75,75,75,75,75,75,75,75,75,75,75,75,75,75,75,75,75,75,75,75,75,75,75],"card_choices":[{"not_picked":["Metallicize","Warcry"],"picked":"Inflame","floor":1},{"not_picked":["Perfected Strike","Cleave"],"picked":"Thunderclap","floor":3},{"not_picked":["Entrench","Perfected Strike"],"picked":"Heavy Blade","floor":4},{"not_picked":["Whirlwind","Thunderclap","Body Slam"],"picked":"SKIP","floor":7},{"not_picked":["Rampage","Whirlwind","Exhume","Dual Wield"],"picked":"SKIP","floor":10},{"not_picked":["Intimidate","Entrench","Fire Breathing","Iron Wave"],"picked":"SKIP","floor":12},{"not_picked":["Thunderclap+1","Anger+1","Havoc"],"picked":"Twin Strike+1","floor":13},{"not_picked":["Fiend Fire+1","Barricade","Dark Embrace"],"picked":"Immolate+1","floor":16},{"not_picked":["Sword Boomerang+1","Havoc+1","Fire Breathing"],"picked":"Pommel Strike+1","floor":18},{"not_picked":["Dropkick+1","Armaments","Cleave+1","Iron Wave+1"],"picked":"SKIP","floor":20},{"not_picked":["Hemokinesis+1","Thunderclap+1","Shrug It Off"],"picked":"Burning Pact","floor":21},{"not_picked":["Iron Wave+1","Twin Strike+1","Sever Soul+1"],"picked":"Impervious","floor":24},{"not_picked":["Clash+1","Reckless Charge+1","Clothesline+1"],"picked":"Headbutt+1","floor":25}],"player_experience":988093,"relics_obtained":[{"floor":7,"key":"Question Card"},{"floor":9,"key":"Pantograph"},{"floor":10,"key":"Whetstone"},{"floor":12,"key":"Molten Egg 2"},{"floor":22,"key":"Enchiridion"},{"floor":25,"key":"The Courier"},{"floor":26,"key":"Pen Nib"}],"event_choices":[{"damage_healed":0,"gold_gain":0,"player_choice":"Grow","damage_taken":0,"max_hp_gain":0,"max_hp_loss":0,"event_name":"Living Wall","floor":5,"gold_loss":0,"cards_upgraded":["Inflame"]},{"damage_healed":0,"gold_gain":0,"player_choice":"1 cards matched","damage_taken":0,"max_hp_gain":0,"max_hp_loss":0,"event_name":"Match and Keep!","floor":11,"gold_loss":0,"cards_obtained":["Sever Soul"]},{"damage_healed":0,"gold_gain":0,"player_choice":"","damage_taken":7,"max_hp_gain":0,"max_hp_loss":0,"event_name":"Knowing Skull","floor":19,"potions_obtained":[],"gold_loss":0,"cards_obtained":[]},{"damage_healed":0,"gold_gain":0,"player_choice":"Obtained Book","damage_taken":21,"max_hp_gain":0,"max_hp_loss":0,"event_name":"Cursed Tome","floor":22,"gold_loss":0},{"damage_healed":0,"gold_gain":0,"player_choice":"Got Potions","damage_taken":0,"max_hp_gain":0,"max_hp_loss":0,"event_name":"Lab","floor":27,"gold_loss":0}],"is_beta":false,"boss_relics":[{"not_picked":["Runic Cube","Runic Pyramid"],"picked":"Fusion Hammer"}],"items_purged_floors":[],"is_endless":false,"potions_floor_spawned":[1,7,13,20,24,25],"killed_by":"Slavers","ascension_level":20}