{"gold_per_floor":[110,128,60,10,21,53,53,87,135,410,410,430,446,459,459,559,559,574,574,574,349,367,693,693,711,711,730,750,767,797,811,811,912,912,928,389,389,400,370,401,421,421,445,464,479,504,518,34,34,34],"floor_reached":51,"playtime":5346,"items_purged":["Strike_B","Defend_B","Strike_B"],"score":774,"play_id":"9b7a6761-90eb-468b-874b-c7bcf7212ceb","local_time":"20190321212836","is_ascension_mode":true,"campfire_choices":[{"floor":7,"key":"REST"},{"data":"Defragment","floor":11,"key":"SMITH"},{"data":"Zap","floor":15,"key":"SMITH"},{"floor":24,"key":"REST"},{"floor":32,"key":"REST"},{"floor":42,"key":"REST"},{"floor":49,"key":"REST"}],"neow_cost":"NONE","seed_source_timestamp":2926867816070270,"circlet_count":0,"master_deck":["Strike_B","Defend_B","Defend_B","Zap+1","Dualcast","Conserve Battery","Streamline","Defragment+1","Cold Snap","Leap","Melter","Sweeping Beam","Compile Driver","Conserve Battery","Echo Form","Auto Shields+1","Streamline","Beam Cell+1","Double Energy+1","Rebound+1","Redo","Doom and Gloom+1","Seek+1","Tempest","Sunder+1","Violence"],"special_seed":0,"relics":["Cracked Core","NeowsBlessing","Meat on the Bone","Anchor","Omamori","Nuclear Battery","Orichalcum","Old Coin","Mercury Hourglass","Regal Pillow","Runic Pyramid","Vajra","Thread and Needle","Bag of Preparation","War Paint","Smiling Mask","Kunai"],"potions_floor_usage":[16,16,18,23,25,33,33,46,50],"damage_taken":[{"damage":0.0,"enemies":"Cultist","floor":1.0,"turns":1.0},{"damage":0.0,"enemies":"Jaw Worm","floor":2.0,"turns":1.0},{"damage":0,"enemies":"Small Slimes","floor":5,"turns":1},{"damage":38,"enemies":"3 Sentries","floor":6,"turns":8},{"damage":10,"enemies":"Lagavulin","floor":8,"turns":7},{"damage":0,"enemies":"3 Louse","floor":12,"turns":3},{"damage":0,"enemies":"Exordium Wildlife","floor":13,"turns":4},{"damage":0,"enemies":"Exordium Thugs","floor":14,"turns":4},{"damage":7,"enemies":"Slime Boss","floor":16,"turns":9},{"damage":19,"enemies":"3 Byrds","floor":18,"turns":5},{"damage":18,"enemies":"Chosen","floor":22,"turns":5},{"damage":10,"enemies":"Book of Stabbing","floor":23,"turns":6},{"damage":2,"enemies":"Snecko","floor":25,"turns":5},{"damage":0,"enemies":"Centurion and Healer","floor":27,"turns":6},{"damage":7,"enemies":"3 Cultists","floor":28,"turns":5},{"damage":12,"enemies":"Sentry and Sphere","floor":29,"turns":5},{"damage":3,"enemies":"Gremlin Leader","floor":30,"turns":5},{"damage":12,"enemies":"Centurion and Healer","floor":31,"turns":4},{"damage":48,"enemies":"Collector","floor":33,"turns":9},{"damage":0,"enemies":"3 Shapes","floor":35,"turns":4},{"damage":0,"enemies":"Orb Walker","floor":38,"turns":3},{"damage":37,"enemies":"Giant Head","floor":40,"turns":8},{"damage":19,"enemies":"Writhing Mass","floor":41,"turns":5},{"damage":10,"enemies":"Sphere and 2 Shapes","floor":44,"turns":3},{"damage":6,"enemies":"Maw","floor":45,"turns":5},{"damage":3,"enemies":"Reptomancer","floor":46,"turns":6},{"damage":19,"enemies":"Transient","floor":47,"turns":5},{"damage":66,"enemies":"Donu and Deca","floor":50,"turns":10}],"seed_played":"-2943321739021494864","potions_obtained":[{"floor":5,"key":"Ancient Potion"},{"floor":6,"key":"Energy Potion"},{"floor":8,"key":"Block Potion"},{"floor":12,"key":"FocusPotion"},{"floor":18,"key":"Energy Potion"},{"floor":23,"key":"Energy Potion"},{"floor":28,"key":"Swift Potion"},{"floor":31,"key":"Swift Potion"},{"floor":38,"key":"Ancient Potion"},{"floor":39,"key":"SpeedPotion"},{"floor":39,"key":"LiquidBronze"},{"floor":40,"key":"Swift Potion"},{"floor":47,"key":"SmokeBomb"}],"is_trial":false,"path_per_floor":["M","M","$","?","M","E","R","E","T","?","R","M","M","M","R","B",null,"M","?","?","$","M","E","R","M","T","M","M","M","E","M","R","B",null,"M","$","?","M","?","E","M","R","T","M","M","E","M","$","R","B",null],"character_chosen":"DEFECT","items_purchased":["Defragment","Orichalcum","Vajra","Thread and Needle","Kunai","Violence"],"campfire_rested":5,"item_purchase_floors":[3,21,36,36,48,48],"current_hp_per_floor":[75,75,75,75,75,37,59,49,49,49,49,49,49,49,49,42,75,56,56,56,56,38,40,62,60,60,60,53,41,38,38,75,39,75,75,75,75,75,75,38,31,68,68,58,52,49,42,42,75,21],"gold":34,"neow_bonus":"THREE_ENEMY_KILL","is_prod":false,"is_daily":false,"chose_seed":false,"campfire_upgraded":2,"win_rate":0,"timestamp":1553203716,"path_taken":["M","?","$","?","M","E","R","E","T","?","R","?","?","M","R","BOSS","M","?","?","?","?","E","R","M","T","M","M","M","E","M","R","BOSS","M","$","?","M","?","E","?","R","T","M","?","E","M","$","R","BOSS"],"build_version":"2019-01-23","purchased_purges":3,"victory":true,"max_hp_per_floor":[75,75,75,75,75,75,75,75,75,75,75,75,75,75,75,75,75,75,75,75,75,75,75,75,75,75,75,75,75,75,75,75,75,75,75,75,75,75,75,75,75,75,75,75,75,75,75,75,75,75],"card_choices":[{"not_picked":["Ball Lightning","Steam Power"],"picked":"Conserve Battery","floor":1.0},{"not_picked":["Beam Cell","Turbo"],"picked":"Streamline","floor":2.0},{"not_picked":["Recycle","BootSequence"],"picked":"Cold Snap","floor":5},{"not_picked":["Gash","Self Repair"],"picked":"Leap","floor":6},{"not_picked":["FTL","Hyperbeam"],"picked":"Melter","floor":8},{"not_picked":["Barrage","Stack"],"picked":"Sweeping Beam","floor":12},{"not_picked":["Leap","Gash"],"picked":"Compile Driver","floor":13},{"not_picked":["Meteor Strike","Compile Driver"],"picked":"Conserve Battery","floor":14},{"not_picked":["Reboot","Machine Learning"],"picked":"Echo Form","floor":16},{"not_picked":["Barrage","Go for the Eyes"],"picked":"Auto Shields+1","floor":18},{"not_picked":["Cold Snap+1","Chill"],"picked":"Streamline","floor":22},{"not_picked":["Hello World","Fusion","Force Field"],"picked":"SKIP","floor":23},{"not_picked":["Go for the Eyes","Compile Driver"],"picked":"Beam Cell+1","floor":25},{"not_picked":["Melter","Beam Cell"],"picked":"Double Energy","floor":27},{"not_picked":["Consume","Darkness"],"picked":"Rebound+1","floor":28},{"not_picked":["Recycle","Darkness","Compile Driver+1"],"picked":"SKIP","floor":29},{"not_picked":["Thunder Strike","Leap+1"],"picked":"Redo","floor":30},{"not_picked":["Redo","Go for the Eyes"],"picked":"Doom and Gloom+1","floor":31},{"not_picked":["Rainbow","All For One"],"picked":"Seek","floor":33},{"not_picked":["Rebound","Sweeping Beam","Storm+1"],"picked":"SKIP","floor":35},{"not_picked":["Gash","Turbo","Coolheaded"],"picked":"SKIP","floor":38},{"not_picked":["Leap","Streamline","Storm"],"picked":"SKIP","floor":40},{"not_picked":["Stack","Chaos+1","Hologram+1"],"picked":"SKIP","floor":41},{"not_picked":["Steam","Sweeping Beam"],"picked":"Tempest","floor":44},{"not_picked":["Compile Driver","Creative AI"],"picked":"Sunder+1","floor":45},{"not_picked":["Chill","Beam Cell+1","Barrage"],"picked":"SKIP","floor":46},{"not_picked":["Conserve Battery+1","Genetic Algorithm+1","Recycle+1"],"picked":"SKIP","floor":47}],"player_experience":199570,"relics_obtained":[{"floor":6,"key":"Meat on the Bone"},{"floor":8,"key":"Anchor"},{"floor":9,"key":"Omamori"},{"floor":23,"key":"Old Coin"},{"floor":26,"key":"Mercury Hourglass"},{"floor":30,"key":"Regal Pillow"},{"floor":40,"key":"Bag of Preparation"},{"floor":43,"key":"War Paint"},{"floor":46,"key":"Smiling Mask"}],"event_choices":[{"cards_removed":["Defend_B"],"damage_healed":0.0,"max_hp_gain":0.0,"max_hp_loss":0.0,"gold_gain":0.0,"event_name":"The Cleric","player_choice":"Card Removal","floor":4.0,"gold_loss":50.0,"damage_taken":0.0},{"damage_healed":0,"gold_gain":275,"player_choice":"Desecrate","damage_taken":0,"max_hp_gain":0,"max_hp_loss":0,"event_name":"Golden Shrine","floor":10,"gold_loss":0,"cards_obtained":["Regret"]},{"cards_removed":["Strike_B"],"damage_healed":0,"gold_gain":0,"player_choice":"Elegance","damage_taken":0,"max_hp_gain":0,"max_hp_loss":0,"event_name":"Back to Basics","floor":19,"gold_loss":0},{"damage_healed":0,"gold_gain":0,"player_choice":"Ignored","damage_taken":0,"max_hp_gain":0,"max_hp_loss":0,"event_name":"Ghosts","floor":20,"gold_loss":0},{"damage_healed":0,"gold_gain":0,"player_choice":"Ignored","damage_taken":0,"max_hp_gain":0,"max_hp_loss":0,"event_name":"Tomb of Lord Red Mask","floor":37,"gold_loss":0},{"damage_healed":0,"gold_gain":0,"player_choice":"Bought 2 Potions","damage_taken":0,"max_hp_gain":0,"max_hp_loss":0,"event_name":"The Woman in Blue","floor":39,"gold_loss":0}],"is_beta":false,"boss_relics":[{"not_picked":["FrozenCore","Empty Cage"],"picked":"Nuclear Battery"},{"not_picked":["Eternal Feather","Runic Dome"],"picked":"Runic Pyramid"}],"items_purged_floors":[21,36,48],"is_endless":false,"potions_floor_spawned":[5,6,8,12,18,23,28,31,38,40,45,47],"ascension_level":1}