{"gold_per_floor":[119,119,44,60,60,60,60,91,115,115,127,27,27,102,102,205,205,223,223,98,23,35,35,47,80,80,96,96,113,113,63,63,167,167,177,177,177,177,194,115,0,17,17,28,28,38,38,52,52,52],"floor_reached":51,"playtime":2386,"items_purged":["Strike_B","Defend_B","Strike_B","Strike_B"],"score":813,"play_id":"be7161d1-10d3-44b0-813a-86354bb656d0","local_time":"20190702022925","is_ascension_mode":false,"campfire_choices":[{"data":"Defend_B","floor":6.0,"key":"SMITH"},{"data":"Defend_B","floor":10.0,"key":"SMITH"},{"floor":15.0,"key":"REST"},{"data":"Gash","floor":23,"key":"SMITH"},{"floor":30,"key":"REST"},{"floor":32,"key":"REST"},{"floor":47,"key":"REST"},{"floor":49,"key":"REST"}],"neow_cost":"TEN_PERCENT_HP_LOSS","seed_source_timestamp":83576546810900,"circlet_count":0,"master_deck":["Defend_B+1","Defend_B+1","Gash+1","Creative AI","Coolheaded+1"],"special_seed":0,"relics":["Cracked Core","Thread and Needle","Mummified Hand","Oddly Smooth Stone","Regal Pillow","Omamori","Black Star","Happy Flower","Smiling Mask","Dodecahedron","Empty Cage","Red Mask","Strawberry"],"potions_floor_usage":[24,25,25,29,50,50,50],"damage_taken":[{"damage":0.0,"enemies":"2 Louse","floor":1.0,"turns":2.0},{"damage":1.0,"enemies":"Small Slimes","floor":4.0,"turns":3.0},{"damage":16.0,"enemies":"Gremlin Nob","floor":8.0,"turns":4.0},{"damage":0.0,"enemies":"Jaw Worm","floor":11.0,"turns":2.0},{"damage":48.0,"enemies":"Slime Boss","floor":16.0,"turns":14.0},{"damage":2.0,"enemies":"Shell Parasite","floor":18.0,"turns":6.0},{"damage":1,"enemies":"Chosen","floor":22,"turns":6},{"damage":9,"enemies":"Snecko","floor":24,"turns":5},{"damage":12,"enemies":"Slavers","floor":25,"turns":9},{"damage":7,"enemies":"Centurion and Healer","floor":27,"turns":6},{"damage":7,"enemies":"Colosseum Slavers","floor":28,"turns":5},{"damage":9,"enemies":"Snake Plant","floor":29,"turns":3},{"damage":62,"enemies":"Champ","floor":33,"turns":13},{"damage":1,"enemies":"Orb Walker","floor":35,"turns":5},{"damage":7,"enemies":"3 Darklings","floor":39,"turns":7},{"damage":35,"enemies":"Writhing Mass","floor":42,"turns":7},{"damage":12,"enemies":"Jaw Worm Horde","floor":44,"turns":7},{"damage":9,"enemies":"Transient","floor":46,"turns":5},{"damage":0,"enemies":"Writhing Mass","floor":48,"turns":9},{"damage":0,"enemies":"Awakened One","floor":50,"turns":14}],"seed_played":"1940859524895056200","potions_obtained":[{"floor":1.0,"key":"Poison Potion"},{"floor":11.0,"key":"SkillPotion"},{"floor":16.0,"key":"PowerPotion"},{"floor":18.0,"key":"Fire Potion"},{"floor":24,"key":"EssenceOfSteel"},{"floor":25,"key":"FocusPotion"},{"floor":33,"key":"AttackPotion"},{"floor":39,"key":"FocusPotion"}],"is_trial":false,"path_per_floor":["M","?","$","M","?","R","?","E","T","R","M","$","?","?","R","B",null,"M","?","$","?","M","R","M","E","T","M","?","M","R","$","R","B",null,"M","$","$","?","M","$","?","M","T","M","$","M","R","M","R","B",null],"character_chosen":"DEFECT","items_purchased":["FocusPotion"],"campfire_rested":5,"item_purchase_floors":[40],"current_hp_per_floor":[68,61,61,60,46,46,46,30,30,30,30,30,30,19,54,6,68,66,68,68,68,67,67,58,46,46,39,32,23,58,58,68,6,68,67,67,67,67,60,60,60,25,32,20,20,11,48,48,75,75],"gold":52,"neow_bonus":"ONE_RARE_RELIC","is_prod":false,"is_daily":false,"chose_seed":false,"campfire_upgraded":3,"win_rate":0,"timestamp":1562002165,"path_taken":["M","?","$","M","?","R","?","E","T","R","M","$","?","?","R","BOSS","M","?","$","?","M","R","M","E","T","M","?","?","R","?","R","BOSS","M","?","$","?","?","$","?","M","T","M","$","M","R","M","R","BOSS"],"build_version":"2019-01-23","purchased_purges":4,"victory":true,"max_hp_per_floor":[68,68,68,68,68,68,68,68,68,68,68,68,68,68,68,68,68,68,68,68,68,68,68,68,68,68,68,68,68,68,68,68,68,68,68,68,68,68,68,68,68,68,75,75,75,75,75,75,75,75],"card_choices":[{"not_picked":["Double Energy","Rebound","Rip and Tear"],"picked":"SKIP","floor":1.0},{"not_picked":["White Noise","Rebound","Steam"],"picked":"SKIP","floor":4.0},{"not_picked":["Turbo","Beam Cell","Storm"],"picked":"SKIP","floor":8.0},{"not_picked":["White Noise","Leap","Streamline"],"picked":"SKIP","floor":11.0},{"not_picked":["Compile Driver","BootSequence"],"picked":"Gash","floor":18.0},{"not_picked":["Coolheaded","Rip and Tear","Lockon"],"picked":"SKIP","floor":22},{"not_picked":["Cold Snap","Sunder","Compile Driver"],"picked":"SKIP","floor":24},{"not_picked":["Undo","Hello World","Multi-Cast"],"picked":"SKIP","floor":25},{"not_picked":["Beam Cell","Heatsinks","Rip and Tear+1"],"picked":"SKIP","floor":27},{"not_picked":["Chill","Go for the Eyes+1","Ball Lightning+1"],"picked":"SKIP","floor":29},{"not_picked":["Thunder Strike","Seek"],"picked":"Creative AI","floor":33},{"not_picked":["Genetic Algorithm","Streamline+1"],"picked":"Coolheaded+1","floor":35},{"not_picked":["Rebound+1","Steam Power","Hyperbeam"],"picked":"SKIP","floor":39},{"not_picked":["Gash","Rebound","Coolheaded+1"],"picked":"SKIP","floor":42},{"not_picked":["Auto Shields","White Noise","Leap"],"picked":"SKIP","floor":44},{"not_picked":["Redo+1","Turbo","BootSequence+1"],"picked":"SKIP","floor":46},{"not_picked":["Streamline+1","Hello World+1","Fusion+1"],"picked":"SKIP","floor":48}],"player_experience":1080742,"relics_obtained":[{"floor":8.0,"key":"Oddly Smooth Stone"},{"floor":9.0,"key":"Regal Pillow"},{"floor":25,"key":"Happy Flower"},{"floor":25,"key":"Smiling Mask"},{"floor":26,"key":"Dodecahedron"},{"floor":43,"key":"Strawberry"}],"event_choices":[{"damage_healed":0.0,"max_hp_gain":0.0,"max_hp_loss":0.0,"gold_gain":0.0,"event_name":"Scrap Ooze","player_choice":"Success","floor":2.0,"gold_loss":0.0,"damage_taken":7.0,"relics_obtained":["Mummified Hand"]},{"damage_healed":0.0,"max_hp_gain":0.0,"max_hp_loss":0.0,"gold_gain":0.0,"event_name":"Shining Light","player_choice":"Entered Light","floor":5.0,"gold_loss":0.0,"damage_taken":14.0,"cards_upgraded":["Dualcast","Zap"]},{"cards_removed":["Strike_B"],"damage_healed":0.0,"max_hp_gain":0.0,"max_hp_loss":0.0,"gold_gain":0.0,"event_name":"Living Wall","player_choice":"Forget","floor":7.0,"gold_loss":0.0,"damage_taken":0.0},{"damage_healed":0.0,"max_hp_gain":0.0,"max_hp_loss":0.0,"gold_gain":0.0,"event_name":"Dead Adventurer","player_choice":"Searched \u00271\u0027 times","floor":13.0,"gold_loss":0.0,"damage_taken":0.0,"relics_obtained":["Omamori"]},{"damage_healed":0.0,"max_hp_gain":0.0,"max_hp_loss":0.0,"gold_gain":75.0,"event_name":"World of Goop","player_choice":"Gather Gold","floor":14.0,"gold_loss":0.0,"damage_taken":11.0},{"damage_healed":22,"gold_gain":0,"player_choice":"Heal","damage_taken":0,"max_hp_gain":0,"max_hp_loss":0,"event_name":"The Library","floor":19,"gold_loss":0},{"cards_removed":["Defend_B"],"damage_healed":0,"gold_gain":0,"player_choice":"Gave Gold","damage_taken":0,"max_hp_gain":0,"max_hp_loss":0,"event_name":"Beggar","floor":21,"gold_loss":75},{"damage_healed":0,"gold_gain":0,"player_choice":"Fight","damage_taken":0,"max_hp_gain":0,"max_hp_loss":0,"event_name":"Colosseum","floor":28,"gold_loss":0},{"damage_healed":0,"gold_gain":0,"player_choice":"Fled From Nobs","damage_taken":0,"max_hp_gain":0,"max_hp_loss":0,"event_name":"Colosseum","floor":28,"gold_loss":0},{"damage_healed":0,"gold_gain":0,"player_choice":"Ignored","damage_taken":0,"max_hp_gain":0,"max_hp_loss":0,"event_name":"Transmorgrifier","floor":38,"gold_loss":0},{"damage_healed":0,"gold_gain":0,"player_choice":"Paid","damage_taken":0,"relics_obtained":["Red Mask"],"max_hp_gain":0,"max_hp_loss":0,"event_name":"Tomb of Lord Red Mask","floor":41,"gold_loss":115}],"is_beta":false,"boss_relics":[{"not_picked":["Busted Crown","Velvet Choker"],"picked":"Black Star"},{"not_picked":["White Beast Statue","Cursed Key"],"picked":"Empty Cage"}],"items_purged_floors":[3,12,20,31],"is_endless":false,"potions_floor_spawned":[1,11,16,18,24,25,33,39,42,48],"ascension_level":0}