{"gold_per_floor":[112,131,131,144,156,182,182,199,225,175,195,195,263,119,119,216,266,281,296,51,51,65,65,80,80,80,114,124,142,159,159,159,262,262,273,68,78,78,78,78,94,111,111,111,131,151,151,167,167,167],"floor_reached":51,"playtime":1921,"items_purged":["Skim","Strike_B"],"score":700,"play_id":"4d23669c-a886-4c9f-a860-0437287876b2","local_time":"20190607193516","is_ascension_mode":false,"campfire_choices":[{"data":"Zap","floor":7,"key":"SMITH"},{"data":"Dualcast","floor":12,"key":"SMITH"},{"data":"Static Discharge","floor":15,"key":"SMITH"},{"data":"Biased Cognition","floor":23,"key":"SMITH"},{"data":"Redo","floor":25,"key":"SMITH"},{"data":"Defragment","floor":32,"key":"SMITH"},{"data":"Fission","floor":40,"key":"SMITH"},{"data":"Loop","floor":44,"key":"SMITH"},{"data":"Thunder Strike","floor":47,"key":"SMITH"},{"data":"Hologram","floor":49,"key":"SMITH"}],"neow_cost":"TEN_PERCENT_HP_LOSS","seed_source_timestamp":649439089741705,"circlet_count":0,"master_deck":["Strike_B","Defend_B","Defend_B+1","Defend_B+1","Zap+1","Dualcast+1","Redo+1","Ball Lightning","Cold Snap","Thunder Strike+1","Electrodynamics","Static Discharge+1","Capacitor+1","Electrodynamics","Consume+1","Biased Cognition+1","Hologram+1","Cold Snap+1","Ball Lightning+1","Loop+1","Defragment+1","Fission+1","Redo+1","Defragment+1","Storm+1","Madness","Madness","Go for the Eyes+1","Undo+1","Parasite","Coolheaded+1"],"relics":["Cracked Core","Singing Bowl","Bag of Preparation","Mummified Hand","Tiny House","Gambling Chip","War Paint","Nuclear Battery","DollysMirror","Pear"],"potions_floor_usage":[6,50,50],"damage_taken":[{"damage":0,"enemies":"2 Louse","floor":1,"turns":2},{"damage":6,"enemies":"Cultist","floor":2,"turns":3},{"damage":1,"enemies":"Jaw Worm","floor":4,"turns":2},{"damage":13,"enemies":"Red Slaver","floor":5,"turns":3},{"damage":22,"enemies":"Gremlin Nob","floor":6,"turns":5},{"damage":5,"enemies":"2 Fungi Beasts","floor":8,"turns":2},{"damage":4,"enemies":"Exordium Thugs","floor":11,"turns":3},{"damage":9,"enemies":"Hexaghost","floor":16,"turns":6},{"damage":10,"enemies":"2 Thieves","floor":18,"turns":2},{"damage":0,"enemies":"Spheric Guardian","floor":19,"turns":2},{"damage":12,"enemies":"Centurion and Healer","floor":22,"turns":2},{"damage":5,"enemies":"Snake Plant","floor":24,"turns":2},{"damage":8,"enemies":"Book of Stabbing","floor":27,"turns":3},{"damage":15,"enemies":"Chosen and Byrds","floor":28,"turns":2},{"damage":0,"enemies":"3 Cultists","floor":29,"turns":2},{"damage":9,"enemies":"Snake Plant","floor":30,"turns":3},{"damage":17,"enemies":"Champ","floor":33,"turns":8},{"damage":7,"enemies":"3 Shapes","floor":35,"turns":2},{"damage":10,"enemies":"Orb Walker","floor":37,"turns":2},{"damage":0,"enemies":"3 Darklings","floor":41,"turns":1},{"damage":5,"enemies":"Spire Growth","floor":42,"turns":3},{"damage":0,"enemies":"Transient","floor":45,"turns":5},{"damage":11,"enemies":"Writhing Mass","floor":46,"turns":3},{"damage":12,"enemies":"Spire Growth","floor":48,"turns":3},{"damage":3,"enemies":"Time Eater","floor":50,"turns":4}],"seed_played":"249522386357391070","potions_obtained":[{"floor":2,"key":"FocusPotion"},{"floor":4,"key":"Weak Potion"},{"floor":8,"key":"Ancient Potion"},{"floor":16,"key":"SneckoOil"},{"floor":17,"key":"Energy Potion"}],"is_trial":false,"path_per_floor":["M","M","?","M","M","E","R","M","T","?","M","R","T","$","R","B",null,"M","M","$","?","M","R","M","R","T","E","M","M","M","?","R","B",null,"M","$","M","?","?","R","M","M","T","R","M","M","R","M","R","B",null],"character_chosen":"DEFECT","items_purchased":["Capacitor","Biased Cognition","DollysMirror"],"campfire_rested":0,"item_purchase_floors":[14,20,36],"current_hp_per_floor":[68,62,68,67,54,32,32,27,27,27,25,25,25,25,25,16,77,69,69,69,69,57,57,52,52,52,44,29,31,22,22,22,5,81,74,74,64,64,54,54,56,51,61,61,61,52,52,40,40,37],"gold":167,"neow_bonus":"TRANSFORM_TWO_CARDS","is_prod":false,"is_daily":false,"chose_seed":false,"campfire_upgraded":10,"win_rate":0,"timestamp":1559903716,"path_taken":["M","M","?","?","M","E","R","M","T","?","M","R","?","$","R","BOSS","M","M","?","?","M","R","M","R","T","E","M","M","?","?","R","BOSS","M","$","M","?","?","R","?","M","T","R","M","M","R","M","R","BOSS"],"build_version":"2019-01-23","purchased_purges":2,"victory":true,"max_hp_per_floor":[68,68,68,68,68,68,68,68,68,68,70,70,70,70,70,70,77,79,79,79,79,79,79,79,79,79,79,79,81,81,81,81,81,81,81,81,81,81,81,81,83,83,93,93,93,95,95,95,95,95],"card_choices":[{"not_picked":["Rebound","Sweeping Beam"],"picked":"Redo","floor":1},{"not_picked":["Stack","Rip and Tear"],"picked":"Ball Lightning","floor":2},{"not_picked":["Sweeping Beam","Doom and Gloom"],"picked":"Cold Snap","floor":4},{"not_picked":["Recycle","Streamline"],"picked":"Thunder Strike","floor":5},{"not_picked":["Go for the Eyes","Redo"],"picked":"Electrodynamics","floor":6},{"not_picked":["Barrage","Steam"],"picked":"Static Discharge","floor":8},{"not_picked":["Lockon","Compile Driver","Leap"],"picked":"Singing Bowl","floor":11},{"not_picked":["Machine Learning","All For One"],"picked":"Electrodynamics","floor":16},{"not_picked":["Scrape","Streamline","Beam Cell"],"picked":"Singing Bowl","floor":17},{"not_picked":["Darkness+1","Fusion","Stack"],"picked":"Singing Bowl","floor":18},{"not_picked":["Skim+1","BootSequence"],"picked":"Consume+1","floor":19},{"not_picked":["Undo","Hello World"],"picked":"Hologram","floor":22},{"not_picked":["Gash","Lockon"],"picked":"Cold Snap+1","floor":24},{"not_picked":["Turbo","Hyperbeam"],"picked":"Ball Lightning+1","floor":27},{"not_picked":["Beam Cell","Sweeping Beam"],"picked":"Conserve Battery","floor":28},{"not_picked":["Sunder","Hologram","Reinforced Body+1"],"picked":"Singing Bowl","floor":29},{"not_picked":["Coolheaded","Blizzard"],"picked":"Loop","floor":30},{"not_picked":["Buffer","Rainbow"],"picked":"Fission","floor":33},{"not_picked":["Tempest+1","Leap+1"],"picked":"Redo+1","floor":35},{"not_picked":["Cold Snap+1","Leap"],"picked":"Storm+1","floor":37},{"not_picked":["Hello World","Darkness+1","Ball Lightning"],"picked":"Singing Bowl","floor":41},{"not_picked":["Turbo+1","Genetic Algorithm"],"picked":"Go for the Eyes+1","floor":42},{"not_picked":["Conserve Battery","Turbo"],"picked":"Undo+1","floor":45},{"not_picked":["Scrape+1","Sweeping Beam","Gash+1"],"picked":"Singing Bowl","floor":46},{"not_picked":["Aggregate","Sweeping Beam"],"picked":"Coolheaded+1","floor":48}],"player_experience":986062,"relics_obtained":[{"floor":6,"key":"Singing Bowl"},{"floor":9,"key":"Bag of Preparation"},{"floor":13,"key":"Mummified Hand"},{"floor":26,"key":"Gambling Chip"},{"floor":27,"key":"War Paint"},{"floor":43,"key":"Pear"}],"event_choices":[{"cards_removed":["Aggregate"],"damage_healed":6,"gold_gain":0,"player_choice":"Offered Uncommon","damage_taken":0,"max_hp_gain":0,"max_hp_loss":0,"event_name":"Bonfire Elementals","floor":3,"gold_loss":0},{"cards_removed":["Defend_B"],"damage_healed":0,"gold_gain":0,"player_choice":"Card Removal","damage_taken":0,"max_hp_gain":0,"max_hp_loss":0,"event_name":"The Cleric","floor":10,"gold_loss":50},{"damage_healed":0,"gold_gain":0,"player_choice":"Ignored","damage_taken":0,"max_hp_gain":0,"max_hp_loss":0,"event_name":"NoteForYourself","floor":21,"gold_loss":0},{"damage_healed":0,"gold_gain":0,"player_choice":"Read","damage_taken":0,"max_hp_gain":0,"max_hp_loss":0,"event_name":"The Library","floor":31,"gold_loss":0,"cards_obtained":["Defragment"]},{"cards_removed":["Conserve Battery"],"damage_healed":0,"gold_gain":0,"player_choice":"Removed Skill","damage_taken":0,"max_hp_gain":0,"max_hp_loss":0,"event_name":"Falling","floor":38,"gold_loss":0},{"damage_healed":0,"gold_gain":0,"player_choice":"Embrace Madness","damage_taken":10,"max_hp_gain":0,"max_hp_loss":0,"event_name":"Winding Halls","floor":39,"gold_loss":0,"cards_obtained":["Madness","Madness"]}],"is_beta":false,"boss_relics":[{"not_picked":["Lizard Tail","FrozenCore"],"picked":"Tiny House"},{"not_picked":["Eternal Feather","Black Star"],"picked":"Nuclear Battery"}],"items_purged_floors":[14,20],"is_endless":false,"potions_floor_spawned":[2,4,8,16,22,24,27,28,37,41,46],"ascension_level":0}