{"gold_per_floor":[110,110,110,60,76,95,115,137,137,151,82,100,116,131,131,234,234,252,252,272,290,215,215,215,215,215,226,226,259,259,269,269,365,365,378,395,442,442,456,456,473,23,72,72,72,72,89,89,89,89],"floor_reached":51,"playtime":2613,"items_purged":["Flex"],"score":761,"play_id":"835b7e91-3765-47ea-b742-7f3bd0c6614a","local_time":"20180926203209","daily_mods":["Draft","Heirloom"],"is_ascension_mode":false,"campfire_choices":[{"data":"Entrench","floor":15,"key":"SMITH"},{"data":"Armaments","floor":23,"key":"SMITH"},{"data":"Armaments","floor":25,"key":"SMITH"},{"data":"Entrench","floor":28,"key":"SMITH"},{"data":"Barricade","floor":32,"key":"SMITH"},{"data":"Limit Break","floor":40,"key":"SMITH"},{"data":"Impervious","floor":45,"key":"SMITH"},{"data":"Entrench","floor":49,"key":"SMITH"}],"neow_cost":"","seed_source_timestamp":80427775936944,"circlet_count":0,"master_deck":["Armaments+1","Armaments+1","Headbutt","Armaments+1","Entrench+1","Shockwave","Spot Weakness","Spot Weakness","Shrug It Off","Heavy Blade+1","Bloodletting","Twin Strike","Sword Boomerang","Inflame","Iron Wave","Entrench+1","Headbutt","Inflame","Inflame","Entrench+1","Battle Trance","Barricade+1","Sword Boomerang","Shrug It Off","Body Slam+1","Ghostly","Ghostly","Ghostly","Ghostly","Ghostly","Impervious+1","Limit Break+1","True Grit+1","Iron Wave","Shrug It Off+1","Double Tap","Iron Wave","Heavy Blade","Metallicize+1"],"relics":["Burning Blood","Dead Branch","Odd Mushroom","Magic Flower","Velvet Choker","Ornamental Fan","The Courier","Meat on the Bone","Lizard Tail","Shovel","Gremlin Horn","Omamori","Bag of Preparation","Bag of Marbles","Bird Faced Urn"],"potions_floor_usage":[50],"damage_taken":[{"damage":0,"enemies":"Small Slimes","floor":1,"turns":3},{"damage":2,"enemies":"2 Louse","floor":5,"turns":2},{"damage":1,"enemies":"Cultist","floor":6,"turns":3},{"damage":4,"enemies":"Looter","floor":7,"turns":5},{"damage":33,"enemies":"The Mushroom Lair","floor":8,"turns":5},{"damage":15,"enemies":"Lots of Slimes","floor":10,"turns":4},{"damage":5,"enemies":"Blue Slaver","floor":12,"turns":4},{"damage":7,"enemies":"Large Slime","floor":13,"turns":6},{"damage":17,"enemies":"Gremlin Gang","floor":14,"turns":4},{"damage":16,"enemies":"Slime Boss","floor":16,"turns":5},{"damage":17,"enemies":"Shell Parasite","floor":18,"turns":3},{"damage":0,"enemies":"Spheric Guardian","floor":20,"turns":4},{"damage":5,"enemies":"Cultist and Chosen","floor":21,"turns":4},{"damage":0,"enemies":"Snecko","floor":27,"turns":7},{"damage":37,"enemies":"Book of Stabbing","floor":29,"turns":7},{"damage":30,"enemies":"Snake Plant","floor":31,"turns":7},{"damage":26,"enemies":"Automaton","floor":33,"turns":11},{"damage":15,"enemies":"3 Darklings","floor":35,"turns":5},{"damage":6,"enemies":"3 Shapes","floor":36,"turns":4},{"damage":8,"enemies":"Mysterious Sphere","floor":37,"turns":6},{"damage":1,"enemies":"3 Darklings","floor":39,"turns":8},{"damage":27,"enemies":"Reptomancer","floor":41,"turns":9},{"damage":0,"enemies":"Mind Bloom Boss Battle","floor":44,"turns":10},{"damage":0,"enemies":"Maw","floor":47,"turns":9},{"damage":2,"enemies":"Awakened One","floor":50,"turns":8}],"seed_played":"7980535022558551415","potions_obtained":[{"floor":5,"key":"SteroidPotion"},{"floor":10,"key":"Energy Potion"},{"floor":12,"key":"GamblersBrew"},{"floor":13,"key":"Regen Potion"},{"floor":33,"key":"SkillPotion"}],"is_trial":true,"path_per_floor":["M","?","?","?","M","M","M","?","T","M","$","M","M","M","R","B",null,"M","?","M","M","$","R","?","R","T","M","R","E","?","M","R","B",null,"M","M","?","?","M","R","M","$","T","?","R","$","M","$","R","B"],"character_chosen":"IRONCLAD","items_purchased":["Inflame","Gremlin Horn","Omamori","Bag of Preparation"],"campfire_rested":0,"item_purchase_floors":[11,42,42,42],"current_hp_per_floor":[80,80,80,80,80,80,80,53,53,47,47,51,53,45,45,38,80,72,72,80,80,80,80,80,80,80,80,80,52,40,37,37,38,40,34,40,40,40,40,40,40,40,40,40,40,40,40,40,40,40],"gold":89,"neow_bonus":"","is_prod":false,"is_daily":false,"chose_seed":false,"campfire_upgraded":8,"win_rate":0,"timestamp":1537961529,"path_taken":["M","?","?","?","M","M","?","?","T","?","$","?","M","M","R","BOSS","M","?","M","M","$","R","?","R","T","M","R","E","?","M","R","BOSS","M","M","?","?","?","R","M","?","T","?","R","$","M","$","R","BOSS"],"build_version":"2018-09-25","purchased_purges":1,"victory":true,"max_hp_per_floor":[80,80,80,80,80,80,80,80,80,80,80,80,80,80,80,80,80,80,80,80,80,80,80,80,80,80,80,80,80,40,40,40,40,40,40,40,40,40,40,40,40,40,40,40,40,40,40,40,40,40],"card_choices":[{"not_picked":["Wild Strike","Burning Pact"],"picked":"Armaments","floor":0},{"not_picked":["Clothesline","Heavy Blade"],"picked":"Flex","floor":0},{"not_picked":["Reckless Charge","Searing Blow"],"picked":"Pommel Strike","floor":0},{"not_picked":["Perfected Strike","Fire Breathing"],"picked":"Armaments","floor":0},{"not_picked":["Power Through","Warcry"],"picked":"Headbutt","floor":0},{"not_picked":["Perfected Strike","Reckless Charge"],"picked":"Armaments","floor":0},{"not_picked":["Power Through","Warcry"],"picked":"Entrench","floor":0},{"not_picked":["Thunderclap","Reckless Charge"],"picked":"Shockwave","floor":0},{"not_picked":["Armaments","Anger"],"picked":"Spot Weakness","floor":0},{"not_picked":["Headbutt","Twin Strike"],"picked":"Spot Weakness","floor":0},{"not_picked":["Intimidate","Havoc"],"picked":"Shrug It Off","floor":0},{"not_picked":["Clash","Pommel Strike"],"picked":"Heavy Blade","floor":0},{"not_picked":["Anger","Perfected Strike"],"picked":"Rampage","floor":0},{"not_picked":["Warcry","Twin Strike"],"picked":"Bloodletting","floor":0},{"not_picked":["Dual Wield","Pommel Strike"],"picked":"Twin Strike","floor":0},{"not_picked":["Wild Strike","Combust"],"picked":"Sword Boomerang","floor":1},{"not_picked":["Bloodletting","Power Through"],"picked":"Inflame","floor":5},{"not_picked":["Whirlwind","Disarm"],"picked":"Iron Wave","floor":6},{"not_picked":["Body Slam","Thunderclap"],"picked":"Entrench","floor":7},{"not_picked":["Rage","Thunderclap"],"picked":"Headbutt","floor":8},{"not_picked":["Body Slam","Wild Strike"],"picked":"Inflame","floor":10},{"not_picked":["Armaments","Infernal Blade"],"picked":"Entrench","floor":12},{"not_picked":["Bludgeon","Thunderclap"],"picked":"Battle Trance","floor":13},{"not_picked":["Whirlwind","Burning Pact","Carnage"],"picked":"SKIP","floor":14},{"not_picked":["Double Tap","Feed"],"picked":"Barricade","floor":16},{"not_picked":["True Grit","Cleave"],"picked":"Sword Boomerang","floor":18},{"not_picked":["Thunderclap","Rampage","Havoc"],"picked":"SKIP","floor":20},{"not_picked":["True Grit","Flex"],"picked":"Body Slam+1","floor":21},{"not_picked":["Flex","Battle Trance+1","Clothesline+1"],"picked":"SKIP","floor":27},{"not_picked":["Dropkick","Infernal Blade+1","Spot Weakness"],"picked":"SKIP","floor":29},{"not_picked":["Wild Strike","Pummel"],"picked":"Impervious","floor":31},{"not_picked":["Immolate","Barricade"],"picked":"Limit Break","floor":33},{"not_picked":["Clothesline+1","Flex"],"picked":"True Grit+1","floor":35},{"not_picked":["Clash","Anger+1"],"picked":"Iron Wave","floor":36},{"not_picked":["Whirlwind+1","Body Slam+1"],"picked":"Shrug It Off+1","floor":37},{"not_picked":["Twin Strike+1","True Grit+1"],"picked":"Double Tap","floor":39},{"not_picked":["Havoc+1","Armaments"],"picked":"Iron Wave","floor":41},{"not_picked":["Clash","Burning Pact"],"picked":"Heavy Blade","floor":44},{"not_picked":["Uppercut+1","Armaments+1"],"picked":"Metallicize+1","floor":47}],"player_experience":451274,"relics_obtained":[{"floor":8,"key":"Odd Mushroom"},{"floor":9,"key":"Magic Flower"},{"floor":26,"key":"The Courier"},{"floor":29,"key":"Meat on the Bone"},{"floor":37,"key":"Shovel"},{"floor":43,"key":"Bag of Marbles"},{"floor":44,"key":"Bird Faced Urn"}],"event_choices":[{"event_name":"Living Wall","player_choice":"Grow","floor":2,"damage_taken":0},{"event_name":"Upgrade Shrine","player_choice":"Upgraded","floor":3,"damage_taken":0},{"event_name":"The Cleric","player_choice":"Card Removal","floor":4,"damage_taken":0},{"event_name":"Mushrooms","player_choice":"Fought Mushrooms","floor":8,"damage_taken":0},{"event_name":"The Library","player_choice":"Read","floor":19,"damage_taken":0},{"event_name":"The Mausoleum","player_choice":"Yes","floor":24,"damage_taken":0},{"event_name":"Ghosts","player_choice":"Became a Ghost","floor":30,"damage_taken":0},{"event_name":"Mysterious Sphere","player_choice":"Fight","floor":37,"damage_taken":0},{"event_name":"Purifier","player_choice":"One Purge","floor":38,"damage_taken":0},{"event_name":"MindBloom","player_choice":"Fight","floor":44,"damage_taken":0}],"is_beta":true,"boss_relics":[{"not_picked":["Black Blood","Busted Crown"],"picked":"Velvet Choker"},{"not_picked":["Runic Cube","White Beast Statue"],"picked":"Lizard Tail"}],"items_purged_floors":[22],"is_endless":false,"potions_floor_spawned":[5,10,12,13,21,29,31,33,35,36,39],"ascension_level":0}