{"gold_per_floor":[369,369,88,263,281,281,313,313,337,366,366,366,366,62,62,140,140,128,145,161,175,175,175,187,207,207,207,220,220,238,258,258,332,332,352,452,452,468,3,3,34,34,34,34,44,44,44,44,44,44],"floor_reached":51,"playtime":3503,"items_purged":["Strike_G","Doubt","Strike_G"],"score":1177,"play_id":"fbaa3073-381c-4cd3-8cd0-5e6e063fd3e5","local_time":"20190611194427","is_ascension_mode":true,"campfire_choices":[{"data":"Apotheosis","floor":6,"key":"SMITH"},{"data":"Well Laid Plans","floor":8,"key":"SMITH"},{"data":"Footwork","floor":11,"key":"SMITH"},{"floor":13,"key":"REST"},{"data":"Noxious Fumes","floor":15,"key":"SMITH"},{"floor":23,"key":"REST"},{"data":"Envenom","floor":27,"key":"SMITH"},{"floor":29,"key":"REST"},{"data":"Footwork","floor":32,"key":"SMITH"},{"floor":40,"key":"REST"},{"data":"A Thousand Cuts","floor":42,"key":"SMITH"},{"data":"Tools of the Trade","floor":44,"key":"SMITH"},{"floor":46,"key":"REST"},{"floor":49,"key":"REST"}],"neow_cost":"CURSE","seed_source_timestamp":994012706113574,"circlet_count":0,"master_deck":["AscendersBane","Defend_G","Defend_G","Defend_G","Defend_G","Defend_G","Survivor","Neutralize","Well Laid Plans+1","Apotheosis+1","Infinite Blades","Cloak And Dagger","Noxious Fumes+1","Footwork+1","Deflect","Envenom+1","Deflect","Expertise+1","Choke","PiercingWail","Doppelganger","Tactician","Backflip+1","Tools of the Trade+1","Footwork+1","A Thousand Cuts+1","Backflip+1","Infinite Blades","Finesse","Reflex","Infinite Blades+1"],"relics":["Ring of the Snake","Happy Flower","Centennial Puzzle","Lantern","Dream Catcher","TwistedFunnel","Empty Cage","Turnip","Lizard Tail","Peace Pipe","WingedGreaves","Shuriken","Pantograph","Bottled Tornado"],"potions_floor_usage":[10,20,24,28,30,30,38,41,50],"damage_taken":[{"damage":8,"enemies":"Cultist","floor":1,"turns":5},{"damage":5,"enemies":"2 Louse","floor":5,"turns":4},{"damage":9,"enemies":"Lagavulin","floor":7,"turns":10},{"damage":18,"enemies":"3 Sentries","floor":10,"turns":7},{"damage":15,"enemies":"The Guardian","floor":16,"turns":10},{"damage":10,"enemies":"2 Thieves","floor":18,"turns":4},{"damage":0,"enemies":"3 Byrds","floor":19,"turns":4},{"damage":5,"enemies":"Centurion and Healer","floor":20,"turns":8},{"damage":0,"enemies":"Chosen and Byrds","floor":21,"turns":7},{"damage":0,"enemies":"Sentry and Sphere","floor":24,"turns":4},{"damage":18,"enemies":"Centurion and Healer","floor":25,"turns":7},{"damage":17,"enemies":"Snecko","floor":28,"turns":6},{"damage":0,"enemies":"Cultist and Chosen","floor":30,"turns":7},{"damage":9,"enemies":"Snake Plant","floor":31,"turns":6},{"damage":0,"enemies":"Collector","floor":33,"turns":10},{"damage":0,"enemies":"3 Shapes","floor":35,"turns":5},{"damage":19,"enemies":"Mind Bloom Boss Battle","floor":36,"turns":7},{"damage":21,"enemies":"3 Darklings","floor":38,"turns":7},{"damage":13,"enemies":"Giant Head","floor":41,"turns":8},{"damage":28,"enemies":"Jaw Worm Horde","floor":45,"turns":5},{"damage":34,"enemies":"Donu and Deca","floor":50,"turns":10}],"seed_played":"-8354745164531754033","potions_obtained":[{"floor":5,"key":"PowerPotion"},{"floor":10,"key":"SkillPotion"},{"floor":19,"key":"Block Potion"},{"floor":24,"key":"Explosive Potion"},{"floor":25,"key":"SpeedPotion"},{"floor":28,"key":"Explosive Potion"},{"floor":31,"key":"Strength Potion"},{"floor":33,"key":"Regen Potion"},{"floor":35,"key":"SkillPotion"},{"floor":41,"key":"FearPotion"}],"is_trial":false,"path_per_floor":["M","?","$","?","M","R","E","R","T","E","R","?","R","$","R","B",null,"M","M","M","M","?","R","M","M","T","R","M","R","M","M","R","B",null,"M","?","?","M","$","R","E","R","T","R","M","R","$","?","R","B",null],"character_chosen":"THE_SILENT","items_purchased":["Apotheosis","Infinite Blades","TwistedFunnel","Shuriken","Finesse"],"campfire_rested":6,"item_purchase_floors":[3,3,14,39,39],"current_hp_per_floor":[55,55,55,55,50,50,41,41,41,23,23,20,41,41,41,26,59,49,49,44,44,44,65,65,47,47,47,30,51,51,42,42,42,63,63,44,44,23,23,44,46,46,46,46,18,39,39,39,60,36],"gold":44,"neow_bonus":"TWO_FIFTY_GOLD","is_prod":false,"is_daily":false,"chose_seed":false,"campfire_upgraded":8,"win_rate":0,"timestamp":1560249867,"path_taken":["M","?","$","?","M","R","E","R","T","E","R","?","R","$","R","BOSS","M","M","M","M","?","R","?","M","T","R","M","R","M","M","R","BOSS","M","?","?","?","$","R","E","R","T","R","M","R","$","?","R","BOSS"],"build_version":"2019-01-23","purchased_purges":3,"victory":true,"max_hp_per_floor":[70,70,70,70,70,70,70,70,70,70,70,70,70,70,70,70,70,70,70,70,70,70,70,70,70,70,70,70,70,70,70,70,70,70,70,70,70,70,70,70,70,70,70,70,70,70,70,70,70,70],"card_choices":[{"not_picked":["Poisoned Stab","Quick Slash"],"picked":"Well Laid Plans","floor":1},{"not_picked":["Slice","Prepared"],"picked":"Cloak And Dagger","floor":5},{"not_picked":["Choke","Blur"],"picked":"Noxious Fumes","floor":7},{"not_picked":["Masterful Stab","Backflip"],"picked":"Footwork","floor":10},{"not_picked":["Blade Dance","PiercingWail"],"picked":"Deflect","floor":13},{"not_picked":["Tools of the Trade","Night Terror"],"picked":"Envenom","floor":16},{"not_picked":["Deadly Poison","Choke"],"picked":"Deflect","floor":18},{"not_picked":["PiercingWail","Bane"],"picked":"Expertise+1","floor":19},{"not_picked":["Flying Knee","Dagger Spray"],"picked":"Choke","floor":20},{"not_picked":["Sucker Punch","Calculated Gamble"],"picked":"PiercingWail","floor":21},{"not_picked":["Masterful Stab","PiercingWail"],"picked":"Tactician","floor":23},{"not_picked":["Dagger Spray","Expertise+1","Prepared"],"picked":"SKIP","floor":24},{"not_picked":["Outmaneuver","Cloak And Dagger"],"picked":"Backflip+1","floor":25},{"not_picked":["Deadly Poison","Underhanded Strike+1","Heel Hook"],"picked":"SKIP","floor":28},{"not_picked":["Cloak And Dagger","Bane"],"picked":"Tools of the Trade","floor":29},{"not_picked":["Setup","Endless Agony","Flying Knee"],"picked":"SKIP","floor":30},{"not_picked":["Cloak And Dagger","Eviscerate"],"picked":"Footwork","floor":31},{"not_picked":["Envenom","Glass Knife"],"picked":"A Thousand Cuts","floor":33},{"not_picked":["Quick Slash","Crippling Poison"],"picked":"Backflip+1","floor":35},{"not_picked":["Sucker Punch","Poisoned Stab+1"],"picked":"Infinite Blades","floor":38},{"not_picked":["Distraction","Flechettes"],"picked":"Reflex","floor":41},{"not_picked":["Flying Knee+1","Finisher","Skewer"],"picked":"SKIP","floor":45},{"not_picked":["Heel Hook","Acrobatics"],"picked":"Infinite Blades+1","floor":49}],"player_experience":1023596,"relics_obtained":[{"floor":7,"key":"Happy Flower"},{"floor":9,"key":"Centennial Puzzle"},{"floor":10,"key":"Lantern"},{"floor":26,"key":"Turnip"},{"floor":36,"key":"Peace Pipe"},{"floor":37,"key":"WingedGreaves"},{"floor":41,"key":"Pantograph"},{"floor":43,"key":"Bottled Tornado"}],"event_choices":[{"cards_removed":["Regret"],"damage_healed":0,"gold_gain":0,"player_choice":"Forget","damage_taken":0,"max_hp_gain":0,"max_hp_loss":0,"event_name":"Living Wall","floor":2,"gold_loss":0},{"damage_healed":0,"gold_gain":175,"player_choice":"AGREE","damage_taken":0,"max_hp_gain":0,"max_hp_loss":0,"event_name":"Liars Game","floor":4,"gold_loss":0,"cards_obtained":["Doubt"]},{"damage_healed":0,"gold_gain":0,"player_choice":"Success","damage_taken":3,"relics_obtained":["Dream Catcher"],"max_hp_gain":0,"max_hp_loss":0,"event_name":"Scrap Ooze","floor":12,"gold_loss":0},{"damage_healed":0,"gold_gain":0,"cards_transformed":["Strike_G"],"player_choice":"Transformed","damage_taken":0,"max_hp_gain":0,"max_hp_loss":0,"event_name":"Transmorgrifier","floor":22,"gold_loss":0,"cards_obtained":["Doppelganger"]},{"damage_healed":0,"gold_gain":0,"player_choice":"Fight","damage_taken":0,"max_hp_gain":0,"max_hp_loss":0,"event_name":"MindBloom","floor":36,"gold_loss":0},{"damage_healed":0,"gold_gain":0,"player_choice":"Relic","damage_taken":0,"max_hp_gain":0,"max_hp_loss":0,"event_name":"Wheel of Change","floor":37,"gold_loss":0},{"damage_healed":0,"gold_gain":0,"player_choice":"Ignored","damage_taken":0,"max_hp_gain":0,"max_hp_loss":0,"event_name":"Mysterious Sphere","floor":48,"gold_loss":0}],"is_beta":false,"boss_relics":[{"not_picked":["Orrery","Busted Crown"],"picked":"Empty Cage"},{"not_picked":["WristBlade","Coffee Dripper"],"picked":"Lizard Tail"}],"items_purged_floors":[3,14,39],"is_endless":false,"potions_floor_spawned":[5,10,19,24,25,28,31,33,35,41],"ascension_level":13}