{"gold_per_floor":[118,43,63,63,75,75,91,91,91,107,117,117,134,152,152,248,248,248],"floor_reached":18,"playtime":1242,"items_purged":[],"score":156,"play_id":"0c49d44d-b75e-4c14-bea7-7589a86b49a6","local_time":"20190213152206","is_ascension_mode":false,"campfire_choices":[{"data":"Streamline","floor":6,"key":"SMITH"},{"data":"Conserve Battery","floor":8,"key":"SMITH"},{"data":"Defragment","floor":12,"key":"SMITH"},{"floor":15,"key":"REST"}],"neow_cost":"NONE","seed_source_timestamp":947009168463802,"circlet_count":0,"master_deck":["Strike_B","Strike_B","Defend_B","Defend_B","Defend_B","Zap","Dualcast","Core Surge","Streamline+1","Doom and Gloom","Chaos","Capacitor","Conserve Battery+1","Defragment+1","Leap","Streamline","Buffer","Gash+1","FTL+1","Rip and Tear+1"],"relics":["Cracked Core","The Courier","Astrolabe"],"potions_floor_usage":[11,13,16],"damage_taken":[{"damage":0,"enemies":"2 Louse","floor":1,"turns":2},{"damage":0,"enemies":"Cultist","floor":3,"turns":2},{"damage":1,"enemies":"Jaw Worm","floor":5,"turns":3},{"damage":10,"enemies":"Looter","floor":7,"turns":3},{"damage":15,"enemies":"Gremlin Gang","floor":10,"turns":4},{"damage":0,"enemies":"Large Slime","floor":11,"turns":4},{"damage":5,"enemies":"Blue Slaver","floor":13,"turns":3},{"damage":0,"enemies":"Red Slaver","floor":14,"turns":3},{"damage":53,"enemies":"Hexaghost","floor":16,"turns":10},{"damage":44,"enemies":"3 Byrds","floor":18,"turns":5}],"seed_played":"-4961979932396073238","potions_obtained":[{"floor":3,"key":"AttackPotion"},{"floor":10,"key":"EssenceOfSteel"},{"floor":11,"key":"SteroidPotion"},{"floor":14,"key":"FearPotion"},{"floor":16,"key":"FocusPotion"}],"is_trial":false,"path_per_floor":["M","$","M","?","M","R","M","R","T","M","M","R","M","M","R","B",null,"M"],"character_chosen":"DEFECT","items_purchased":["Doom and Gloom"],"campfire_rested":1,"item_purchase_floors":[2],"current_hp_per_floor":[75,75,75,75,74,74,64,64,64,49,49,49,44,44,66,13,75,31],"gold":248,"neow_bonus":"ONE_RANDOM_RARE_CARD","is_prod":false,"is_daily":false,"chose_seed":false,"campfire_upgraded":3,"win_rate":0.0,"timestamp":1550071326,"path_taken":["M","$","M","?","M","R","M","R","T","M","M","R","M","M","R","BOSS","M"],"build_version":"2019-01-23","purchased_purges":0,"victory":false,"max_hp_per_floor":[75,75,75,75,75,75,75,75,75,75,75,75,75,75,75,75,75,75],"card_choices":[{"not_picked":["Heatsinks","Go for the Eyes"],"picked":"Streamline","floor":1},{"not_picked":["Consume","Loop"],"picked":"Chaos","floor":3},{"not_picked":["Self Repair","Reinforced Body"],"picked":"Capacitor","floor":5},{"not_picked":["Rebound","FTL"],"picked":"Conserve Battery","floor":7},{"not_picked":["Compile Driver","Streamline"],"picked":"Defragment","floor":10},{"not_picked":["Rip and Tear","Sweeping Beam","Melter"],"picked":"SKIP","floor":11},{"not_picked":["Compile Driver","Coolheaded"],"picked":"Leap","floor":13},{"not_picked":["Leap","Redo"],"picked":"Streamline","floor":14},{"not_picked":["Biased Cognition","All For One"],"picked":"Buffer","floor":16}],"player_experience":133819,"relics_obtained":[{"floor":9,"key":"The Courier"}],"event_choices":[{"damage_healed":0,"gold_gain":0,"cards_transformed":["Strike_B"],"player_choice":"Transformed","damage_taken":0,"max_hp_gain":0,"max_hp_loss":0,"event_name":"Transmorgrifier","floor":4,"gold_loss":0,"cards_obtained":["Meteor Strike"]}],"is_beta":false,"boss_relics":[{"not_picked":["Pandora\u0027s Box","Black Star"],"picked":"Astrolabe"}],"items_purged_floors":[],"is_endless":false,"potions_floor_spawned":[3,10,11,14,16],"killed_by":"3 Byrds","ascension_level":0}