{"gold_per_floor":[99],"floor_reached":0,"playtime":60,"items_purged":[],"score":100,"play_id":"4423c471-6066-4ca6-8a98-1b5741973df3","local_time":"20180703152411","daily_mods":["Draft","Hoarder"],"is_ascension_mode":false,"campfire_choices":[],"neow_cost":"","seed_source_timestamp":0,"circlet_count":0,"master_deck":["Malaise","Malaise","Malaise","Cloak And Dagger","Cloak And Dagger","Cloak And Dagger","Outmaneuver","Outmaneuver","Outmaneuver","Caltrops","Caltrops","Caltrops","Cloak And Dagger","Cloak And Dagger","Cloak And Dagger","PiercingWail","PiercingWail","PiercingWail","Prepared","Prepared","Prepared","Flying Knee","Flying Knee","Flying Knee","Flying Knee","Flying Knee","Flying Knee","Underhanded Strike","Underhanded Strike","Underhanded Strike","Dagger Spray","Dagger Spray","Dagger Spray","Dodge and Roll","Dodge and Roll","Dodge and Roll","Backflip","Backflip","Backflip","Finisher","Finisher","Finisher","PiercingWail","PiercingWail","PiercingWail"],"relics":["Ring of the Snake"],"potions_floor_usage":[],"damage_taken":[],"seed_played":"-8118158377805578105","potions_obtained":[],"is_trial":true,"path_per_floor":[],"character_chosen":"THE_SILENT","items_purchased":[],"campfire_rested":0,"item_purchase_floors":[],"current_hp_per_floor":[70],"gold":99,"neow_bonus":"","is_prod":false,"is_daily":false,"chose_seed":false,"campfire_upgraded":0,"win_rate":0,"timestamp":1530599051,"path_taken":[],"build_version":"2018-06-29","purchased_purges":0,"victory":false,"max_hp_per_floor":[70],"card_choices":[{"not_picked":["Bane","Skewer"],"picked":"Malaise","floor":0},{"not_picked":["Leg Sweep","Flying Knee"],"picked":"Cloak And Dagger","floor":0},{"not_picked":["Dagger Throw","Backflip"],"picked":"Outmaneuver","floor":0},{"not_picked":["Flechettes","Heel Hook"],"picked":"Caltrops","floor":0},{"not_picked":["Sucker Punch","Eviscerate"],"picked":"Cloak And Dagger","floor":0},{"not_picked":["Quick Slash","Dagger Throw"],"picked":"PiercingWail","floor":0},{"not_picked":["Flechettes","Acrobatics"],"picked":"Prepared","floor":0},{"not_picked":["Predator","Bane"],"picked":"Flying Knee","floor":0},{"not_picked":["Dagger Throw","Skewer"],"picked":"Flying Knee","floor":0},{"not_picked":["Predator","Heel Hook"],"picked":"Underhanded Strike","floor":0},{"not_picked":["PiercingWail","Skewer"],"picked":"Dagger Spray","floor":0},{"not_picked":["Setup","Poisoned Stab"],"picked":"Dodge and Roll","floor":0},{"not_picked":["Underhanded Strike","Dodge and Roll"],"picked":"Backflip","floor":0},{"not_picked":["Reflex","Acrobatics"],"picked":"Finisher","floor":0},{"not_picked":["Quick Slash","Dash"],"picked":"PiercingWail","floor":0}],"player_experience":259290,"relics_obtained":[],"event_choices":[],"boss_relics":[],"items_purged_floors":[],"is_endless":false,"potions_floor_spawned":[],"ascension_level":0}