{"gold_per_floor":[13,79,92,104,23,58,78,78,78,78,78,78,112,131,131,226,226,237,237,252,271,41,41,52,52,52,52,67,81,98,98,98,98],"floor_reached":33,"playtime":4209,"items_purged":[],"score":309,"play_id":"c2bb34ce-bbf5-4fe3-b22e-0b96d557f405","local_time":"20181205201406","is_ascension_mode":false,"campfire_choices":[{"data":"Feed","floor":8,"key":"SMITH"},{"data":"Flex","floor":10,"key":"SMITH"},{"data":"Uppercut","floor":12,"key":"SMITH"},{"data":"Perfected Strike","floor":15,"key":"SMITH"},{"data":"RitualDagger","floor":23,"key":"SMITH"},{"data":"Perfected Strike","floor":25,"key":"SMITH"},{"data":"Perfected Strike","floor":32,"key":"SMITH"}],"neow_cost":"NO_GOLD","seed_source_timestamp":897002465818244,"circlet_count":0,"master_deck":["Strike_R","Strike_R","Strike_R","Strike_R","Strike_R","Defend_R","Defend_R","Defend_R","Defend_R","Bash","Uppercut+1","Flex+1","Metallicize","Sever Soul","Metallicize","Feed+1","Warcry","Perfected Strike+1","Feed","Disarm+1","RitualDagger+1","Perfected Strike+1","Rage","Perfected Strike+1","Twin Strike","Seeing Red","Flex"],"relics":["Burning Blood","Oddly Smooth Stone","Bronze Scales","Gremlin Horn","Busted Crown","Ornamental Fan"],"potions_floor_usage":[7,7,16,16,21,28],"damage_taken":[{"damage":4,"enemies":"2 Louse","floor":1,"turns":4},{"damage":5,"enemies":"Small Slimes","floor":3,"turns":4},{"damage":1,"enemies":"Cultist","floor":4,"turns":3},{"damage":45,"enemies":"Gremlin Nob","floor":6,"turns":5},{"damage":0,"enemies":"Blue Slaver","floor":7,"turns":6},{"damage":14,"enemies":"Lagavulin","floor":13,"turns":6},{"damage":15,"enemies":"Exordium Thugs","floor":14,"turns":4},{"damage":46,"enemies":"The Guardian","floor":16,"turns":9},{"damage":23,"enemies":"2 Thieves","floor":18,"turns":4},{"damage":3,"enemies":"Shell Parasite","floor":20,"turns":7},{"damage":7,"enemies":"Shelled Parasite and Fungi","floor":21,"turns":6},{"damage":6,"enemies":"Centurion and Healer","floor":24,"turns":6},{"damage":12,"enemies":"Snake Plant","floor":28,"turns":3},{"damage":8,"enemies":"3 Cultists","floor":29,"turns":5},{"damage":4,"enemies":"Cultist and Chosen","floor":30,"turns":6},{"damage":153,"enemies":"Collector","floor":33,"turns":7}],"seed_played":"-5055702773044314659","potions_obtained":[{"floor":1,"key":"Ancient Potion"},{"floor":3,"key":"Regen Potion"},{"floor":7,"key":"Strength Potion"},{"floor":13,"key":"Block Potion"},{"floor":20,"key":"EssenceOfSteel"},{"floor":24,"key":"Poison Potion"}],"is_trial":false,"path_per_floor":["M","?","M","M","$","E","M","R","T","R","?","R","E","M","R","B",null,"M","?","M","M","$","R","M","R","T","?","M","M","M","?","R","B"],"character_chosen":"IRONCLAD","items_purchased":["Sever Soul","Transmutation","Perfected Strike"],"campfire_rested":0,"item_purchase_floors":[5,22,22],"current_hp_per_floor":[96,96,96,96,96,57,78,78,78,78,78,78,74,69,69,29,104,90,84,91,97,97,97,100,100,100,88,86,91,93,142,142,0],"gold":98,"neow_bonus":"TWENTY_PERCENT_HP_BONUS","is_prod":false,"is_daily":false,"chose_seed":false,"campfire_upgraded":7,"win_rate":0.0,"timestamp":1544040846,"path_taken":["M","?","M","M","$","E","M","R","T","R","?","R","E","M","R","BOSS","M","?","M","M","$","R","M","R","T","?","M","?","M","?","R","BOSS"],"build_version":"2018-11-15","purchased_purges":0,"victory":false,"max_hp_per_floor":[96,96,96,96,96,96,96,96,96,96,96,96,100,104,104,104,104,107,107,111,118,118,118,121,121,121,121,125,132,132,142,142,142],"card_choices":[{"not_picked":["Twin Strike","Sword Boomerang"],"picked":"Uppercut","floor":1},{"not_picked":["Sever Soul","Clothesline"],"picked":"Flex","floor":3},{"not_picked":["Flex","Searing Blow"],"picked":"Metallicize","floor":4},{"not_picked":["Power Through","Heavy Blade"],"picked":"Metallicize","floor":6},{"not_picked":["Headbutt","Iron Wave"],"picked":"Feed","floor":7},{"not_picked":["Thunderclap","Pommel Strike"],"picked":"Warcry","floor":13},{"not_picked":["Cleave","Dual Wield"],"picked":"Perfected Strike","floor":14},{"not_picked":["Impervious","Fiend Fire"],"picked":"Feed","floor":16},{"not_picked":[],"picked":"Disarm+1","floor":18},{"not_picked":[],"picked":"Perfected Strike","floor":20},{"not_picked":[],"picked":"Rage","floor":21},{"not_picked":[],"picked":"Twin Strike","floor":24},{"not_picked":[],"picked":"Seeing Red","floor":28},{"not_picked":[],"picked":"Flex","floor":29},{"not_picked":["Disarm"],"picked":"SKIP","floor":30}],"player_experience":60848,"relics_obtained":[{"floor":6,"key":"Oddly Smooth Stone"},{"floor":9,"key":"Bronze Scales"},{"floor":13,"key":"Gremlin Horn"},{"floor":26,"key":"Ornamental Fan"}],"event_choices":[{"damage_healed":0,"gold_gain":66,"player_choice":"Gained Gold","damage_taken":0,"max_hp_gain":0,"max_hp_loss":0,"event_name":"Golden Wing","floor":2,"gold_loss":0},{"damage_healed":0,"gold_gain":0,"player_choice":"Ignored","damage_taken":0,"max_hp_gain":0,"max_hp_loss":0,"event_name":"Liars Game","floor":11,"gold_loss":0},{"damage_healed":0,"gold_gain":0,"player_choice":"Joined the Cult","damage_taken":6,"max_hp_gain":0,"max_hp_loss":0,"event_name":"Nest","floor":19,"gold_loss":0,"cards_obtained":["RitualDagger"]},{"damage_healed":0,"gold_gain":0,"player_choice":"Damaged","damage_taken":12,"max_hp_gain":0,"max_hp_loss":0,"event_name":"Wheel of Change","floor":27,"gold_loss":0},{"cards_removed":["Transmutation"],"damage_healed":39,"gold_gain":0,"player_choice":"Offered Rare","damage_taken":0,"max_hp_gain":10,"max_hp_loss":0,"event_name":"Bonfire Elementals","floor":31,"gold_loss":0}],"is_beta":false,"boss_relics":[{"not_picked":["Snecko Eye","Calling Bell"],"picked":"Busted Crown"}],"items_purged_floors":[],"is_endless":false,"potions_floor_spawned":[1,3,7,13,20,24],"killed_by":"Collector","ascension_level":0}