{"gold_per_floor":[110,110,110,2,12,12,44,44,44,59,59,70,14,26,26,26],"floor_reached":16,"playtime":536,"items_purged":[],"score":200,"play_id":"8361aeff-126b-4431-95bf-f889d8902dbd","local_time":"20190512182325","is_ascension_mode":true,"campfire_choices":[{"data":"Bash","floor":6,"key":"SMITH"},{"data":"Perfected Strike","floor":8,"key":"SMITH"},{"data":"Sword Boomerang","floor":11,"key":"SMITH"},{"data":"Demon Form","floor":15,"key":"SMITH"}],"neow_cost":"NONE","seed_source_timestamp":343666075915600,"circlet_count":0,"master_deck":["AscendersBane","Strike_R","Strike_R","Strike_R","Strike_R","Strike_R","Defend_R","Defend_R","Defend_R","Defend_R","Bash+1","Pommel Strike","Sword Boomerang+1","Hemokinesis","Perfected Strike+1","Corruption","Shrug It Off","Demon Form+1","Shrug It Off","Metallicize"],"relics":["Burning Blood","Vajra","Potion Belt","Champion Belt"],"potions_floor_usage":[16],"damage_taken":[{"damage":3,"enemies":"2 Louse","floor":1,"turns":3},{"damage":7,"enemies":"Jaw Worm","floor":5,"turns":2},{"damage":41,"enemies":"3 Sentries","floor":7,"turns":8},{"damage":4,"enemies":"Cultist","floor":10,"turns":4},{"damage":3,"enemies":"Looter","floor":12,"turns":2},{"damage":8,"enemies":"Blue Slaver","floor":14,"turns":3},{"damage":35,"enemies":"Slime Boss","floor":16,"turns":9}],"seed_played":"-3139616794905467901","potions_obtained":[{"floor":1,"key":"Weak Potion"},{"floor":5,"key":"Block Potion"},{"floor":10,"key":"FearPotion"}],"is_trial":false,"path_per_floor":["M","?","?","$","M","R","E","R","T","M","R","M","$","M","R","B"],"character_chosen":"IRONCLAD","items_purchased":["Sword Boomerang","Hemokinesis","Shrug It Off"],"campfire_rested":0,"item_purchase_floors":[4,4,13],"current_hp_per_floor":[78,78,67,67,66,66,31,31,31,33,33,36,36,34,34,0],"gold":26,"neow_bonus":"TEN_PERCENT_HP_BONUS","is_prod":false,"is_daily":false,"chose_seed":false,"campfire_upgraded":4,"win_rate":0,"timestamp":1557674605,"path_taken":["M","?","?","$","M","R","E","R","T","M","R","M","?","?","R","BOSS"],"build_version":"2019-01-23","purchased_purges":0,"victory":false,"max_hp_per_floor":[82,82,82,82,82,82,82,82,82,82,82,82,82,82,82,82],"card_choices":[{"not_picked":["Infernal Blade","Iron Wave"],"picked":"Pommel Strike","floor":1},{"not_picked":["Clash","Iron Wave"],"picked":"Perfected Strike","floor":5},{"not_picked":["Flex","Carnage"],"picked":"Corruption","floor":7},{"not_picked":["Clash","Infernal Blade"],"picked":"Shrug It Off","floor":10},{"not_picked":["Infernal Blade","Heavy Blade"],"picked":"Demon Form","floor":12},{"not_picked":["Reckless Charge","Iron Wave"],"picked":"Metallicize","floor":14}],"player_experience":1005308,"relics_obtained":[{"floor":7,"key":"Potion Belt"},{"floor":9,"key":"Champion Belt"}],"event_choices":[{"damage_healed":0,"gold_gain":0,"player_choice":"Leave","damage_taken":0,"max_hp_gain":0,"max_hp_loss":0,"event_name":"The Cleric","floor":2,"gold_loss":0},{"damage_healed":0,"gold_gain":0,"player_choice":"Success","damage_taken":11,"relics_obtained":["Vajra"],"max_hp_gain":0,"max_hp_loss":0,"event_name":"Scrap Ooze","floor":3,"gold_loss":0}],"is_beta":false,"boss_relics":[],"items_purged_floors":[],"is_endless":false,"potions_floor_spawned":[1,5,10],"killed_by":"Slime Boss","ascension_level":20}