{"gold_per_floor":[113,113,133,133,152,152,170,345,345,345,369,369,393,417,417,536,536,522,522,522,242,260,260,180,200,275,292,307,319,319,83,83,178,178,195,211,121,46,56,56,76,76,100,80,80,80,95,18,18,18],"floor_reached":51,"playtime":2745,"items_purged":["Defend_G"],"score":641,"play_id":"c5fddb13-81cf-432d-8d15-c4334e729e6a","local_time":"20181116222551","is_ascension_mode":false,"campfire_choices":[{"floor":12,"key":"REST"},{"data":"Cloak And Dagger","floor":15,"key":"SMITH"},{"data":"Cloak And Dagger","floor":23,"key":"SMITH"},{"data":"A Thousand Cuts","floor":30,"key":"SMITH"},{"data":"After Image","floor":32,"key":"SMITH"},{"data":"A Thousand Cuts","floor":40,"key":"SMITH"},{"data":"Cloak And Dagger","floor":42,"key":"SMITH"},{"data":"Cloak And Dagger","floor":45,"key":"SMITH"},{"data":"Apotheosis","floor":49,"key":"SMITH"}],"neow_cost":"NONE","seed_source_timestamp":90380939341737,"circlet_count":0,"master_deck":["Defend_G","Defend_G","Defend_G+1","Defend_G","Strike_G+1","Survivor","Neutralize","Tools of the Trade+1","Tools of the Trade+1","Footwork+1","Riddle With Holes","PiercingWail","Caltrops","Predator","Die Die Die","Cloak And Dagger+1","Dodge and Roll","A Thousand Cuts+1","Dagger Spray+1","Infinite Blades","Cloak And Dagger+1","Well Laid Plans+1","Cloak And Dagger+1","Sucker Punch+1","After Image+1","Cloak And Dagger+1","Well Laid Plans","A Thousand Cuts+1","Cloak And Dagger","Infinite Blades+1","Malaise","Apotheosis+1","Underhanded Strike+1","Infinite Blades"],"relics":["Astrolabe","Question Card","Bloody Idol","Happy Flower","Philosopher\u0027s Stone","Ninja Scroll","Sundial","Juzu Bracelet","WristBlade","Centennial Puzzle"],"potions_floor_usage":[22,41,50],"damage_taken":[{"damage":3,"enemies":"Jaw Worm","floor":1,"turns":7},{"damage":0,"enemies":"Small Slimes","floor":3,"turns":5},{"damage":1,"enemies":"2 Louse","floor":5,"turns":3},{"damage":0,"enemies":"2 Fungi Beasts","floor":7,"turns":5},{"damage":0,"enemies":"3 Louse","floor":11,"turns":5},{"damage":2,"enemies":"Looter","floor":13,"turns":4},{"damage":1,"enemies":"Red Slaver","floor":14,"turns":4},{"damage":27,"enemies":"Slime Boss","floor":16,"turns":15},{"damage":7,"enemies":"2 Thieves","floor":18,"turns":4},{"damage":3,"enemies":"Spheric Guardian","floor":22,"turns":3},{"damage":20,"enemies":"Chosen and Byrds","floor":25,"turns":6},{"damage":3,"enemies":"Centurion and Healer","floor":27,"turns":7},{"damage":5,"enemies":"3 Cultists","floor":28,"turns":4},{"damage":6,"enemies":"Snake Plant","floor":29,"turns":5},{"damage":2,"enemies":"Collector","floor":33,"turns":11},{"damage":0,"enemies":"3 Shapes","floor":35,"turns":6},{"damage":2,"enemies":"Orb Walker","floor":36,"turns":5},{"damage":7,"enemies":"4 Shapes","floor":39,"turns":4},{"damage":2,"enemies":"Maw","floor":41,"turns":6},{"damage":0,"enemies":"Transient","floor":47,"turns":5},{"damage":25,"enemies":"Time Eater","floor":50,"turns":12}],"seed_played":"-992829250525663275","potions_obtained":[{"floor":1,"key":"GamblersBrew"},{"floor":14,"key":"Swift Potion"},{"floor":20,"key":"Block Potion"},{"floor":20,"key":"Energy Potion"},{"floor":22,"key":"Energy Potion"},{"floor":25,"key":"Block Potion"},{"floor":27,"key":"Dexterity Potion"},{"floor":35,"key":"FairyPotion"},{"floor":44,"key":"Regen Potion"},{"floor":47,"key":"FairyPotion"}],"is_trial":false,"path_per_floor":["M","?","M","?","M","?","M","?","T","?","M","R","M","M","R","B",null,"M","?","?","$","M","R","$","M","T","M","M","M","R","$","R","B",null,"M","M","?","$","M","R","M","R","T","?","R","?","M","$","R","B",null],"character_chosen":"THE_SILENT","items_purchased":["Infinite Blades","Ninja Scroll","Well Laid Plans","Well Laid Plans","Juzu Bracelet","Infinite Blades"],"campfire_rested":1,"item_purchase_floors":[21,21,24,31,31,48],"current_hp_per_floor":[67,53,53,46,45,28,28,28,28,21,21,42,40,39,39,12,70,63,63,63,63,65,65,65,50,55,57,57,56,56,56,56,59,70,70,70,70,70,68,68,70,70,70,70,70,70,70,70,70,45],"gold":18,"neow_bonus":"BOSS_RELIC","is_prod":false,"is_daily":false,"chose_seed":false,"campfire_upgraded":8,"win_rate":0,"timestamp":1542374751,"path_taken":["M","?","M","?","M","?","M","?","T","?","M","R","M","M","R","BOSS","M","?","?","$","?","R","$","M","T","M","M","M","R","$","R","BOSS","M","M","?","$","M","R","M","R","T","?","R","?","M","$","R","BOSS"],"build_version":"2018-11-15","purchased_purges":1,"victory":true,"max_hp_per_floor":[70,70,70,70,70,70,70,70,70,70,70,70,70,70,70,70,70,70,70,70,70,70,70,70,70,70,70,70,70,70,70,70,70,70,70,70,70,70,70,70,70,70,70,70,70,70,70,70,70,70],"card_choices":[{"not_picked":["Backflip","Dagger Throw"],"picked":"Riddle With Holes","floor":1},{"not_picked":["Slice","Expertise"],"picked":"PiercingWail","floor":3},{"not_picked":["Deadly Poison","Distraction","Terror"],"picked":"Caltrops","floor":5},{"not_picked":["Dagger Throw","Poisoned Stab","Slice"],"picked":"Predator","floor":7},{"not_picked":["Blade Dance","Caltrops","Bouncing Flask"],"picked":"Die Die Die","floor":11},{"not_picked":["Bouncing Flask","Dagger Throw","Dodge and Roll"],"picked":"Cloak And Dagger","floor":13},{"not_picked":["Prepared","Acrobatics","Crippling Poison"],"picked":"Dodge and Roll","floor":14},{"not_picked":["Doppelganger","Burst","Phantasmal Killer"],"picked":"A Thousand Cuts","floor":16},{"not_picked":["Acrobatics+1","Flying Knee","Finisher+1"],"picked":"Dagger Spray+1","floor":18},{"not_picked":["Deflect","Flying Knee+1","Night Terror"],"picked":"Cloak And Dagger","floor":22},{"not_picked":["Deflect","Caltrops","Noxious Fumes"],"picked":"Cloak And Dagger","floor":25},{"not_picked":["Slice+1","Bane","Acrobatics"],"picked":"Sucker Punch+1","floor":27},{"not_picked":["Deflect","Masterful Stab+1","Quick Slash"],"picked":"After Image","floor":28},{"not_picked":["Acrobatics","Sucker Punch","Dagger Throw"],"picked":"Cloak And Dagger","floor":29},{"not_picked":["Unload","Die Die Die","Phantasmal Killer"],"picked":"A Thousand Cuts","floor":33},{"not_picked":["Outmaneuver","Sucker Punch+1","Backflip+1"],"picked":"Cloak And Dagger","floor":35},{"not_picked":["Acrobatics","Deadly Poison","Finisher+1","Eviscerate"],"picked":"SKIP","floor":36},{"not_picked":["Bouncing Flask+1","PiercingWail","Finisher+1"],"picked":"Infinite Blades+1","floor":39},{"not_picked":["Dagger Throw+1","Calculated Gamble","Predator+1"],"picked":"Malaise","floor":41},{"not_picked":["Mind Blast","HandOfGreed","Bandage Up"],"picked":"Apotheosis","floor":46},{"not_picked":["Blade Dance","Concentrate","Dagger Throw"],"picked":"Underhanded Strike+1","floor":47}],"player_experience":581226,"relics_obtained":[{"floor":9,"key":"Happy Flower"},{"floor":26,"key":"Sundial"},{"floor":43,"key":"Centennial Puzzle"}],"event_choices":[{"damage_healed":0,"gold_gain":0,"player_choice":"Entered Light","damage_taken":14,"max_hp_gain":0,"max_hp_loss":0,"event_name":"Shining Light","floor":2,"gold_loss":0,"cards_upgraded":["Strike_G","Defend_G"]},{"damage_healed":0,"gold_gain":0,"player_choice":"Success","damage_taken":7,"relics_obtained":["Question Card"],"max_hp_gain":0,"max_hp_loss":0,"event_name":"Scrap Ooze","floor":4,"gold_loss":0},{"damage_healed":0,"gold_gain":0,"player_choice":"Take Damage","damage_taken":17,"relics_obtained":["Golden Idol"],"max_hp_gain":0,"max_hp_loss":0,"event_name":"Golden Idol","floor":6,"gold_loss":0},{"damage_healed":0,"gold_gain":175,"player_choice":"AGREE","damage_taken":0,"max_hp_gain":0,"max_hp_loss":0,"event_name":"Liars Game","floor":8,"gold_loss":0,"cards_obtained":["Doubt"]},{"cards_removed":["Doubt"],"damage_healed":0,"gold_gain":0,"player_choice":"Card Removal","damage_taken":7,"max_hp_gain":0,"max_hp_loss":0,"event_name":"Golden Wing","floor":10,"gold_loss":0},{"damage_healed":0,"gold_gain":0,"player_choice":"Gave Idol","damage_taken":0,"relics_obtained":["Bloody Idol"],"max_hp_gain":0,"max_hp_loss":0,"event_name":"Forgotten Altar","floor":19,"relics_lost":["Golden Idol"],"gold_loss":0},{"damage_healed":0,"gold_gain":0,"player_choice":"Got Potions","damage_taken":0,"max_hp_gain":0,"max_hp_loss":0,"event_name":"Lab","floor":20,"gold_loss":0},{"cards_removed":["Strike_G"],"damage_healed":0,"gold_gain":0,"player_choice":"Upgrade and Remove","damage_taken":0,"max_hp_gain":0,"max_hp_loss":0,"event_name":"Designer","floor":37,"gold_loss":90,"cards_upgraded":["Well Laid Plans"]},{"damage_healed":0,"gold_gain":0,"player_choice":"Bought 1 Potion","damage_taken":0,"max_hp_gain":0,"max_hp_loss":0,"event_name":"The Woman in Blue","floor":44,"gold_loss":0},{"damage_healed":0,"gold_gain":0,"player_choice":"Memory 1","damage_taken":0,"max_hp_gain":0,"max_hp_loss":0,"event_name":"SensoryStone","floor":46,"gold_loss":0}],"is_beta":false,"boss_relics":[{"not_picked":["Eternal Feather","Orrery"],"picked":"Philosopher\u0027s Stone"},{"not_picked":["Lizard Tail","Cursed Key"],"picked":"WristBlade"}],"items_purged_floors":[38],"is_endless":false,"potions_floor_spawned":[1,14,22,25,27,35,47],"ascension_level":0}