{"gold_per_floor":[113,133,308,258,272,306,306,340,340,370,396,105,105,117,117,219,219,239,239,266,294,305,338,338,367,367,396,31,44,54,68,68,173,173,184,184,195,214,225,253,253,278,302,312,312,312,64,94,94,94],"floor_reached":51,"playtime":2455,"items_purged":["Leap","Leap"],"score":988,"play_id":"874fe554-4a65-48a1-a093-226b36221a5d","local_time":"20190609062702","daily_mods":["SealedDeck","Heirloom","DeadlyEvents","Elite Swarm","Uncertain Future"],"is_ascension_mode":false,"campfire_choices":[{"data":"Defragment","floor":7,"key":"SMITH"},{"data":"Defragment","floor":13,"key":"SMITH"},{"data":"Consume","floor":15,"key":"SMITH"},{"data":"Fission","floor":24,"key":"SMITH"},{"data":"Fission","floor":32,"key":"SMITH"},{"floor":41,"key":"REST"},{"data":"Apotheosis","floor":46,"key":"SMITH"},{"data":"Fission","floor":49,"key":"SMITH"}],"neow_cost":"","seed_source_timestamp":773884769498445,"circlet_count":0,"master_deck":["Reinforced Body","Leap","Melter","Coolheaded","Consume+1","Defragment+1","Ball Lightning","Defragment+1","Electrodynamics","Electrodynamics","Creative AI","Machine Learning","Loop","Fission+1","Static Discharge+1","Seek","Echo Form","Fission+1","Reboot","Fission+1","Apotheosis+1","Echo Form","Cold Snap","Conserve Battery","Coolheaded+1","Core Surge","Chill+1","Machine Learning","Core Surge","Hologram+1","Reboot"],"relics":["Cracked Core","Mango","Art of War","Calipers","Pear","Bottled Flame","Ginger","Singing Bowl","Philosopher\u0027s Stone","Blue Candle","Shovel","Du-Vu Doll","Ice Cream","Bottled Tornado","Peace Pipe","Inserter","Bronze Scales","Question Card","Lantern","Centennial Puzzle","Symbiotic Virus"],"potions_floor_usage":[6,21,21,22,29,33,50,50,50],"damage_taken":[{"damage":0,"enemies":"2 Louse","floor":1,"turns":2},{"damage":0,"enemies":"Jaw Worm","floor":2,"turns":4},{"damage":0,"enemies":"Small Slimes","floor":5,"turns":3},{"damage":7,"enemies":"Gremlin Nob","floor":6,"turns":3},{"damage":2,"enemies":"Lagavulin","floor":8,"turns":7},{"damage":9,"enemies":"Gremlin Nob","floor":10,"turns":3},{"damage":9,"enemies":"3 Sentries","floor":11,"turns":3},{"damage":4,"enemies":"Exordium Thugs","floor":14,"turns":3},{"damage":19,"enemies":"The Guardian","floor":16,"turns":6},{"damage":25,"enemies":"2 Thieves","floor":18,"turns":4},{"damage":0,"enemies":"Gremlin Leader","floor":20,"turns":5},{"damage":14,"enemies":"Slavers","floor":21,"turns":3},{"damage":2,"enemies":"Spheric Guardian","floor":22,"turns":3},{"damage":21,"enemies":"Book of Stabbing","floor":23,"turns":4},{"damage":0,"enemies":"Gremlin Leader","floor":25,"turns":5},{"damage":19,"enemies":"Book of Stabbing","floor":27,"turns":4},{"damage":0,"enemies":"Snecko","floor":29,"turns":3},{"damage":8,"enemies":"Centurion and Healer","floor":30,"turns":5},{"damage":8,"enemies":"Shelled Parasite and Fungi","floor":31,"turns":6},{"damage":6,"enemies":"Automaton","floor":33,"turns":6},{"damage":7,"enemies":"3 Shapes","floor":35,"turns":3},{"damage":22,"enemies":"3 Darklings","floor":37,"turns":3},{"damage":45,"enemies":"Spire Growth","floor":38,"turns":5},{"damage":24,"enemies":"Writhing Mass","floor":39,"turns":4},{"damage":15,"enemies":"Reptomancer","floor":40,"turns":5},{"damage":3,"enemies":"Giant Head","floor":42,"turns":6},{"damage":0,"enemies":"Jaw Worm Horde","floor":44,"turns":3},{"damage":2,"enemies":"Reptomancer","floor":48,"turns":4},{"damage":14,"enemies":"Time Eater","floor":50,"turns":11}],"seed_played":"-4336001482654854981","potions_obtained":[{"floor":1,"key":"Explosive Potion"},{"floor":5,"key":"Poison Potion"},{"floor":14,"key":"Block Potion"},{"floor":16,"key":"Fruit Juice"},{"floor":21,"key":"GamblersBrew"},{"floor":22,"key":"Explosive Potion"},{"floor":23,"key":"Dexterity Potion"},{"floor":30,"key":"Energy Potion"},{"floor":35,"key":"Swift Potion"}],"is_trial":true,"path_per_floor":["M","M","?","?","M","E","R","E","T","E","E","$","R","M","R","B",null,"M","?","E","E","M","E","R","E","T","E","$","M","M","M","R","B",null,"M","?","M","M","M","E","R","E","T","M","?","R","$","E","R","B",null],"character_chosen":"DEFECT","items_purchased":["Loop","Singing Bowl","Apotheosis","Echo Form","Cold Snap","Centennial Puzzle"],"campfire_rested":1,"item_purchase_floors":[12,12,28,28,28,47],"current_hp_per_floor":[89,89,89,89,89,82,82,80,90,81,72,72,72,70,70,51,101,76,81,81,72,72,51,51,51,51,32,32,32,24,18,18,12,110,105,105,85,40,18,3,37,34,34,34,34,34,34,32,32,18],"gold":94,"neow_bonus":"","is_prod":false,"is_daily":false,"chose_seed":false,"campfire_upgraded":7,"win_rate":0,"timestamp":1560029222,"path_taken":["M","M","?","?","M","E","R","E","T","E","?","$","R","M","R","BOSS","M","?","?","?","M","E","R","E","T","E","$","M","M","M","R","BOSS","M","?","M","?","M","E","R","E","T","M","?","R","$","E","R","BOSS"],"build_version":"2019-01-23","purchased_purges":2,"victory":true,"max_hp_per_floor":[89,89,89,89,89,89,89,89,99,99,99,99,99,101,101,101,101,101,101,101,106,108,108,108,108,108,108,108,108,108,110,110,110,110,112,112,114,114,116,116,116,116,116,116,116,116,116,116,116,116],"card_choices":[{"not_picked":["Melter","Skim","Barrage"],"picked":"SKIP","floor":1},{"not_picked":["Heatsinks","Static Discharge"],"picked":"Ball Lightning","floor":2},{"not_picked":["Steam","Coolheaded"],"picked":"Defragment","floor":5},{"not_picked":["Fission","Rainbow"],"picked":"Electrodynamics","floor":6},{"not_picked":["Core Surge","Seek"],"picked":"Electrodynamics","floor":8},{"not_picked":["Rainbow","Reboot"],"picked":"Creative AI","floor":10},{"not_picked":["Electrodynamics","Multi-Cast"],"picked":"Machine Learning","floor":11},{"not_picked":["Gash","Aggregate","Melter"],"picked":"Singing Bowl","floor":14},{"not_picked":["Creative AI","All For One"],"picked":"Fission","floor":16},{"not_picked":["Skim","Doom and Gloom"],"picked":"Static Discharge+1","floor":18},{"not_picked":["Meteor Strike","Buffer"],"picked":"Seek","floor":20},{"not_picked":["Multi-Cast","Buffer"],"picked":"Echo Form","floor":21},{"not_picked":["Barrage","Aggregate","White Noise"],"picked":"Singing Bowl","floor":22},{"not_picked":["Creative AI","Multi-Cast"],"picked":"Fission","floor":23},{"not_picked":["Electrodynamics","All For One"],"picked":"Reboot","floor":25},{"not_picked":["Electrodynamics","Hyperbeam"],"picked":"Fission","floor":27},{"not_picked":["Sweeping Beam","Leap"],"picked":"Conserve Battery","floor":29},{"not_picked":["Skim","Stack"],"picked":"Coolheaded+1","floor":30},{"not_picked":["Lockon","Sweeping Beam","Beam Cell"],"picked":"Singing Bowl","floor":31},{"not_picked":["Fission","Multi-Cast"],"picked":"Core Surge","floor":33},{"not_picked":["Leap+1","Darkness","Turbo+1"],"picked":"Singing Bowl","floor":35},{"not_picked":["Streamline+1","Melter+1","Turbo"],"picked":"Singing Bowl","floor":37},{"not_picked":["Steam","Turbo+1"],"picked":"Chill+1","floor":38},{"not_picked":["Skim+1","Beam Cell","Go for the Eyes+1"],"picked":"Singing Bowl","floor":39},{"not_picked":["Creative AI","Rainbow"],"picked":"Machine Learning","floor":40},{"not_picked":["Amplify","Meteor Strike"],"picked":"Core Surge","floor":42},{"not_picked":["Compile Driver","Stack+1","Go for the Eyes+1"],"picked":"Hologram+1","floor":44},{"not_picked":["Meteor Strike","Buffer","Thunder Strike"],"picked":"Reboot","floor":48}],"player_experience":1002904,"relics_obtained":[{"floor":6,"key":"Art of War"},{"floor":8,"key":"Calipers"},{"floor":9,"key":"Pear"},{"floor":10,"key":"Bottled Flame"},{"floor":11,"key":"Ginger"},{"floor":20,"key":"Blue Candle"},{"floor":21,"key":"Shovel"},{"floor":23,"key":"Du-Vu Doll"},{"floor":25,"key":"Ice Cream"},{"floor":26,"key":"Bottled Tornado"},{"floor":27,"key":"Peace Pipe"},{"floor":40,"key":"Bronze Scales"},{"floor":42,"key":"Question Card"},{"floor":43,"key":"Lantern"},{"floor":48,"key":"Symbiotic Virus"}],"event_choices":[{"damage_healed":0,"gold_gain":175,"player_choice":"AGREE","damage_taken":0,"max_hp_gain":0,"max_hp_loss":0,"event_name":"Liars Game","floor":3,"gold_loss":0,"cards_obtained":["Doubt"]},{"cards_removed":["Doubt"],"damage_healed":0,"gold_gain":0,"player_choice":"Card Removal","damage_taken":0,"max_hp_gain":0,"max_hp_loss":0,"event_name":"The Cleric","floor":4,"gold_loss":50},{"cards_removed":["Streamline"],"damage_healed":5,"gold_gain":0,"player_choice":"Offered Common","damage_taken":0,"max_hp_gain":0,"max_hp_loss":0,"event_name":"Bonfire Elementals","floor":19,"gold_loss":0},{"cards_removed":["Streamline"],"damage_healed":5,"gold_gain":0,"player_choice":"Offered Special","damage_taken":0,"max_hp_gain":0,"max_hp_loss":0,"event_name":"Bonfire Elementals","floor":19,"gold_loss":0},{"damage_healed":0,"gold_gain":0,"player_choice":"Ignored","damage_taken":0,"max_hp_gain":0,"max_hp_loss":0,"event_name":"NoteForYourself","floor":36,"gold_loss":0},{"cards_removed":["FTL"],"damage_healed":0,"gold_gain":0,"player_choice":"Removed Attack","damage_taken":0,"max_hp_gain":0,"max_hp_loss":0,"event_name":"Falling","floor":45,"gold_loss":0}],"is_beta":false,"boss_relics":[{"not_picked":["Velvet Choker","Eternal Feather"],"picked":"Philosopher\u0027s Stone"},{"not_picked":["FrozenCore","Calling Bell"],"picked":"Inserter"}],"items_purged_floors":[28,47],"is_endless":false,"potions_floor_spawned":[1,5,14,16,21,22,23,27,30,35,37,48],"ascension_level":0}