{"gold_per_floor":[115,40,215,225,235,235,250,250,250,250,220,220,295,307,307,386,386,366,366,366,366,385,385,25,43,43,43,60,26,26,46,46,122,122,135,135,50,70,80,80,95,32,32,0,0,0,15,25,25,25],"floor_reached":50,"playtime":2905,"items_purged":["Doubt","Writhe","Writhe"],"score":759,"play_id":"9661ceaf-9854-40c8-9b77-1ad49a20437b","local_time":"20190612052720","is_ascension_mode":true,"campfire_choices":[{"data":"Footwork","floor":6.0,"key":"SMITH"},{"data":"Malaise","floor":8.0,"key":"SMITH"},{"data":"Neutralize","floor":10.0,"key":"SMITH"},{"data":"Well Laid Plans","floor":15.0,"key":"SMITH"},{"floor":23,"key":"REST"},{"floor":27,"key":"REST"},{"floor":30,"key":"REST"},{"floor":32,"key":"REST"},{"data":"Footwork","floor":40,"key":"SMITH"},{"floor":46,"key":"REST"},{"floor":49,"key":"REST"}],"neow_cost":"NONE","seed_source_timestamp":1029548993499537,"circlet_count":0,"master_deck":["AscendersBane","Defend_G","Defend_G","Defend_G","Defend_G","Defend_G","Strike_G","Strike_G","Strike_G","Strike_G","Strike_G","Survivor","Neutralize+1","Dagger Spray","Malaise+1","Flying Knee","Footwork+1","Escape Plan","Well Laid Plans+1","Dagger Throw","Malaise","Quick Slash+1","Caltrops","Footwork+1","Venomology","Leg Sweep","Footwork","Dodge and Roll","Calculated Gamble","Footwork","Pain","Blur"],"special_seed":0,"relics":["Ring of the Snake","NeowsBlessing","Bottled Tornado","Matryoshka","Philosopher\u0027s Stone","Nilry\u0027s Codex","Dodecahedron","Membership Card","Bronze Scales","Boot","Kunai","Cursed Key","Paper Crane","Singing Bowl","Red Mask"],"potions_floor_usage":[16,22,22,28,31,39,39,41,47,47],"damage_taken":[{"damage":0.0,"enemies":"2 Louse","floor":1.0,"turns":1.0},{"damage":0.0,"enemies":"Jaw Worm","floor":4.0,"turns":1.0},{"damage":0.0,"enemies":"Cultist","floor":5.0,"turns":1.0},{"damage":6.0,"enemies":"2 Fungi Beasts","floor":7.0,"turns":5.0},{"damage":0.0,"enemies":"Looter","floor":11.0,"turns":4.0},{"damage":3.0,"enemies":"Blue Slaver","floor":14.0,"turns":6.0},{"damage":20,"enemies":"The Guardian","floor":16,"turns":19},{"damage":13,"enemies":"2 Thieves","floor":18,"turns":4},{"damage":0,"enemies":"Chosen","floor":22,"turns":11},{"damage":26,"enemies":"Centurion and Healer","floor":25,"turns":10},{"damage":25,"enemies":"Sentry and Sphere","floor":28,"turns":5},{"damage":10,"enemies":"Shelled Parasite and Fungi","floor":31,"turns":6},{"damage":34,"enemies":"Collector","floor":33,"turns":17},{"damage":31,"enemies":"3 Darklings","floor":35,"turns":5},{"damage":16,"enemies":"3 Shapes","floor":38,"turns":12},{"damage":0,"enemies":"Maw","floor":39,"turns":12},{"damage":0,"enemies":"Spire Growth","floor":41,"turns":10},{"damage":11,"enemies":"Jaw Worm Horde","floor":47,"turns":6},{"damage":13,"enemies":"Transient","floor":48,"turns":5},{"damage":62,"enemies":"Donu and Deca","floor":50,"turns":4}],"seed_played":"-5116708303240912665","potions_obtained":[{"floor":1.0,"key":"Dexterity Potion"},{"floor":4.0,"key":"Ancient Potion"},{"floor":7.0,"key":"Regen Potion"},{"floor":16,"key":"EssenceOfSteel"},{"floor":25,"key":"Swift Potion"},{"floor":28,"key":"PowerPotion"},{"floor":33,"key":"Poison Potion"},{"floor":39,"key":"Ancient Potion"},{"floor":41,"key":"SkillPotion"}],"is_trial":false,"path_per_floor":["M","$","?","M","M","R","M","R","T","R","M","?","?","M","R","B",null,"M","?","?","?","M","R","$","M","T","R","M","$","R","M","R","B",null,"M","?","$","M","M","R","M","$","T","?","?","R","M","M","R","B"],"character_chosen":"THE_SILENT","items_purchased":["Malaise","Membership Card","Caltrops","Bronze Scales","Footwork","Footwork"],"campfire_rested":6,"item_purchase_floors":[2,24,24,24,29,37],"current_hp_per_floor":[59,59,59,59,59,59,53,53,53,53,53,35,24,21,21,16,54,41,25,13,13,13,34,34,8,8,29,4,4,25,15,36,2,54,23,41,41,25,40,40,40,40,40,40,40,61,50,39,60,0],"gold":25,"neow_bonus":"THREE_ENEMY_KILL","is_prod":false,"is_daily":false,"chose_seed":false,"campfire_upgraded":5,"win_rate":0,"timestamp":1560284840,"path_taken":["M","$","?","M","M","R","M","R","T","R","M","?","?","?","R","BOSS","M","?","?","?","M","R","?","M","T","R","M","$","R","M","R","BOSS","M","?","$","M","M","R","M","$","T","?","?","R","M","M","R","BOSS"],"build_version":"2019-01-23","purchased_purges":3,"victory":false,"max_hp_per_floor":[66,66,66,66,66,66,66,66,66,66,66,66,66,66,66,66,66,66,66,71,71,71,71,71,71,71,71,71,71,71,71,71,71,71,71,71,71,71,71,71,71,71,71,71,71,71,71,73,73,73],"card_choices":[{"not_picked":["Skewer","Poisoned Stab"],"picked":"Dagger Spray","floor":1.0},{"not_picked":["Underhanded Strike","Quick Slash"],"picked":"Flying Knee","floor":4.0},{"not_picked":["Poisoned Stab","Quick Slash"],"picked":"Footwork","floor":5.0},{"not_picked":["Quick Slash","Well Laid Plans"],"picked":"Escape Plan","floor":7.0},{"not_picked":["Tactician","Outmaneuver"],"picked":"Well Laid Plans","floor":11.0},{"not_picked":["Poisoned Stab","Quick Slash"],"picked":"Dagger Throw","floor":14.0},{"not_picked":["Storm of Steel","Envenom"],"picked":"Malaise","floor":16},{"not_picked":["Blade Dance","Reflex"],"picked":"Quick Slash+1","floor":18},{"not_picked":["Setup","Dagger Spray","Eviscerate"],"picked":"SKIP","floor":22},{"not_picked":["Blade Dance","Bane","Flying Knee"],"picked":"SKIP","floor":25},{"not_picked":["Dagger Throw","Eviscerate","Slice"],"picked":"SKIP","floor":28},{"not_picked":["Flying Knee","Underhanded Strike","Bane"],"picked":"SKIP","floor":31},{"not_picked":["Envenom","Die Die Die"],"picked":"Venomology","floor":33},{"not_picked":["Dash","Heel Hook+1"],"picked":"Leg Sweep","floor":35},{"not_picked":["Masterful Stab","Riddle With Holes+1"],"picked":"Dodge and Roll","floor":38},{"not_picked":["Tactician","Dagger Throw"],"picked":"Calculated Gamble","floor":39},{"not_picked":["Acrobatics","Well Laid Plans"],"picked":"Footwork","floor":41},{"not_picked":["Flechettes","Crippling Poison"],"picked":"Blur","floor":47},{"not_picked":["Crippling Poison","Dagger Spray","Noxious Fumes"],"picked":"Singing Bowl","floor":48}],"player_experience":1033515,"relics_obtained":[{"floor":9.0,"key":"Bottled Tornado"},{"floor":19,"key":"Nilry\u0027s Codex"},{"floor":26,"key":"Boot"},{"floor":26,"key":"Kunai"},{"floor":43,"key":"Paper Crane"},{"floor":43,"key":"Singing Bowl"}],"event_choices":[{"damage_healed":0.0,"max_hp_gain":0.0,"max_hp_loss":0.0,"gold_gain":175.0,"event_name":"Liars Game","player_choice":"AGREE","floor":3.0,"gold_loss":0.0,"damage_taken":0.0,"cards_obtained":["Doubt"]},{"damage_healed":0.0,"max_hp_gain":0.0,"max_hp_loss":0.0,"gold_gain":0.0,"event_name":"Scrap Ooze","player_choice":"Success","floor":12.0,"gold_loss":0.0,"damage_taken":18.0,"relics_obtained":["Matryoshka"]},{"damage_healed":0.0,"max_hp_gain":0.0,"max_hp_loss":0.0,"gold_gain":75.0,"event_name":"World of Goop","player_choice":"Gather Gold","floor":13.0,"gold_loss":0.0,"damage_taken":11.0},{"damage_healed":0,"gold_gain":0,"player_choice":"Obtained Book","damage_taken":16,"max_hp_gain":0,"max_hp_loss":0,"event_name":"Cursed Tome","floor":19,"gold_loss":0},{"damage_healed":0,"gold_gain":0,"player_choice":"Shed Blood","damage_taken":17,"max_hp_gain":5,"max_hp_loss":0,"event_name":"Forgotten Altar","floor":20,"gold_loss":0},{"damage_healed":0,"gold_gain":0,"player_choice":"Opened","damage_taken":0,"relics_obtained":["Dodecahedron"],"max_hp_gain":0,"max_hp_loss":0,"event_name":"The Mausoleum","floor":21,"gold_loss":0,"cards_obtained":["Writhe"]},{"damage_healed":18,"gold_gain":0,"player_choice":"Writhe","damage_taken":0,"max_hp_gain":0,"max_hp_loss":0,"event_name":"Winding Halls","floor":36,"gold_loss":0,"cards_obtained":["Writhe"]},{"damage_healed":0,"gold_gain":0,"player_choice":"Paid","damage_taken":0,"relics_obtained":["Red Mask"],"max_hp_gain":0,"max_hp_loss":0,"event_name":"Tomb of Lord Red Mask","floor":44,"gold_loss":32},{"damage_healed":0,"gold_gain":0,"player_choice":"Ignored","damage_taken":0,"max_hp_gain":0,"max_hp_loss":0,"event_name":"Mysterious Sphere","floor":45,"gold_loss":0}],"is_beta":false,"boss_relics":[{"not_picked":["Snecko Eye","Lizard Tail"],"picked":"Philosopher\u0027s Stone"},{"not_picked":["Runic Dome","Sozu"],"picked":"Cursed Key"}],"items_purged_floors":[24,37,42],"is_endless":false,"potions_floor_spawned":[1,4,7,16,25,28,33,39,41],"killed_by":"Donu and Deca","ascension_level":14}