{"gold_per_floor":[116,129,149,224,234,260,260,293,293,348,12,12,12,23,23,123,123,135,154,222,233,253,253,267,267,267,267,267,267,25,43,43,145,145,164,64,80,135,147,147,247,247,328,362,372,391,391,462,462,462,462,462,14,43,43],"floor_reached":56,"playtime":2457,"items_purged":["Strike_B","Strike_B","Defend_B"],"score":1287,"play_id":"b2719501-7ff0-4a9c-8e0c-3c416f524d39","local_time":"20190610060054","is_ascension_mode":false,"campfire_choices":[{"data":"Zap","floor":7,"key":"SMITH"},{"data":"Dualcast","floor":13,"key":"SMITH"},{"data":"Barrage","floor":15,"key":"SMITH"},{"data":"Reboot","floor":23,"key":"SMITH"},{"data":"Conserve Battery","floor":25,"key":"SMITH"},{"data":"Auto Shields","floor":27,"key":"SMITH"},{"data":"Echo Form","floor":32,"key":"SMITH"},{"data":"Biased Cognition","floor":40,"key":"SMITH"},{"floor":42,"key":"RECALL"},{"data":"Glacier","floor":47,"key":"SMITH"},{"data":"Ball Lightning","floor":49,"key":"SMITH"},{"data":"Cold Snap","floor":52,"key":"SMITH"}],"neow_cost":"NONE","seed_source_timestamp":859226676184278,"circlet_count":0,"master_deck":["Defend_B","Defend_B","Zap+1","Dualcast+1","Barrage+1","Cold Snap","Ball Lightning+1","Auto Shields+1","Glacier+1","Conserve Battery+1","Reboot+1","Chill+1","Echo Form+1","Cold Snap+1","Hologram+1","Tempest+1","BootSequence+1","Glacier+1","Seek+1","Biased Cognition+1","Beam Cell+1","Ball Lightning+1","Amplify+1","Coolheaded+1","Coolheaded+1","Defragment+1","Conserve Battery+1","Conserve Battery+1","Reboot+1","Tempest+1"],"relics":["Cracked Core","NeowsBlessing","Pantograph","Shuriken","Sundial","Question Card","Toxic Egg 2","Dodecahedron","White Beast Statue","The Courier","Mummified Hand","Ginger","Runic Capacitor","Astrolabe","FossilizedHelix","Thread and Needle","Mango","Bottled Flame","Pear","Nunchaku","Bottled Tornado"],"potions_floor_usage":[8,17,22,24,33,38,38,54,54,55,55],"damage_taken":[{"damage":0,"enemies":"Cultist","floor":1,"turns":1},{"damage":0,"enemies":"Small Slimes","floor":2,"turns":1},{"damage":0,"enemies":"Jaw Worm","floor":3,"turns":1},{"damage":9,"enemies":"Gremlin Gang","floor":5,"turns":4},{"damage":11,"enemies":"Lagavulin","floor":6,"turns":7},{"damage":7,"enemies":"3 Sentries","floor":8,"turns":8},{"damage":3,"enemies":"Gremlin Nob","floor":10,"turns":4},{"damage":0,"enemies":"Red Slaver","floor":14,"turns":3},{"damage":5,"enemies":"Hexaghost","floor":16,"turns":9},{"damage":0,"enemies":"Shell Parasite","floor":18,"turns":4},{"damage":0,"enemies":"Chosen","floor":19,"turns":4},{"damage":28,"enemies":"Snake Plant","floor":21,"turns":6},{"damage":3,"enemies":"Snecko","floor":22,"turns":5},{"damage":0,"enemies":"Chosen and Byrds","floor":24,"turns":5},{"damage":0,"enemies":"3 Cultists","floor":31,"turns":5},{"damage":0,"enemies":"Champ","floor":33,"turns":7},{"damage":0,"enemies":"Orb Walker","floor":35,"turns":4},{"damage":0,"enemies":"3 Darklings","floor":37,"turns":4},{"damage":0,"enemies":"2 Orb Walkers","floor":38,"turns":2},{"damage":0,"enemies":"Sphere and 2 Shapes","floor":39,"turns":5},{"damage":0,"enemies":"Mind Bloom Boss Battle","floor":41,"turns":4},{"damage":0,"enemies":"Reptomancer","floor":44,"turns":4},{"damage":0,"enemies":"Writhing Mass","floor":45,"turns":3},{"damage":0,"enemies":"Transient","floor":46,"turns":5},{"damage":24,"enemies":"Time Eater","floor":50,"turns":12},{"damage":7,"enemies":"Shield and Spear","floor":54,"turns":5},{"damage":39,"enemies":"The Heart","floor":55,"turns":8}],"seed_played":"-8666998007651815496","potions_obtained":[{"floor":5,"key":"Strength Potion"},{"floor":14,"key":"PowerPotion"},{"floor":16,"key":"Fruit Juice"},{"floor":18,"key":"PowerPotion"},{"floor":19,"key":"Strength Potion"},{"floor":21,"key":"Regen Potion"},{"floor":22,"key":"Fire Potion"},{"floor":24,"key":"FocusPotion"},{"floor":33,"key":"SneckoOil"},{"floor":35,"key":"Strength Potion"},{"floor":38,"key":"FocusPotion"},{"floor":39,"key":"FocusPotion"},{"floor":54,"key":"LiquidBronze"}],"is_trial":false,"path_per_floor":["M","M","M","?","M","E","R","E","T","?","$","T","R","M","R","B",null,"M","M","T","M","M","R","M","R","T","R","?","T","$","M","R","B",null,"M","$","M","?","M","R","?","R","T","E","M","M","R","T","R","B",null,"R","$","E","B",null],"character_chosen":"DEFECT","items_purchased":["Toxic Egg 2","Runic Capacitor","Pear","Nunchaku"],"campfire_rested":0,"item_purchase_floors":[11,30,53,53],"current_hp_per_floor":[75,75,75,64,55,44,44,37,37,34,34,34,34,34,34,54,80,80,80,80,52,63,63,63,63,63,63,63,63,63,63,63,80,80,80,80,80,80,80,80,80,80,80,94,94,94,94,94,94,70,94,94,104,97,65],"gold":43,"neow_bonus":"THREE_ENEMY_KILL","is_prod":false,"is_daily":false,"chose_seed":false,"campfire_upgraded":11,"win_rate":0,"timestamp":1560114054,"path_taken":["M","?","?","?","M","E","R","E","T","?","$","?","R","M","R","BOSS","M","?","?","M","M","R","M","R","T","R","?","?","$","M","R","BOSS","M","$","M","?","M","R","?","R","T","E","M","M","R","?","R","BOSS","R","$","E","BOSS"],"build_version":"2019-01-23","purchased_purges":3,"victory":true,"max_hp_per_floor":[75,75,75,75,75,75,75,75,75,75,75,75,75,75,75,75,80,80,80,80,80,80,80,80,80,80,80,80,80,80,80,80,80,80,80,80,80,80,80,80,80,80,80,94,94,94,94,94,94,94,94,94,104,104,104],"card_choices":[{"not_picked":["Steam","Beam Cell"],"picked":"Barrage","floor":1},{"not_picked":["Redo","Conserve Battery"],"picked":"Cold Snap","floor":2},{"not_picked":["Compile Driver","Sweeping Beam"],"picked":"Ball Lightning","floor":3},{"not_picked":["Go for the Eyes","Beam Cell"],"picked":"Auto Shields","floor":5},{"not_picked":["FTL","Storm"],"picked":"Glacier","floor":6},{"not_picked":["Force Field","Barrage"],"picked":"Conserve Battery","floor":8},{"not_picked":["Gash","Stack"],"picked":"Reboot","floor":10},{"not_picked":["Cold Snap","Double Energy+1","Genetic Algorithm+1"],"picked":"Chill+1","floor":14},{"not_picked":["Amplify+1","Multi-Cast+1","Machine Learning"],"picked":"Echo Form","floor":16},{"not_picked":["Steam+1","Chill+1","Rebound"],"picked":"Cold Snap","floor":18},{"not_picked":["Scrape+1","Steam+1","Compile Driver"],"picked":"Hologram+1","floor":19},{"not_picked":["Static Discharge+1","Hello World+1","Hologram+1"],"picked":"Tempest+1","floor":21},{"not_picked":["Stack+1","Sweeping Beam","Genetic Algorithm+1"],"picked":"BootSequence+1","floor":22},{"not_picked":["Compile Driver","Turbo+1","Lockon"],"picked":"Glacier+1","floor":24},{"not_picked":["Conserve Battery+1","Stack+1","Melter"],"picked":"Seek+1","floor":31},{"not_picked":["All For One","Machine Learning","Echo Form"],"picked":"Biased Cognition","floor":33},{"not_picked":["Beam Cell","Leap+1","Cold Snap"],"picked":"Coolheaded+1","floor":35},{"not_picked":["Sweeping Beam","Reprogram+1","Auto Shields+1"],"picked":"Coolheaded+1","floor":37},{"not_picked":["Force Field+1","Rainbow+1","Leap+1"],"picked":"Defragment+1","floor":38},{"not_picked":["Blizzard+1","Cold Snap","Steam+1"],"picked":"Conserve Battery+1","floor":39},{"not_picked":["Sweeping Beam","Auto Shields+1","Ball Lightning"],"picked":"Conserve Battery+1","floor":44},{"not_picked":["Redo+1","Barrage","Steam Power+1"],"picked":"Reboot+1","floor":45},{"not_picked":["Stack+1","Melter+1","Streamline"],"picked":"Tempest+1","floor":46},{"not_picked":["Reinforced Body+1","Amplify+1","Meteor Strike","Lockon"],"picked":"SKIP","floor":54}],"player_experience":1006291,"relics_obtained":[{"floor":6,"key":"Pantograph"},{"floor":8,"key":"Shuriken"},{"floor":9,"key":"Sundial"},{"floor":10,"key":"Question Card"},{"floor":12,"key":"Dodecahedron"},{"floor":20,"key":"The Courier"},{"floor":26,"key":"Mummified Hand"},{"floor":29,"key":"Ginger"},{"floor":38,"key":"FossilizedHelix"},{"floor":41,"key":"Thread and Needle"},{"floor":44,"key":"Mango"},{"floor":48,"key":"Bottled Flame"},{"floor":54,"key":"Bottled Tornado"}],"event_choices":[{"damage_healed":0,"gold_gain":75,"player_choice":"Gather Gold","damage_taken":11,"max_hp_gain":0,"max_hp_loss":0,"event_name":"World of Goop","floor":4,"gold_loss":0},{"damage_healed":0,"gold_gain":0,"player_choice":"Searched \u00271\u0027 times","damage_taken":0,"max_hp_gain":0,"max_hp_loss":0,"event_name":"Dead Adventurer","floor":10,"gold_loss":0},{"damage_healed":0,"gold_gain":0,"player_choice":"Ignored","damage_taken":0,"max_hp_gain":0,"max_hp_loss":0,"event_name":"Vampires","floor":28,"gold_loss":0},{"damage_healed":0,"gold_gain":0,"player_choice":"Fight","damage_taken":0,"max_hp_gain":0,"max_hp_loss":0,"event_name":"Mysterious Sphere","floor":38,"gold_loss":0},{"damage_healed":0,"gold_gain":0,"player_choice":"Fight","damage_taken":0,"max_hp_gain":0,"max_hp_loss":0,"event_name":"MindBloom","floor":41,"gold_loss":0}],"is_beta":false,"boss_relics":[{"not_picked":["Snecko Eye","Eternal Feather"],"picked":"White Beast Statue"},{"not_picked":["Busted Crown","Lizard Tail"],"picked":"Astrolabe"}],"items_purged_floors":[11,30,36],"is_endless":false,"potions_floor_spawned":[5,14,16,18,19,21,22,24,31,33,35,37,38,39,41,44,45,46,54],"ascension_level":0}