{"gold_per_floor":[15,45,45,61,61,61,95,16,16,33,33,58,73,92,92,170,170,185,185,196,18,38,38,50,50,50,50,70,81,100,100],"floor_reached":31,"playtime":1753,"items_purged":["Strike_B"],"score":461,"play_id":"fa30e681-7940-4141-9d32-358c8a3818db","local_time":"20190123110650","is_ascension_mode":true,"campfire_choices":[{"data":"Defragment","floor":6,"key":"SMITH"},{"data":"Streamline","floor":11,"key":"SMITH"},{"data":"Dualcast","floor":15,"key":"SMITH"},{"floor":23,"key":"REST"}],"neow_cost":"NO_GOLD","seed_source_timestamp":181081306579600,"circlet_count":0,"master_deck":["AscendersBane","Strike_B","Strike_B","Defend_B+1","Defend_B","Defend_B+1","Zap+1","Dualcast+1","Cold Snap","Defragment+1","Streamline+1","Leap+1","Core Surge+1","Darkness+1","Turbo+1","Echo Form","Static Discharge+1","Hologram+1","Sunder+1","Discovery+1","Tempest+1","Hologram+1","Defragment","Go for the Eyes+1","Seek+1"],"relics":["Cracked Core","Tiny Chest","Matryoshka","War Paint","Toxic Egg 2","Molten Egg 2","Strawberry","Velvet Choker","Lantern","Singing Bowl"],"potions_floor_usage":[29,31,31],"damage_taken":[{"damage":14,"enemies":"Jaw Worm","floor":1,"turns":3},{"damage":4,"enemies":"Small Slimes","floor":4,"turns":3},{"damage":9,"enemies":"Lagavulin","floor":7,"turns":6},{"damage":0,"enemies":"2 Louse","floor":10,"turns":2},{"damage":8,"enemies":"Gremlin Nob","floor":12,"turns":4},{"damage":0,"enemies":"2 Fungi Beasts","floor":13,"turns":2},{"damage":9,"enemies":"Lots of Slimes","floor":14,"turns":4},{"damage":15,"enemies":"Hexaghost","floor":16,"turns":8},{"damage":23,"enemies":"2 Thieves","floor":18,"turns":4},{"damage":14,"enemies":"Shell Parasite","floor":20,"turns":4},{"damage":0,"enemies":"Cultist and Chosen","floor":22,"turns":5},{"damage":18,"enemies":"Centurion and Healer","floor":24,"turns":3},{"damage":7,"enemies":"Sentry and Sphere","floor":28,"turns":4},{"damage":18,"enemies":"Shelled Parasite and Fungi","floor":29,"turns":16},{"damage":0,"enemies":"3 Cultists","floor":30,"turns":2},{"damage":6,"enemies":"Centurion and Healer","floor":31,"turns":2}],"seed_played":"2795499691840539830","potions_obtained":[{"floor":12,"key":"PowerPotion"},{"floor":13,"key":"Dexterity Potion"},{"floor":29,"key":"SpeedPotion"}],"is_trial":false,"path_per_floor":["M","?","?","M","?","R","E","?","T","M","R","E","M","M","R","B",null,"M","?","M","$","M","R","M","$","T","?","M","M","M","M"],"character_chosen":"DEFECT","items_purchased":["Discovery+1"],"campfire_rested":1,"item_purchase_floors":[21],"current_hp_per_floor":[50,45,45,41,41,41,32,32,32,32,32,31,31,22,22,7,60,37,37,23,23,23,46,28,28,28,28,21,3,3,0],"gold":100,"neow_bonus":"REMOVE_TWO","is_prod":false,"is_daily":false,"chose_seed":false,"campfire_upgraded":3,"win_rate":0,"timestamp":1548234410,"path_taken":["M","?","?","M","?","R","E","?","T","M","R","E","?","M","R","BOSS","M","?","M","$","M","R","M","$","T","?","M","M","M","?"],"build_version":"2019-01-17v2","purchased_purges":1,"victory":false,"max_hp_per_floor":[71,71,71,71,71,71,71,71,71,71,71,78,78,78,78,78,78,78,78,78,78,78,78,78,78,78,78,78,78,78,78],"card_choices":[{"not_picked":["Barrage","Stack"],"picked":"Cold Snap","floor":1},{"not_picked":["FTL","Ball Lightning"],"picked":"Defragment","floor":4},{"not_picked":["Reinforced Body","Rainbow"],"picked":"Streamline","floor":7},{"not_picked":["Barrage+1","Rebound+1"],"picked":"Leap+1","floor":10},{"not_picked":["Leap+1","Ball Lightning+1"],"picked":"Core Surge+1","floor":12},{"not_picked":["Stack+1","Barrage+1"],"picked":"Darkness+1","floor":13},{"not_picked":["All For One+1","Stack+1"],"picked":"Turbo+1","floor":14},{"not_picked":["Seek+1","Multi-Cast+1"],"picked":"Echo Form","floor":16},{"not_picked":["Scrape+1","Gash+1"],"picked":"Static Discharge","floor":18},{"not_picked":["White Noise+1","Go for the Eyes+1"],"picked":"Sunder+1","floor":20},{"not_picked":["Conserve Battery+1","Redo+1"],"picked":"Tempest+1","floor":22},{"not_picked":["Fusion+1","Coolheaded+1"],"picked":"Hologram+1","floor":24},{"not_picked":["Fusion+1","Redo+1"],"picked":"Defragment","floor":28},{"not_picked":["Compile Driver+1","Darkness+1"],"picked":"Go for the Eyes+1","floor":29},{"not_picked":["Genetic Algorithm+1","Double Energy+1"],"picked":"Seek+1","floor":30}],"player_experience":839080,"relics_obtained":[{"floor":7,"key":"Matryoshka"},{"floor":9,"key":"Toxic Egg 2"},{"floor":9,"key":"Molten Egg 2"},{"floor":12,"key":"Strawberry"},{"floor":26,"key":"Lantern"},{"floor":26,"key":"Singing Bowl"}],"event_choices":[{"damage_healed":0,"gold_gain":0,"player_choice":"Success","damage_taken":5,"relics_obtained":["Tiny Chest"],"max_hp_gain":0,"max_hp_loss":0,"event_name":"Scrap Ooze","floor":2,"gold_loss":0},{"damage_healed":0,"gold_gain":0,"player_choice":"Grow","damage_taken":0,"max_hp_gain":0,"max_hp_loss":0,"event_name":"Living Wall","floor":3,"gold_loss":0,"cards_upgraded":["Zap"]},{"damage_healed":0,"gold_gain":0,"player_choice":"Ignored","damage_taken":0,"max_hp_gain":0,"max_hp_loss":0,"event_name":"Liars Game","floor":5,"gold_loss":0},{"damage_healed":0,"gold_gain":0,"player_choice":"Paid Gold","damage_taken":0,"relics_obtained":["War Paint"],"max_hp_gain":0,"max_hp_loss":0,"event_name":"WeMeetAgain","floor":8,"gold_loss":79},{"damage_healed":0,"gold_gain":0,"player_choice":"Read","damage_taken":0,"max_hp_gain":0,"max_hp_loss":0,"event_name":"The Library","floor":19,"gold_loss":0,"cards_obtained":["Hologram"]},{"damage_healed":0,"gold_gain":0,"player_choice":"Upgraded","damage_taken":0,"max_hp_gain":0,"max_hp_loss":0,"event_name":"Upgrade Shrine","floor":27,"gold_loss":0,"cards_upgraded":["Static Discharge"]}],"is_beta":false,"boss_relics":[{"not_picked":["Empty Cage","Lizard Tail"],"picked":"Velvet Choker"}],"items_purged_floors":[21],"is_endless":false,"potions_floor_spawned":[12,13,16,24,28,29],"killed_by":"Centurion and Healer","ascension_level":17}