{"gold_per_floor":[116,131,48,60,77,107,107,434,434,453,464,464,528,560,560,560],"floor_reached":16,"playtime":687,"items_purged":[],"score":244,"play_id":"beaf5b49-fad6-48d4-9be1-e632aaed62e9","local_time":"20190611103306","is_ascension_mode":true,"campfire_choices":[{"floor":7,"key":"REST"},{"floor":12,"key":"REST"},{"floor":15,"key":"REST"}],"neow_cost":"NONE","seed_source_timestamp":333521967912400,"circlet_count":0,"master_deck":["AscendersBane","Defend_G","Defend_G","Defend_G","Defend_G","Defend_G","Strike_G","Strike_G","Strike_G","Strike_G","Strike_G","Survivor","Neutralize","Noxious Fumes","Flying Knee","Footwork","Noxious Fumes","Caltrops","Skewer","Footwork","Dodge and Roll","Poisoned Stab"],"special_seed":0,"relics":["Ring of the Snake","NeowsBlessing","Sundial","Old Coin","Frozen Egg 2","Juzu Bracelet"],"potions_floor_usage":[6,13,13,16],"damage_taken":[{"damage":0,"enemies":"2 Louse","floor":1,"turns":1},{"damage":0,"enemies":"Jaw Worm","floor":2,"turns":1},{"damage":0,"enemies":"Cultist","floor":4,"turns":1},{"damage":0,"enemies":"Looter","floor":5,"turns":5},{"damage":42,"enemies":"Gremlin Nob","floor":6,"turns":5},{"damage":8,"enemies":"Lagavulin","floor":8,"turns":8},{"damage":13,"enemies":"Large Slime","floor":10,"turns":7},{"damage":6,"enemies":"2 Fungi Beasts","floor":11,"turns":5},{"damage":7,"enemies":"Gremlin Nob","floor":13,"turns":4},{"damage":14,"enemies":"3 Sentries","floor":14,"turns":7},{"damage":27,"enemies":"Hexaghost","floor":16,"turns":9}],"seed_played":"-1563336879972540444","potions_obtained":[{"floor":2,"key":"Energy Potion"},{"floor":4,"key":"FearPotion"},{"floor":6,"key":"SkillPotion"},{"floor":14,"key":"Block Potion"}],"is_trial":false,"path_per_floor":["M","M","$","M","M","E","R","E","T","M","M","R","?","E","R","B"],"character_chosen":"THE_SILENT","items_purchased":["Footwork"],"campfire_rested":3,"item_purchase_floors":[3],"current_hp_per_floor":[59,59,59,59,59,17,36,28,28,15,9,28,21,7,26,0],"gold":560,"neow_bonus":"THREE_ENEMY_KILL","is_prod":false,"is_daily":false,"chose_seed":false,"campfire_upgraded":0,"win_rate":0,"timestamp":1560238386,"path_taken":["M","M","$","M","M","E","R","E","T","M","M","R","?","E","R","BOSS"],"build_version":"2019-01-23","purchased_purges":0,"victory":false,"max_hp_per_floor":[66,66,66,66,66,66,66,66,66,66,66,66,66,66,66,66],"card_choices":[{"not_picked":["Backflip","Outmaneuver"],"picked":"Noxious Fumes","floor":1},{"not_picked":["Deflect","Envenom"],"picked":"Flying Knee","floor":2},{"not_picked":["Terror","Underhanded Strike"],"picked":"Noxious Fumes","floor":4},{"not_picked":["Predator","Terror"],"picked":"Caltrops","floor":5},{"not_picked":["Calculated Gamble","PiercingWail"],"picked":"Skewer","floor":6},{"not_picked":["Dodge and Roll","Underhanded Strike"],"picked":"Footwork","floor":8},{"not_picked":["PiercingWail","Quick Slash"],"picked":"Dodge and Roll","floor":10},{"not_picked":["Acrobatics","Bane","Infinite Blades"],"picked":"SKIP","floor":11},{"not_picked":["Endless Agony","Blade Dance"],"picked":"Poisoned Stab","floor":13},{"not_picked":["Outmaneuver","Poisoned Stab","Finisher"],"picked":"SKIP","floor":14}],"player_experience":1081494,"relics_obtained":[{"floor":6,"key":"Sundial"},{"floor":8,"key":"Old Coin"},{"floor":13,"key":"Frozen Egg 2"},{"floor":14,"key":"Juzu Bracelet"}],"event_choices":[{"damage_healed":0,"gold_gain":0,"player_choice":"Searched \u00271\u0027 times","damage_taken":0,"max_hp_gain":0,"max_hp_loss":0,"event_name":"Dead Adventurer","floor":13,"gold_loss":0}],"is_beta":false,"boss_relics":[],"items_purged_floors":[],"is_endless":false,"potions_floor_spawned":[2,4,6,10,11,14],"killed_by":"Hexaghost","ascension_level":20}