{"gold_per_floor":[116,116,266,283,298,298,223,223,247,247,266,266,166,216,216,288,288,304,179,29,29,0],"floor_reached":22,"playtime":553,"items_purged":["Doubt","Strike_B","Strike_B","Strike_B"],"score":315,"play_id":"33d1c493-9a82-4d24-af5e-17f3a24c33ab","local_time":"20190102205819","is_ascension_mode":true,"campfire_choices":[{"data":"Biased Cognition","floor":6,"key":"SMITH"},{"data":"Hologram","floor":8,"key":"SMITH"},{"data":"Creative AI","floor":15,"key":"SMITH"}],"neow_cost":"NONE","seed_source_timestamp":1396581452189814,"circlet_count":0,"master_deck":["AscendersBane","Strike_B","Defend_B","Defend_B","Defend_B","Zap+1","Dualcast+1","Biased Cognition+1","Hologram+1","Undo","Creative AI+1","Echo Form","Ball Lightning"],"relics":["Cracked Core","DataDisk","Eternal Feather"],"potions_floor_usage":[16,16],"damage_taken":[{"damage":4,"enemies":"Jaw Worm","floor":1,"turns":4},{"damage":0,"enemies":"2 Louse","floor":4,"turns":3},{"damage":0,"enemies":"Cultist","floor":5,"turns":3},{"damage":0,"enemies":"Large Slime","floor":11,"turns":4},{"damage":21,"enemies":"The Guardian","floor":16,"turns":9},{"damage":59,"enemies":"Shell Parasite","floor":18,"turns":6},{"damage":4,"enemies":"2 Thieves","floor":22,"turns":1}],"seed_played":"-6465950551355575764","potions_obtained":[{"floor":4,"key":"Regen Potion"},{"floor":5,"key":"SkillPotion"}],"is_trial":false,"path_per_floor":["M","?","?","M","M","R","$","R","T","?","M","?","$","?","R","B",null,"M","$","$","?","M"],"character_chosen":"DEFECT","items_purchased":[],"campfire_rested":0,"item_purchase_floors":[],"current_hp_per_floor":[60,39,39,39,39,39,39,39,39,39,39,39,39,32,32,26,60,1,1,1,1,0],"gold":0,"neow_bonus":"ONE_RANDOM_RARE_CARD","is_prod":false,"is_daily":false,"chose_seed":false,"campfire_upgraded":3,"win_rate":0,"timestamp":1546430299,"path_taken":["M","?","?","M","M","R","$","R","T","?","?","?","?","?","R","BOSS","M","?","$","?","?"],"build_version":"2018-12-20","purchased_purges":4,"victory":false,"max_hp_per_floor":[71,71,71,71,71,71,71,71,71,71,71,71,71,71,71,71,71,71,71,71,71,71],"card_choices":[{"not_picked":["Leap","Blizzard"],"picked":"Hologram","floor":1},{"not_picked":["Turbo","Compile Driver"],"picked":"Undo","floor":4},{"not_picked":["Force Field","Storm","Turbo"],"picked":"SKIP","floor":5},{"not_picked":["Go for the Eyes","Stack","Barrage"],"picked":"SKIP","floor":11},{"not_picked":["Machine Learning","Rainbow"],"picked":"Echo Form","floor":16},{"not_picked":["Sunder","Go for the Eyes"],"picked":"Ball Lightning","floor":18}],"player_experience":715631,"relics_obtained":[{"floor":9,"key":"DataDisk"}],"event_choices":[{"damage_healed":0,"gold_gain":0,"player_choice":"Entered Light","damage_taken":21,"max_hp_gain":0,"max_hp_loss":0,"event_name":"Shining Light","floor":2,"gold_loss":0,"cards_upgraded":["Zap","Dualcast"]},{"damage_healed":0,"gold_gain":150,"player_choice":"AGREE","damage_taken":0,"max_hp_gain":0,"max_hp_loss":0,"event_name":"Liars Game","floor":3,"gold_loss":0,"cards_obtained":["Doubt"]},{"damage_healed":0,"gold_gain":0,"player_choice":"1 cards matched","damage_taken":0,"max_hp_gain":0,"max_hp_loss":0,"event_name":"Match and Keep!","floor":10,"gold_loss":0,"cards_obtained":["Creative AI"]},{"damage_healed":0,"gold_gain":0,"player_choice":"Searched \u00270\u0027 times","damage_taken":0,"max_hp_gain":0,"max_hp_loss":0,"event_name":"Dead Adventurer","floor":12,"gold_loss":0},{"damage_healed":0,"gold_gain":50,"player_choice":"Touch","damage_taken":7,"max_hp_gain":0,"max_hp_loss":0,"event_name":"FaceTrader","floor":14,"gold_loss":0},{"cards_removed":["Defend_B"],"damage_healed":0,"gold_gain":0,"player_choice":"Purged","damage_taken":0,"max_hp_gain":0,"max_hp_loss":0,"event_name":"Purifier","floor":21,"gold_loss":0}],"is_beta":false,"boss_relics":[{"not_picked":["FrozenCore","Ectoplasm"],"picked":"Eternal Feather"}],"items_purged_floors":[7,13,19,20],"is_endless":false,"potions_floor_spawned":[4,5,11],"killed_by":"2 Thieves","ascension_level":17}