{"gold_per_floor":[118,43,43,6,25,57,57,57,57,85,141,212,54,54],"floor_reached":14,"playtime":373,"items_purged":["Shame"],"score":188,"play_id":"0f962e09-f78e-40a5-8d37-f501a386f877","local_time":"20190607184123","is_ascension_mode":true,"campfire_choices":[{"floor":7,"key":"REST"}],"neow_cost":"CURSE","seed_source_timestamp":17537284676300,"circlet_count":0,"master_deck":["AscendersBane","Defend_G","Defend_G","Defend_G","Defend_G","Defend_G","Strike_G+1","Strike_G","Strike_G","Strike_G","Strike_G+1","Survivor","Neutralize","Footwork","Dash","Corpse Explosion","Malaise"],"relics":["Ring of the Snake","Incense Burner","Juzu Bracelet","Vajra","Boot","Tiny Chest"],"potions_floor_usage":[6],"damage_taken":[{"damage":0,"enemies":"2 Louse","floor":1,"turns":4},{"damage":0,"enemies":"Jaw Worm","floor":5,"turns":6},{"damage":21,"enemies":"Gremlin Nob","floor":6,"turns":5},{"damage":10,"enemies":"Lagavulin","floor":10,"turns":10},{"damage":4,"enemies":"Small Slimes","floor":14,"turns":1}],"seed_played":"-2965768752866271454","potions_obtained":[{"floor":5,"key":"Ancient Potion"}],"is_trial":false,"path_per_floor":["M","$","?","?","M","E","R","?","T","E","T","?","$","M"],"character_chosen":"THE_SILENT","items_purchased":["Malaise"],"campfire_rested":1,"item_purchase_floors":[13],"current_hp_per_floor":[59,59,39,39,39,18,37,11,11,1,1,1,1,0],"gold":54,"neow_bonus":"ONE_RARE_RELIC","is_prod":false,"is_daily":false,"chose_seed":false,"campfire_upgraded":0,"win_rate":0,"timestamp":1559922083,"path_taken":["M","$","?","?","M","E","R","?","T","E","?","?","?","M"],"build_version":"2019-01-23","purchased_purges":1,"victory":false,"max_hp_per_floor":[66,66,66,66,66,66,66,66,66,66,66,66,66,66],"card_choices":[{"not_picked":["Underhanded Strike","Blade Dance"],"picked":"Footwork","floor":1},{"not_picked":["Cloak And Dagger","Backflip"],"picked":"Dash","floor":5},{"not_picked":["Quick Slash","PiercingWail"],"picked":"Corpse Explosion","floor":6},{"not_picked":["Riddle With Holes","Predator","Setup"],"picked":"SKIP","floor":10}],"player_experience":1063944,"relics_obtained":[{"floor":9,"key":"Vajra"},{"floor":10,"key":"Boot"},{"floor":11,"key":"Tiny Chest"}],"event_choices":[{"damage_healed":0,"gold_gain":0,"player_choice":"Entered Light","damage_taken":20,"max_hp_gain":0,"max_hp_loss":0,"event_name":"Shining Light","floor":3,"gold_loss":0,"cards_upgraded":["Strike_G","Strike_G"]},{"damage_healed":0,"gold_gain":0,"player_choice":"Left Gold","damage_taken":0,"max_hp_gain":0,"max_hp_loss":0,"event_name":"World of Goop","floor":4,"gold_loss":37},{"damage_healed":0,"gold_gain":0,"player_choice":"Success","damage_taken":26,"relics_obtained":["Juzu Bracelet"],"max_hp_gain":0,"max_hp_loss":0,"event_name":"Scrap Ooze","floor":8,"gold_loss":0},{"damage_healed":0,"gold_gain":71,"player_choice":"Gained Gold","damage_taken":0,"max_hp_gain":0,"max_hp_loss":0,"event_name":"Golden Wing","floor":12,"gold_loss":0}],"is_beta":false,"boss_relics":[],"items_purged_floors":[2],"is_endless":false,"potions_floor_spawned":[5],"killed_by":"Small Slimes","ascension_level":20}