{"gold_per_floor":[116,266,266,191,203,219,219,238,311,311,311,131,157,173,173,245,245,258,271,271,283,298,298],"floor_reached":23,"playtime":1108,"items_purged":["Doubt","Defend_B"],"score":357,"play_id":"a69fd742-ba26-4a42-a320-0751c8fcbb54","local_time":"20190109203013","is_ascension_mode":true,"campfire_choices":[{"data":"Zap","floor":7,"key":"SMITH"},{"data":"Consume","floor":10,"key":"SMITH"},{"data":"Loop","floor":15,"key":"SMITH"}],"neow_cost":"NONE","seed_source_timestamp":1999136308313267,"circlet_count":0,"master_deck":["AscendersBane","Strike_B","Strike_B","Defend_B","Defend_B","Defend_B","Zap+1","Dualcast","Consume+1","Cold Snap","Coolheaded","Cold Snap","Loop+1","Coolheaded","Coolheaded","Fission","Self Repair+1","Conserve Battery","Glacier","Defragment"],"relics":["Cracked Core","NeowsBlessing","Gremlin Horn","Potion Belt","Inserter"],"potions_floor_usage":[13,13,13,19,19,22,22],"damage_taken":[{"damage":0,"enemies":"Small Slimes","floor":1,"turns":1},{"damage":0,"enemies":"2 Louse","floor":5,"turns":2},{"damage":0,"enemies":"Jaw Worm","floor":6,"turns":1},{"damage":2,"enemies":"Red Slaver","floor":8,"turns":3},{"damage":14,"enemies":"Gremlin Nob","floor":13,"turns":3},{"damage":8,"enemies":"2 Fungi Beasts","floor":14,"turns":4},{"damage":21,"enemies":"The Guardian","floor":16,"turns":16},{"damage":13,"enemies":"Spheric Guardian","floor":18,"turns":6},{"damage":17,"enemies":"Chosen","floor":19,"turns":8},{"damage":14,"enemies":"3 Cultists","floor":21,"turns":8},{"damage":13,"enemies":"Shelled Parasite and Fungi","floor":22,"turns":7},{"damage":37,"enemies":"Gremlin Leader","floor":23,"turns":2}],"seed_played":"1744426603194441705","potions_obtained":[{"floor":1,"key":"AttackPotion"},{"floor":6,"key":"EntropicBrew"},{"floor":13,"key":"Strength Potion"},{"floor":14,"key":"LiquidBronze"},{"floor":19,"key":"Block Potion"}],"is_trial":false,"path_per_floor":["M","?","?","$","M","M","R","M","T","R","?","$","E","M","R","B",null,"M","M","?","M","M","E"],"character_chosen":"DEFECT","items_purchased":["Loop"],"campfire_rested":0,"item_purchase_floors":[12],"current_hp_per_floor":[64,64,64,64,64,64,64,62,62,62,55,55,41,33,33,12,56,43,36,36,32,29,0],"gold":298,"neow_bonus":"THREE_ENEMY_KILL","is_prod":false,"is_daily":false,"chose_seed":false,"campfire_upgraded":3,"win_rate":0,"timestamp":1547033413,"path_taken":["M","?","?","?","M","?","R","M","T","R","?","$","E","M","R","BOSS","M","M","?","M","M","E"],"build_version":"2019-01-03v4","purchased_purges":2,"victory":false,"max_hp_per_floor":[71,71,71,71,71,71,71,71,71,71,71,71,71,71,71,71,71,71,71,71,71,71,71],"card_choices":[{"not_picked":["Fusion","Steam","Gash"],"picked":"SKIP","floor":1},{"not_picked":["Go for the Eyes","Steam Power"],"picked":"Cold Snap","floor":5},{"not_picked":["Sweeping Beam","Reprogram"],"picked":"Coolheaded","floor":6},{"not_picked":["Reprogram","Storm"],"picked":"Cold Snap","floor":8},{"not_picked":["Aggregate","Rip and Tear"],"picked":"Coolheaded","floor":13},{"not_picked":["Stack","Rebound"],"picked":"Coolheaded","floor":14},{"not_picked":["Hyperbeam","Multi-Cast"],"picked":"Fission","floor":16},{"not_picked":["Gash","Conserve Battery"],"picked":"Self Repair+1","floor":18},{"not_picked":["Barrage","Beam Cell"],"picked":"Conserve Battery","floor":19},{"not_picked":["Rebound","Chaos+1","Redo"],"picked":"SKIP","floor":21},{"not_picked":["Go for the Eyes","Sunder"],"picked":"Defragment","floor":22}],"player_experience":799675,"relics_obtained":[{"floor":9,"key":"Gremlin Horn"},{"floor":13,"key":"Potion Belt"}],"event_choices":[{"damage_healed":0,"gold_gain":150,"player_choice":"AGREE","damage_taken":0,"max_hp_gain":0,"max_hp_loss":0,"event_name":"Liars Game","floor":2,"gold_loss":0,"cards_obtained":["Doubt"]},{"damage_healed":0,"gold_gain":0,"cards_transformed":["Strike_B"],"player_choice":"Change","damage_taken":0,"max_hp_gain":0,"max_hp_loss":0,"event_name":"Living Wall","floor":3,"gold_loss":0,"cards_obtained":["Consume"]},{"cards_removed":["Strike_B"],"damage_healed":0,"gold_gain":0,"player_choice":"Card Removal","damage_taken":7,"max_hp_gain":0,"max_hp_loss":0,"event_name":"Golden Wing","floor":11,"gold_loss":0},{"damage_healed":0,"gold_gain":0,"player_choice":"Read","damage_taken":0,"max_hp_gain":0,"max_hp_loss":0,"event_name":"The Library","floor":20,"gold_loss":0,"cards_obtained":["Glacier"]}],"is_beta":false,"boss_relics":[{"not_picked":["Cursed Key","Orrery"],"picked":"Inserter"}],"items_purged_floors":[4,12],"is_endless":false,"potions_floor_spawned":[1,6,13,14,19],"killed_by":"Gremlin Leader","ascension_level":17}