{"gold_per_floor":[113,113,130,140,29,64,64,12,62,62,62,73,108,118,118,189,189,208,238,198],"floor_reached":20,"playtime":949,"items_purged":[],"score":364,"play_id":"f013d15d-0e70-4a34-a476-193a51d18149","local_time":"20190607185830","is_ascension_mode":true,"campfire_choices":[{"data":"Well Laid Plans","floor":7.0,"key":"SMITH"},{"data":"Neutralize","floor":11.0,"key":"SMITH"},{"data":"Footwork","floor":15.0,"key":"SMITH"}],"neow_cost":"NONE","seed_source_timestamp":17924432887500,"circlet_count":0,"master_deck":["AscendersBane","Defend_G","Defend_G","Defend_G","Defend_G+1","Defend_G","Strike_G","Strike_G","Strike_G","Strike_G","Survivor","Neutralize+1","Cloak And Dagger","Bullet Time","Dagger Spray","Quick Slash","Footwork+1","Choke","Well Laid Plans+1","Deadly Poison","Corpse Explosion","Predator","Dash","Adrenaline+1","Pain","Regret","Regret","Acrobatics"],"special_seed":0,"relics":["Ring of the Snake","NeowsBlessing","Juzu Bracelet","Happy Flower","Shuriken","Calling Bell","Paper Crane","The Specimen","War Paint","Red Mask"],"potions_floor_usage":[],"damage_taken":[{"damage":0.0,"enemies":"Small Slimes","floor":1.0,"turns":1.0},{"damage":0.0,"enemies":"Cultist","floor":3.0,"turns":1.0},{"damage":0.0,"enemies":"Jaw Worm","floor":4.0,"turns":1.0},{"damage":35.0,"enemies":"3 Sentries","floor":6.0,"turns":11.0},{"damage":1.0,"enemies":"Looter","floor":12.0,"turns":3.0},{"damage":1.0,"enemies":"Lagavulin","floor":13.0,"turns":7.0},{"damage":3.0,"enemies":"Blue Slaver","floor":14.0,"turns":5.0},{"damage":36.0,"enemies":"The Guardian","floor":16.0,"turns":8.0},{"damage":47.0,"enemies":"Spheric Guardian","floor":18.0,"turns":7.0},{"damage":2.0,"enemies":"Masked Bandits","floor":19.0,"turns":2.0},{"damage":5,"enemies":"2 Thieves","floor":20,"turns":2}],"seed_played":"7649569867121092665","potions_obtained":[{"floor":4.0,"key":"Ancient Potion"},{"floor":6.0,"key":"Strength Potion"},{"floor":12.0,"key":"Dexterity Potion"}],"is_trial":false,"path_per_floor":["M","?","M","M","$","E","R","$","T","?","R","M","E","M","R","B",null,"M","?","M"],"character_chosen":"THE_SILENT","items_purchased":["Footwork","Choke","Deadly Poison"],"campfire_rested":0,"item_purchase_floors":[5,5,8],"current_hp_per_floor":[59,59,59,59,59,24,24,24,24,46,46,45,44,41,41,5,51,4,2,0],"gold":198,"neow_bonus":"THREE_ENEMY_KILL","is_prod":false,"is_daily":false,"chose_seed":false,"campfire_upgraded":3,"win_rate":0,"timestamp":1559923110,"path_taken":["M","?","?","?","?","E","R","$","T","?","R","M","E","M","R","BOSS","M","?","M"],"build_version":"2019-01-23","purchased_purges":0,"victory":false,"max_hp_per_floor":[66,66,66,66,66,66,66,66,66,66,66,66,66,66,66,66,66,66,66,66],"card_choices":[{"not_picked":["Slice","Sucker Punch"],"picked":"Cloak And Dagger","floor":1.0},{"not_picked":["Outmaneuver","Deadly Poison"],"picked":"Dagger Spray","floor":3.0},{"not_picked":["Concentrate","Poisoned Stab"],"picked":"Quick Slash","floor":4.0},{"not_picked":["Infinite Blades","Outmaneuver"],"picked":"Well Laid Plans","floor":6.0},{"not_picked":["Expertise","Caltrops"],"picked":"Corpse Explosion","floor":12.0},{"not_picked":["Blur","Accuracy"],"picked":"Predator","floor":13.0},{"not_picked":["Deflect","Outmaneuver"],"picked":"Dash","floor":14.0},{"not_picked":["Bullet Time","Phantasmal Killer"],"picked":"Adrenaline","floor":16.0},{"not_picked":["Setup","Deflect"],"picked":"Acrobatics","floor":18.0}],"player_experience":1064317,"relics_obtained":[{"floor":6.0,"key":"Juzu Bracelet"},{"floor":9.0,"key":"Happy Flower"},{"floor":13.0,"key":"Shuriken"},{"floor":17.0,"key":"Paper Crane"},{"floor":17.0,"key":"The Specimen"},{"floor":17.0,"key":"War Paint"},{"floor":19.0,"key":"Red Mask"}],"event_choices":[{"damage_healed":0.0,"max_hp_gain":0.0,"max_hp_loss":0.0,"gold_gain":0.0,"cards_transformed":["Strike_G"],"event_name":"Transmorgrifier","player_choice":"Transformed","floor":2.0,"gold_loss":0.0,"damage_taken":0.0,"cards_obtained":["Bullet Time"]},{"damage_healed":22.0,"max_hp_gain":0.0,"max_hp_loss":0.0,"gold_gain":0.0,"event_name":"Big Fish","player_choice":"Banana","floor":10.0,"gold_loss":0.0,"damage_taken":0.0},{"damage_healed":0.0,"max_hp_gain":0.0,"max_hp_loss":0.0,"gold_gain":0.0,"event_name":"Masked Bandits","player_choice":"Fought Bandits","floor":19.0,"gold_loss":0.0,"damage_taken":0.0}],"is_beta":false,"boss_relics":[{"not_picked":["HoveringKite","Velvet Choker"],"picked":"Calling Bell"}],"items_purged_floors":[],"is_endless":false,"potions_floor_spawned":[4,6,12,13],"killed_by":"2 Thieves","ascension_level":20}