{"gold_per_floor":[12,26,46,46,59,59,59,6,6,6],"floor_reached":10,"playtime":723,"items_purged":[],"score":107,"play_id":"68f0b3a5-ba0e-4327-a48a-56e076ee07b3","local_time":"20190112145016","is_ascension_mode":true,"campfire_choices":[{"data":"After Image","floor":6,"key":"SMITH"}],"neow_cost":"NO_GOLD","seed_source_timestamp":273531249346799,"circlet_count":0,"master_deck":["AscendersBane","Defend_G","Defend_G+1","Defend_G","Defend_G","Defend_G","Strike_G","Strike_G","Strike_G","Strike_G","Strike_G","Survivor","Neutralize","After Image+1","Backflip","PiercingWail","Cloak And Dagger","Flying Knee+1"],"relics":["Ring of the Snake","Letter Opener","Bottled Tornado"],"potions_floor_usage":[],"damage_taken":[{"damage":0,"enemies":"Cultist","floor":1,"turns":4},{"damage":0,"enemies":"Small Slimes","floor":2,"turns":6},{"damage":1,"enemies":"Jaw Worm","floor":3,"turns":6},{"damage":20,"enemies":"Gremlin Gang","floor":5,"turns":8},{"damage":20,"enemies":"Lagavulin","floor":10,"turns":9}],"seed_played":"-7920895696632726644","potions_obtained":[{"floor":3,"key":"Ancient Potion"}],"is_trial":false,"path_per_floor":["M","M","M","T","M","R","?","$","T","E"],"character_chosen":"THE_SILENT","items_purchased":["Fire Potion"],"campfire_rested":0,"item_purchase_floors":[8],"current_hp_per_floor":[59,59,58,58,38,38,18,18,18,0],"gold":6,"neow_bonus":"THREE_RARE_CARDS","is_prod":false,"is_daily":false,"chose_seed":false,"campfire_upgraded":1,"win_rate":0,"timestamp":1547297416,"path_taken":["M","?","M","?","M","R","?","$","T","E"],"build_version":"2019-01-10","purchased_purges":0,"victory":false,"max_hp_per_floor":[66,66,66,66,66,66,66,66,66,66],"card_choices":[{"not_picked":["Die Die Die","Adrenaline"],"picked":"After Image","floor":0},{"not_picked":["Deflect","Reflex"],"picked":"Backflip","floor":1},{"not_picked":["Choke","Endless Agony"],"picked":"PiercingWail","floor":2},{"not_picked":["Dash","Heel Hook"],"picked":"Cloak And Dagger","floor":3},{"not_picked":["Poisoned Stab","Phantasmal Killer"],"picked":"Flying Knee","floor":5}],"player_experience":817171,"relics_obtained":[{"floor":4,"key":"Letter Opener"},{"floor":9,"key":"Bottled Tornado"}],"event_choices":[{"damage_healed":0,"gold_gain":0,"player_choice":"Entered Light","damage_taken":20,"max_hp_gain":0,"max_hp_loss":0,"event_name":"Shining Light","floor":7,"gold_loss":0,"cards_upgraded":["Defend_G","Flying Knee"]}],"is_beta":false,"boss_relics":[],"items_purged_floors":[],"is_endless":false,"potions_floor_spawned":[3],"killed_by":"Lagavulin","ascension_level":17}