{"gold_per_floor":[117,135,210,210,53,96,96,136,136,136,154,75,75,90,90,181,181,197,241,241,254,47,47,86,86,86,106,120,120,120],"floor_reached":30,"playtime":1167,"items_purged":["Parasite","Strike_R"],"score":712,"play_id":"5cb04638-93a8-478c-8f23-134129d6b8ec","local_time":"20190628224152","is_ascension_mode":true,"campfire_choices":[{"data":"Bash","floor":7,"key":"SMITH"},{"floor":10,"key":"REST"},{"data":"Flame Barrier","floor":13,"key":"SMITH"},{"data":"Spot Weakness","floor":15,"key":"SMITH"},{"data":"Fiend Fire","floor":23,"key":"SMITH"},{"floor":25,"key":"REST"},{"data":"Battle Trance","floor":29,"key":"SMITH"}],"neow_cost":"CURSE","seed_source_timestamp":535733197647371,"circlet_count":0,"master_deck":["AscendersBane","Strike_R","Defend_R","Defend_R","Defend_R","Defend_R","Bash+1","Iron Wave","Spot Weakness+1","Headbutt","Thunderclap","Fiend Fire+1","Flame Barrier+1","Reaper","Armaments+1","Sever Soul+1","Shockwave+1","Shrug It Off","Battle Trance+1","Shrug It Off"],"special_seed":0,"relics":["Burning Blood","WingedGreaves","Golden Idol","Shuriken","Ice Cream","Happy Flower","Astrolabe","Red Mask","Sundial","Frozen Egg 2"],"potions_floor_usage":[6,19,27,30],"damage_taken":[{"damage":1,"enemies":"Cultist","floor":1,"turns":3},{"damage":2,"enemies":"2 Louse","floor":2,"turns":4},{"damage":8,"enemies":"Gremlin Nob","floor":6,"turns":3},{"damage":30,"enemies":"Lagavulin","floor":8,"turns":7},{"damage":7,"enemies":"Jaw Worm","floor":11,"turns":2},{"damage":3,"enemies":"Lots of Slimes","floor":14,"turns":3},{"damage":31,"enemies":"Hexaghost","floor":16,"turns":9},{"damage":3,"enemies":"3 Byrds","floor":18,"turns":5},{"damage":16,"enemies":"Masked Bandits","floor":19,"turns":6},{"damage":22,"enemies":"Spheric Guardian","floor":21,"turns":4},{"damage":41,"enemies":"Slavers","floor":24,"turns":9},{"damage":9,"enemies":"Snecko","floor":27,"turns":5},{"damage":11,"enemies":"Chosen and Byrds","floor":28,"turns":7},{"damage":55,"enemies":"Gremlin Leader","floor":30,"turns":4}],"seed_played":"-5633031735314197275","potions_obtained":[{"floor":8,"key":"SkillPotion"},{"floor":11,"key":"Block Potion"},{"floor":16,"key":"SteroidPotion"},{"floor":24,"key":"Ancient Potion"},{"floor":27,"key":"SkillPotion"},{"floor":28,"key":"Regen Potion"}],"is_trial":false,"path_per_floor":["M","M","?","?","$","E","R","E","T","R","M","$","R","M","R","B",null,"M","?","?","M","$","R","E","R","T","M","M","R","E"],"character_chosen":"IRONCLAD","items_purchased":["Headbutt","SteroidPotion","Flame Barrier","Battle Trance","Shrug It Off"],"campfire_rested":2,"item_purchase_floors":[5,5,12,22,22],"current_hp_per_floor":[73,75,64,38,38,36,36,12,12,33,32,32,32,35,35,10,57,60,65,65,49,49,49,19,40,40,46,41,41,0],"gold":120,"neow_bonus":"ONE_RARE_RELIC","is_prod":false,"is_daily":false,"chose_seed":false,"campfire_upgraded":5,"win_rate":0,"timestamp":1561729312,"path_taken":["M","M","?","?","?","E","R","E","T","R","M","$","R","?","R","BOSS","M","?","?","M","?","R","E","R","T","M","?","R","E"],"build_version":"2019-01-23","purchased_purges":2,"victory":false,"max_hp_per_floor":[75,75,75,75,72,72,72,72,72,72,72,72,72,72,72,72,72,72,72,72,72,72,72,72,72,72,72,72,72,72],"card_choices":[{"not_picked":["Perfected Strike","Twin Strike"],"picked":"Iron Wave","floor":1},{"not_picked":["Shrug It Off","Twin Strike"],"picked":"Spot Weakness","floor":2},{"not_picked":["Brutality","Wild Strike"],"picked":"Thunderclap","floor":6},{"not_picked":["Rupture","Clash"],"picked":"Fiend Fire","floor":8},{"not_picked":["Spot Weakness","Cleave","Sword Boomerang"],"picked":"SKIP","floor":11},{"not_picked":["Twin Strike","Dropkick","Hemokinesis"],"picked":"SKIP","floor":14},{"not_picked":["Feed","Juggernaut"],"picked":"Reaper","floor":16},{"not_picked":["Pommel Strike","Twin Strike"],"picked":"Shrug It Off","floor":18},{"not_picked":["Hemokinesis","Whirlwind","Flex"],"picked":"SKIP","floor":21},{"not_picked":["Sever Soul","Evolve","True Grit"],"picked":"SKIP","floor":24},{"not_picked":["Flame Barrier","Searing Blow","Power Through"],"picked":"SKIP","floor":27},{"not_picked":["Perfected Strike","True Grit","Sentinel"],"picked":"SKIP","floor":28}],"player_experience":1058193,"relics_obtained":[{"floor":6,"key":"Shuriken"},{"floor":8,"key":"Ice Cream"},{"floor":9,"key":"Happy Flower"},{"floor":19,"key":"Red Mask"},{"floor":24,"key":"Sundial"},{"floor":26,"key":"Frozen Egg 2"}],"event_choices":[{"damage_healed":0,"gold_gain":75,"player_choice":"Gather Gold","damage_taken":11,"max_hp_gain":0,"max_hp_loss":0,"event_name":"World of Goop","floor":3,"gold_loss":0},{"damage_healed":0,"gold_gain":0,"player_choice":"Take Damage","damage_taken":26,"relics_obtained":["Golden Idol"],"max_hp_gain":0,"max_hp_loss":0,"event_name":"Golden Idol","floor":4,"gold_loss":0},{"damage_healed":0,"gold_gain":0,"player_choice":"Fought Bandits","damage_taken":0,"max_hp_gain":0,"max_hp_loss":0,"event_name":"Masked Bandits","floor":19,"gold_loss":0},{"damage_healed":0,"gold_gain":0,"player_choice":"Ignored","damage_taken":0,"max_hp_gain":0,"max_hp_loss":0,"event_name":"Vampires","floor":20,"gold_loss":0}],"is_beta":false,"boss_relics":[{"not_picked":["Runic Cube","Orrery"],"picked":"Astrolabe"}],"items_purged_floors":[5,22],"is_endless":false,"potions_floor_spawned":[8,11,16,24,27,28],"killed_by":"Gremlin Leader","ascension_level":20}