{"gold_per_floor":[113,113,127,145,164,164,181,208,208,208,222,249,249,266,266,341,341,360,378,57,68,68,68,68,103,103,138,63,94,4,104,104,178,178,192,204,204,216,232,232,246,246,273,285,310,51,151,66,66,66],"floor_reached":51,"playtime":4394,"items_purged":["Strike_R+1","Strike_R+1"],"score":1349,"play_id":"e0c4034a-4a72-4acf-9c7d-b20158c16ef7","local_time":"20190315185533","is_ascension_mode":true,"campfire_choices":[{"data":"Rampage","floor":6.0,"key":"SMITH"},{"data":"Flame Barrier","floor":10.0,"key":"SMITH"},{"data":"Pommel Strike","floor":13.0,"key":"SMITH"},{"data":"Shockwave","floor":15.0,"key":"SMITH"},{"data":"Fiend Fire","floor":23.0,"key":"SMITH"},{"data":"Shrug It Off","floor":32,"key":"SMITH"},{"data":"Shrug It Off","floor":40,"key":"SMITH"},{"data":"Bandage Up","floor":44,"key":"SMITH"},{"data":"Entrench","floor":49,"key":"SMITH"}],"neow_cost":"NONE","seed_source_timestamp":34478337845800,"circlet_count":0,"master_deck":["AscendersBane","Strike_R+1","Strike_R+1","Defend_R+1","Defend_R+1","Defend_R+1","Defend_R+1","Bash+1","Headbutt+1","Rampage+1","Pommel Strike+1","Shrug It Off+1","Flame Barrier+1","Shrug It Off+1","Reaper","Shockwave+1","Fiend Fire+1","Necronomicurse","Flash of Steel","Ghostly Armor+1","Sentinel+1","Headbutt","Good Instincts","Finesse","Bandage Up+1","Entrench+1","Flame Barrier"],"special_seed":0,"relics":["Burning Blood","Bronze Scales","Ornamental Fan","Pen Nib","Busted Crown","Gambling Chip","Necronomicon","Mango","Shuriken","Unceasing Top","Champion Belt","Dead Branch","Darkstone Periapt","Coffee Dripper","MawBank","Oddly Smooth Stone","Calipers"],"potions_floor_usage":[25,50],"damage_taken":[{"damage":16.0,"enemies":"Small Slimes","floor":1.0,"turns":5.0},{"damage":2.0,"enemies":"Cultist","floor":3.0,"turns":4.0},{"damage":9.0,"enemies":"2 Louse","floor":4.0,"turns":2.0},{"damage":9.0,"enemies":"Blue Slaver","floor":5.0,"turns":4.0},{"damage":6.0,"enemies":"3 Louse","floor":7.0,"turns":4.0},{"damage":32.0,"enemies":"Gremlin Nob","floor":8.0,"turns":4.0},{"damage":12.0,"enemies":"Lots of Slimes","floor":11.0,"turns":4.0},{"damage":13.0,"enemies":"3 Sentries","floor":12.0,"turns":7.0},{"damage":9.0,"enemies":"Large Slime","floor":14.0,"turns":8.0},{"damage":7.0,"enemies":"Hexaghost","floor":16.0,"turns":8.0},{"damage":0.0,"enemies":"3 Byrds","floor":18.0,"turns":1.0},{"damage":6.0,"enemies":"2 Thieves","floor":19.0,"turns":4.0},{"damage":9.0,"enemies":"Centurion and Healer","floor":21.0,"turns":6.0},{"damage":21,"enemies":"Gremlin Leader","floor":25,"turns":6},{"damage":22,"enemies":"Slavers","floor":27,"turns":5},{"damage":17,"enemies":"Gremlin Leader","floor":29,"turns":4},{"damage":15,"enemies":"Colosseum Slavers","floor":31,"turns":3},{"damage":1,"enemies":"Colosseum Nobs","floor":31,"turns":4},{"damage":69,"enemies":"Champ","floor":33,"turns":7},{"damage":16,"enemies":"3 Shapes","floor":35,"turns":6},{"damage":0,"enemies":"3 Darklings","floor":36,"turns":4},{"damage":17,"enemies":"Sphere and 2 Shapes","floor":38,"turns":4},{"damage":4,"enemies":"Jaw Worm Horde","floor":39,"turns":4},{"damage":32,"enemies":"4 Shapes","floor":41,"turns":4},{"damage":4,"enemies":"3 Darklings","floor":45,"turns":5},{"damage":0,"enemies":"Mind Bloom Boss Battle","floor":47,"turns":4},{"damage":79,"enemies":"Time Eater","floor":50,"turns":12}],"seed_played":"-3311616363907412956","potions_obtained":[{"floor":1.0,"key":"FairyPotion"},{"floor":3.0,"key":"Regen Potion"},{"floor":5.0,"key":"LiquidBronze"},{"floor":12.0,"key":"Poison Potion"},{"floor":19.0,"key":"Explosive Potion"},{"floor":25,"key":"EssenceOfSteel"},{"floor":27,"key":"Swift Potion"},{"floor":38,"key":"SpeedPotion"}],"is_trial":false,"path_per_floor":["M","?","M","M","M","R","M","E","T","R","M","E","R","M","R","B",null,"M","M","$","M","?","R","?","E","T","E","$","E","$","?","R","B",null,"M","M","?","M","M","R","M","?","T","R","M","$","?","$","R","B",null],"character_chosen":"IRONCLAD","items_purchased":["Gambling Chip","Flash of Steel","Oddly Smooth Stone","Flame Barrier"],"campfire_rested":0,"item_purchase_floors":[20,30,46,48],"current_hp_per_floor":[58,58,62,59,56,56,56,30,30,30,24,32,32,33,33,36,65,75,75,75,75,75,75,54,53,53,61,61,78,78,85,85,22,72,62,89,89,78,80,80,84,74,74,74,89,89,89,89,89,16],"gold":66,"neow_bonus":"UPGRADE_CARD","is_prod":false,"is_daily":false,"chose_seed":false,"campfire_upgraded":9,"win_rate":0,"timestamp":1552668933,"path_taken":["M","?","M","?","M","R","?","E","T","R","M","E","R","M","R","BOSS","M","M","$","?","?","R","?","E","T","E","$","E","?","?","R","BOSS","M","M","?","M","?","R","M","?","T","R","M","$","?","?","R","BOSS"],"build_version":"2019-01-23","purchased_purges":2,"victory":true,"max_hp_per_floor":[75,75,75,75,75,75,75,75,75,75,75,75,75,75,75,75,75,75,75,75,75,75,75,75,89,89,89,89,89,89,89,89,89,89,89,89,89,89,89,89,89,89,89,89,89,89,89,89,89,89],"card_choices":[{"not_picked":["Evolve","Twin Strike"],"picked":"Headbutt","floor":1.0},{"not_picked":["Thunderclap","Twin Strike"],"picked":"Rampage","floor":3.0},{"not_picked":["Wild Strike","Iron Wave","Corruption"],"picked":"SKIP","floor":4.0},{"not_picked":["Headbutt","Blood for Blood"],"picked":"Pommel Strike","floor":5.0},{"not_picked":["Evolve","Thunderclap"],"picked":"Shrug It Off","floor":7.0},{"not_picked":["Limit Break","Rage"],"picked":"Flame Barrier","floor":8.0},{"not_picked":["Power Through","Entrench"],"picked":"Shrug It Off","floor":11.0},{"not_picked":["Fire Breathing","Body Slam"],"picked":"Reaper","floor":12.0},{"not_picked":["Heavy Blade","Armaments"],"picked":"Shockwave","floor":14.0},{"not_picked":["Dark Embrace","Feed"],"picked":"Fiend Fire","floor":16.0},{"not_picked":["Fire Breathing"],"picked":"SKIP","floor":18.0},{"not_picked":["Infernal Blade"],"picked":"SKIP","floor":19.0},{"not_picked":["Ghostly Armor"],"picked":"SKIP","floor":21.0},{"not_picked":["Cleave"],"picked":"SKIP","floor":25},{"not_picked":["Body Slam"],"picked":"SKIP","floor":27},{"not_picked":["Iron Wave"],"picked":"SKIP","floor":29},{"not_picked":[],"picked":"Ghostly Armor+1","floor":31},{"not_picked":["Intimidate"],"picked":"SKIP","floor":35},{"not_picked":["Perfected Strike"],"picked":"SKIP","floor":36},{"not_picked":["Sever Soul+1"],"picked":"SKIP","floor":38},{"not_picked":[],"picked":"Sentinel+1","floor":39},{"not_picked":[],"picked":"Headbutt","floor":41},{"not_picked":[],"picked":"Good Instincts","floor":42},{"not_picked":[],"picked":"Finesse","floor":42},{"not_picked":[],"picked":"Bandage Up","floor":42},{"not_picked":["Rupture+1"],"picked":"SKIP","floor":45},{"not_picked":[],"picked":"Entrench","floor":47}],"player_experience":917787,"relics_obtained":[{"floor":8.0,"key":"Bronze Scales"},{"floor":9.0,"key":"Ornamental Fan"},{"floor":12.0,"key":"Pen Nib"},{"floor":24.0,"key":"Necronomicon"},{"floor":25,"key":"Mango"},{"floor":26,"key":"Shuriken"},{"floor":27,"key":"Unceasing Top"},{"floor":29,"key":"Champion Belt"},{"floor":31,"key":"Dead Branch"},{"floor":31,"key":"Darkstone Periapt"},{"floor":43,"key":"MawBank"},{"floor":47,"key":"Calipers"}],"event_choices":[{"damage_healed":0.0,"max_hp_gain":0.0,"max_hp_loss":0.0,"gold_gain":0.0,"event_name":"Upgrade Shrine","player_choice":"Upgraded","floor":2.0,"gold_loss":0.0,"damage_taken":0.0,"cards_upgraded":["Headbutt"]},{"damage_healed":0.0,"max_hp_gain":0.0,"max_hp_loss":0.0,"gold_gain":0.0,"event_name":"Back to Basics","player_choice":"Simplicity","floor":22.0,"gold_loss":0.0,"damage_taken":0.0,"cards_upgraded":["Strike_R","Strike_R","Strike_R","Strike_R","Strike_R","Defend_R","Defend_R","Defend_R","Defend_R"]},{"damage_healed":0.0,"max_hp_gain":0.0,"max_hp_loss":0.0,"gold_gain":0.0,"event_name":"Cursed Tome","player_choice":"Obtained Book","floor":24.0,"gold_loss":0.0,"damage_taken":21.0},{"damage_healed":0,"gold_gain":0,"player_choice":"Fight","damage_taken":0,"max_hp_gain":0,"max_hp_loss":0,"event_name":"Colosseum","floor":31,"gold_loss":0},{"damage_healed":0,"gold_gain":0,"player_choice":"Fought Nobs","damage_taken":0,"max_hp_gain":0,"max_hp_loss":0,"event_name":"Colosseum","floor":31,"gold_loss":0},{"cards_removed":["Strike_R"],"damage_healed":0,"gold_gain":0,"player_choice":"Purged","damage_taken":0,"max_hp_gain":0,"max_hp_loss":0,"event_name":"Purifier","floor":37,"gold_loss":0},{"damage_healed":0,"gold_gain":0,"player_choice":"Memory 3","damage_taken":10,"max_hp_gain":0,"max_hp_loss":0,"event_name":"SensoryStone","floor":42,"gold_loss":0},{"damage_healed":0,"gold_gain":0,"player_choice":"Fight","damage_taken":0,"max_hp_gain":0,"max_hp_loss":0,"event_name":"MindBloom","floor":47,"gold_loss":0}],"is_beta":false,"boss_relics":[{"not_picked":["Cursed Key","Tiny House"],"picked":"Busted Crown"},{"not_picked":["Runic Pyramid","Eternal Feather"],"picked":"Coffee Dripper"}],"items_purged_floors":[28,46],"is_endless":false,"potions_floor_spawned":[1,3,5,12,14,19,25,27,38],"ascension_level":19}