{"gold_per_floor":[218,58,68,68,83,83,96,96,96,96,110,35,68,81,81,158,158,172,87,137,137,154,154,168,168,168,168,168,168,168,188,188,260,260,280,297,297,297,312,312,312,312],"floor_reached":42,"playtime":1683,"items_purged":["Strike_B"],"score":713,"play_id":"79654a5f-f0f1-47b2-bf27-0136a29ff439","local_time":"20190102175315","is_ascension_mode":true,"campfire_choices":[{"data":"Zap","floor":6,"key":"SMITH"},{"data":"Dualcast","floor":8,"key":"SMITH"},{"data":"Glacier","floor":10,"key":"SMITH"},{"floor":15,"key":"REST"},{"data":"Electrodynamics","floor":23,"key":"SMITH"},{"data":"Glacier","floor":25,"key":"SMITH"},{"data":"Conserve Battery","floor":28,"key":"SMITH"},{"data":"Conserve Battery","floor":30,"key":"SMITH"},{"data":"Defend_B","floor":32,"key":"SMITH"},{"data":"Glacier","floor":41,"key":"SMITH"}],"neow_cost":"NONE","seed_source_timestamp":1384354384898430,"circlet_count":0,"master_deck":["AscendersBane","Strike_B","Strike_B","Strike_B","Defend_B","Defend_B","Defend_B+1","Zap+1","Dualcast+1","Glacier+1","Electrodynamics+1","Storm","Echo Form+1","Cold Snap","Conserve Battery+1","Ball Lightning+1","Conserve Battery+1","Echo Form+1","Glacier+1","Self Repair+1","FTL+1","Echo Form+1","Glacier+1","Writhe","FTL+1"],"relics":["Cracked Core","Frozen Egg 2","Molten Egg 2","Regal Pillow","Nuclear Battery","Art of War","Singing Bowl","Inserter"],"potions_floor_usage":[36],"damage_taken":[{"damage":1,"enemies":"Cultist","floor":1,"turns":3},{"damage":7,"enemies":"Jaw Worm","floor":3,"turns":4},{"damage":0,"enemies":"2 Louse","floor":5,"turns":2},{"damage":5,"enemies":"Blue Slaver","floor":7,"turns":4},{"damage":15,"enemies":"Gremlin Gang","floor":11,"turns":2},{"damage":10,"enemies":"3 Sentries","floor":13,"turns":3},{"damage":6,"enemies":"Looter","floor":14,"turns":3},{"damage":22,"enemies":"Slime Boss","floor":16,"turns":10},{"damage":1,"enemies":"3 Byrds","floor":18,"turns":2},{"damage":7,"enemies":"Spheric Guardian","floor":22,"turns":6},{"damage":10,"enemies":"Shelled Parasite and Fungi","floor":24,"turns":7},{"damage":4,"enemies":"Colosseum Slavers","floor":29,"turns":4},{"damage":13,"enemies":"Centurion and Healer","floor":31,"turns":6},{"damage":27,"enemies":"Champ","floor":33,"turns":19},{"damage":12,"enemies":"Orb Walker","floor":35,"turns":4},{"damage":25,"enemies":"3 Shapes","floor":36,"turns":6},{"damage":29,"enemies":"Spire Growth","floor":39,"turns":6},{"damage":52,"enemies":"Transient","floor":42,"turns":4}],"seed_played":"8829641758785022373","potions_obtained":[{"floor":1,"key":"LiquidBronze"},{"floor":3,"key":"EssenceOfSteel"},{"floor":31,"key":"Block Potion"},{"floor":39,"key":"SpeedPotion"}],"is_trial":false,"path_per_floor":["M","$","M","?","M","R","M","R","T","R","M","$","E","M","R","B",null,"M","$","T","?","M","R","M","R","T","?","R","?","R","M","R","B",null,"M","M","?","?","M","?","R","M"],"character_chosen":"DEFECT","items_purchased":["Electrodynamics","Self Repair+1"],"campfire_rested":1,"item_purchase_floors":[2,19],"current_hp_per_floor":[63,63,56,56,56,56,51,51,51,51,36,36,26,20,56,34,62,61,61,61,61,64,64,71,71,71,71,71,71,71,73,73,56,69,69,44,44,59,50,50,50,0],"gold":312,"neow_bonus":"HUNDRED_GOLD","is_prod":false,"is_daily":false,"chose_seed":false,"campfire_upgraded":9,"win_rate":0,"timestamp":1546419195,"path_taken":["M","$","M","?","M","R","M","R","T","R","?","$","E","?","R","BOSS","M","$","?","?","M","R","M","R","T","?","R","?","R","?","R","BOSS","M","?","?","?","M","?","R","M"],"build_version":"2018-12-20","purchased_purges":1,"victory":false,"max_hp_per_floor":[71,71,71,71,71,71,71,71,71,71,71,71,71,71,71,71,71,71,71,71,71,71,71,71,71,71,71,71,71,71,73,73,73,73,75,75,75,75,75,75,75,75],"card_choices":[{"not_picked":["Steam","Cold Snap"],"picked":"Glacier","floor":1},{"not_picked":["Rebound","Gash"],"picked":"Storm","floor":3},{"not_picked":["Conserve Battery","Gash"],"picked":"Echo Form+1","floor":5},{"not_picked":["Scrape","Streamline"],"picked":"Cold Snap","floor":7},{"not_picked":["Chill","Turbo"],"picked":"Conserve Battery","floor":11},{"not_picked":["Compile Driver+1","Storm+1"],"picked":"Ball Lightning+1","floor":13},{"not_picked":["Turbo","BootSequence"],"picked":"Conserve Battery","floor":14},{"not_picked":["Fission","Hyperbeam+1"],"picked":"Echo Form+1","floor":16},{"not_picked":["Gash+1","Sunder+1"],"picked":"Glacier","floor":18},{"not_picked":["Double Energy","Streamline+1","Go for the Eyes+1"],"picked":"SKIP","floor":22},{"not_picked":["Sweeping Beam+1","Sunder+1"],"picked":"FTL+1","floor":24},{"not_picked":["Hologram","Gash+1","Lockon+1"],"picked":"Singing Bowl","floor":31},{"not_picked":["Meteor Strike+1","Buffer+1"],"picked":"Echo Form+1","floor":33},{"not_picked":["Streamline+1","Steam Power","Gash+1"],"picked":"Singing Bowl","floor":35},{"not_picked":["Stack","Coolheaded+1"],"picked":"Glacier","floor":36},{"not_picked":["White Noise","Darkness"],"picked":"FTL+1","floor":39}],"player_experience":708001,"relics_obtained":[{"floor":4,"key":"Frozen Egg 2"},{"floor":9,"key":"Molten Egg 2"},{"floor":13,"key":"Regal Pillow"},{"floor":20,"key":"Art of War"},{"floor":26,"key":"Singing Bowl"}],"event_choices":[{"damage_healed":0,"gold_gain":0,"player_choice":"Relic","damage_taken":0,"max_hp_gain":0,"max_hp_loss":0,"event_name":"Wheel of Change","floor":4,"gold_loss":0},{"damage_healed":0,"gold_gain":0,"player_choice":"Ignored","damage_taken":0,"max_hp_gain":0,"max_hp_loss":0,"event_name":"Cursed Tome","floor":21,"gold_loss":0},{"damage_healed":0,"gold_gain":0,"player_choice":"Ignored","damage_taken":0,"max_hp_gain":0,"max_hp_loss":0,"event_name":"The Mausoleum","floor":27,"gold_loss":0},{"damage_healed":0,"gold_gain":0,"player_choice":"Fight","damage_taken":0,"max_hp_gain":0,"max_hp_loss":0,"event_name":"Colosseum","floor":29,"gold_loss":0},{"damage_healed":0,"gold_gain":0,"player_choice":"Fled From Nobs","damage_taken":0,"max_hp_gain":0,"max_hp_loss":0,"event_name":"Colosseum","floor":29,"gold_loss":0},{"damage_healed":0,"gold_gain":0,"player_choice":"Ignored","damage_taken":0,"max_hp_gain":0,"max_hp_loss":0,"event_name":"Tomb of Lord Red Mask","floor":37,"gold_loss":0},{"damage_healed":15,"gold_gain":0,"player_choice":"Writhe","damage_taken":0,"max_hp_gain":0,"max_hp_loss":0,"event_name":"Winding Halls","floor":38,"gold_loss":0,"cards_obtained":["Writhe"]},{"cards_removed":["Defend_B"],"damage_healed":0,"gold_gain":0,"player_choice":"Removed Skill","damage_taken":0,"max_hp_gain":0,"max_hp_loss":0,"event_name":"Falling","floor":40,"gold_loss":0}],"is_beta":false,"boss_relics":[{"not_picked":["Lizard Tail","Tiny House"],"picked":"Nuclear Battery"},{"not_picked":["White Beast Statue","Cursed Key"],"picked":"Inserter"}],"items_purged_floors":[12],"is_endless":false,"potions_floor_spawned":[1,3,14,24,31,33,39],"killed_by":"Transient","ascension_level":16}