{"gold_per_floor":[115,115,115,129,54,54,69,69,126,126,126,48,64,88,88,216,216,229,229,245,245,265,265,265,265,317,317,338,338,37,52,52,176,176,200,75,200,213,234,234,30,51,51,70,88,88,88,421,421,421],"floor_reached":51,"playtime":1655,"items_purged":["Strike_B","Strike_B","Strike_B","Defend_B"],"score":685,"play_id":"a266afac-08cb-4272-bf7e-e4aae5b7e58a","local_time":"20190603063559","is_ascension_mode":false,"campfire_choices":[{"data":"Zap","floor":6,"key":"SMITH"},{"data":"Dualcast","floor":8,"key":"SMITH"},{"data":"Beam Cell","floor":10,"key":"SMITH"},{"data":"Scrape","floor":15,"key":"SMITH"},{"data":"FTL","floor":23,"key":"SMITH"},{"data":"Electrodynamics","floor":25,"key":"SMITH"},{"data":"Steam","floor":27,"key":"SMITH"},{"data":"Gash","floor":29,"key":"SMITH"},{"data":"Coolheaded","floor":32,"key":"SMITH"},{"data":"Go for the Eyes","floor":40,"key":"SMITH"},{"floor":46,"key":"REST"},{"data":"Panacea","floor":49,"key":"SMITH"}],"neow_cost":"NONE","seed_source_timestamp":257358077224352,"circlet_count":0,"master_deck":["Defend_B+1","Defend_B+1","Zap+1","Dualcast+1","Gash+1","Beam Cell+1","FTL+1","Cold Snap","Scrape+1","Ball Lightning","Electrodynamics+1","Steam+1","Compile Driver","Beam Cell+1","Loop+1","All For One","Gash","Coolheaded+1","Electrodynamics","Go for the Eyes+1","Gash+1","Coolheaded+1","Redo+1","Gash","Turbo","Gash+1","BootSequence+1","Panacea+1"],"relics":["Cracked Core","Regal Pillow","Tiny Chest","Happy Flower","Empty Cage","Sundial","Blood Vial","Orichalcum","War Paint","Philosopher\u0027s Stone","Pocketwatch","Gremlin Horn"],"potions_floor_usage":[31,33,45,45,50,50],"damage_taken":[{"damage":0,"enemies":"Small Slimes","floor":1,"turns":2},{"damage":6,"enemies":"Jaw Worm","floor":4,"turns":2},{"damage":0,"enemies":"Cultist","floor":7,"turns":2},{"damage":0,"enemies":"3 Louse","floor":13,"turns":3},{"damage":1,"enemies":"Slime Boss","floor":16,"turns":6},{"damage":0,"enemies":"3 Byrds","floor":18,"turns":3},{"damage":2,"enemies":"Shell Parasite","floor":20,"turns":3},{"damage":0,"enemies":"3 Cultists","floor":22,"turns":3},{"damage":11,"enemies":"Snake Plant","floor":28,"turns":4},{"damage":12,"enemies":"Centurion and Healer","floor":31,"turns":3},{"damage":26,"enemies":"Collector","floor":33,"turns":6},{"damage":11,"enemies":"Orb Walker","floor":35,"turns":4},{"damage":20,"enemies":"Mind Bloom Boss Battle","floor":37,"turns":4},{"damage":0,"enemies":"3 Shapes","floor":38,"turns":1},{"damage":5,"enemies":"3 Darklings","floor":39,"turns":3},{"damage":6,"enemies":"Spire Growth","floor":42,"turns":3},{"damage":0,"enemies":"Sphere and 2 Shapes","floor":44,"turns":3},{"damage":10,"enemies":"Jaw Worm Horde","floor":45,"turns":2},{"damage":67,"enemies":"Awakened One","floor":50,"turns":10}],"seed_played":"-4144831243521077820","potions_obtained":[{"floor":4,"key":"Regen Potion"},{"floor":7,"key":"Block Potion"},{"floor":20,"key":"Explosive Potion"},{"floor":31,"key":"Block Potion"},{"floor":44,"key":"Fire Potion"},{"floor":45,"key":"Swift Potion"}],"is_trial":false,"path_per_floor":["M","?","T","M","$","R","M","R","T","R","$","$","M","T","R","B",null,"M","T","M","?","M","R","T","R","T","R","M","R","$","M","R","B",null,"M","$","?","M","M","R","$","M","T","M","M","R","?","?","R","B",null],"character_chosen":"DEFECT","items_purchased":["Scrape","All For One","Gash","Gash"],"campfire_rested":1,"item_purchase_floors":[12,30,30,41],"current_hp_per_floor":[75,57,57,51,51,51,51,51,51,51,51,51,51,51,51,50,75,75,75,73,73,75,75,75,75,75,75,64,64,64,54,54,30,75,64,64,46,48,45,45,45,41,41,43,35,72,72,72,72,22],"gold":421,"neow_bonus":"THREE_CARDS","is_prod":false,"is_daily":false,"chose_seed":false,"campfire_upgraded":11,"win_rate":0,"timestamp":1559511359,"path_taken":["M","?","?","M","$","R","M","R","T","R","?","$","M","?","R","BOSS","M","?","M","?","M","R","?","R","T","R","M","R","$","M","R","BOSS","M","$","?","M","M","R","$","M","T","M","M","R","?","?","R","BOSS"],"build_version":"2019-01-23","purchased_purges":4,"victory":true,"max_hp_per_floor":[75,75,75,75,75,75,75,75,75,75,75,75,75,75,75,75,75,75,75,75,75,75,75,75,75,75,75,75,75,75,75,75,75,75,75,75,75,75,75,75,75,75,75,75,75,75,75,75,75,75],"card_choices":[{"not_picked":["Turbo","Redo"],"picked":"Gash","floor":0},{"not_picked":["Leap","Tempest"],"picked":"Beam Cell","floor":1},{"not_picked":["Redo","Barrage"],"picked":"FTL","floor":4},{"not_picked":["Chill","Hologram"],"picked":"Cold Snap","floor":7},{"not_picked":["Sweeping Beam","Steam Power"],"picked":"Ball Lightning","floor":13},{"not_picked":["Meteor Strike","Rainbow"],"picked":"Electrodynamics","floor":16},{"not_picked":["Compile Driver","Turbo"],"picked":"Steam","floor":18},{"not_picked":["Streamline","Auto Shields"],"picked":"Compile Driver","floor":20},{"not_picked":["Sweeping Beam","Core Surge"],"picked":"Beam Cell+1","floor":22},{"not_picked":["Cold Snap","Redo"],"picked":"Loop+1","floor":28},{"not_picked":["Sweeping Beam+1","Compile Driver"],"picked":"Coolheaded","floor":31},{"not_picked":["Amplify","Meteor Strike"],"picked":"Electrodynamics","floor":33},{"not_picked":["Barrage+1","Doom and Gloom"],"picked":"Go for the Eyes","floor":35},{"not_picked":["Compile Driver+1","Beam Cell+1"],"picked":"Gash+1","floor":37},{"not_picked":["Compile Driver","Steam Power+1"],"picked":"Coolheaded+1","floor":38},{"not_picked":["Skim+1","Conserve Battery"],"picked":"Redo+1","floor":39},{"not_picked":["Rip and Tear+1","Amplify"],"picked":"Turbo","floor":42},{"not_picked":["Hologram+1","Auto Shields+1"],"picked":"Gash+1","floor":44},{"not_picked":["Streamline+1","Turbo+1"],"picked":"BootSequence+1","floor":45},{"not_picked":["Swift Strike","Forethought"],"picked":"Panacea","floor":47}],"player_experience":977111,"relics_obtained":[{"floor":3,"key":"Regal Pillow"},{"floor":9,"key":"Tiny Chest"},{"floor":14,"key":"Happy Flower"},{"floor":19,"key":"Sundial"},{"floor":24,"key":"Orichalcum"},{"floor":26,"key":"War Paint"},{"floor":37,"key":"Pocketwatch"},{"floor":43,"key":"Gremlin Horn"}],"event_choices":[{"damage_healed":0,"gold_gain":0,"player_choice":"Take Damage","damage_taken":18,"relics_obtained":["Golden Idol"],"max_hp_gain":0,"max_hp_loss":0,"event_name":"Golden Idol","floor":2,"gold_loss":0},{"damage_healed":0,"gold_gain":0,"player_choice":"Opened","damage_taken":0,"relics_obtained":["Blood Vial"],"max_hp_gain":0,"max_hp_loss":0,"event_name":"The Mausoleum","floor":21,"gold_loss":0},{"damage_healed":0,"gold_gain":0,"player_choice":"Fight","damage_taken":0,"max_hp_gain":0,"max_hp_loss":0,"event_name":"MindBloom","floor":37,"gold_loss":0},{"damage_healed":0,"gold_gain":0,"player_choice":"Memory 1","damage_taken":0,"max_hp_gain":0,"max_hp_loss":0,"event_name":"SensoryStone","floor":47,"gold_loss":0},{"damage_healed":0,"gold_gain":333,"player_choice":"Gave Idol","damage_taken":0,"max_hp_gain":0,"max_hp_loss":0,"event_name":"The Moai Head","floor":48,"relics_lost":["Golden Idol"],"gold_loss":0}],"is_beta":false,"boss_relics":[{"not_picked":["Runic Dome","Tiny House"],"picked":"Empty Cage"},{"not_picked":["Runic Pyramid","Pandora\u0027s Box"],"picked":"Philosopher\u0027s Stone"}],"items_purged_floors":[5,30,36,41],"is_endless":false,"potions_floor_spawned":[4,7,20,31,44,45],"ascension_level":0}