{"gold_per_floor":[109,109,127,140,140,140,155,182,262,262,262],"floor_reached":11,"playtime":576,"items_purged":[],"score":73,"play_id":"0492cc80-e7bd-424e-ad6f-3c468e555b0f","local_time":"20190702010123","is_ascension_mode":false,"campfire_choices":[{"data":"Zap","floor":6,"key":"SMITH"}],"neow_cost":"NONE","seed_source_timestamp":80160608797100,"circlet_count":0,"master_deck":["Strike_B","Strike_B","Strike_B","Strike_B","Defend_B","Defend_B","Defend_B","Defend_B","Zap+1","Dualcast","Gash","Gash"],"relics":["Eternal Feather","Bird Faced Urn","Sundial","Golden Idol"],"potions_floor_usage":[],"damage_taken":[{"damage":0,"enemies":"2 Louse","floor":1,"turns":3},{"damage":1,"enemies":"Cultist","floor":3,"turns":3},{"damage":1,"enemies":"Jaw Worm","floor":4,"turns":4},{"damage":18,"enemies":"Large Slime","floor":7,"turns":7},{"damage":41,"enemies":"Lagavulin","floor":8,"turns":8},{"damage":18,"enemies":"The Mushroom Lair","floor":11,"turns":2}],"seed_played":"-8920186085423757096","potions_obtained":[{"floor":7,"key":"FearPotion"}],"is_trial":false,"path_per_floor":["M","?","M","M","?","R","M","E","T","?","?"],"character_chosen":"DEFECT","items_purchased":[],"campfire_rested":0,"item_purchase_floors":[],"current_hp_per_floor":[75,75,74,73,73,75,57,16,16,16,0],"gold":262,"neow_bonus":"BOSS_RELIC","is_prod":false,"is_daily":false,"chose_seed":false,"campfire_upgraded":1,"win_rate":0,"timestamp":1561996883,"path_taken":["M","?","M","?","?","R","M","E","T","?","?"],"build_version":"2019-01-23","purchased_purges":0,"victory":false,"max_hp_per_floor":[75,75,75,75,75,75,75,75,75,69,69],"card_choices":[{"not_picked":["Leap","Cold Snap","Redo"],"picked":"SKIP","floor":1},{"not_picked":["Self Repair","White Noise","Rebound"],"picked":"SKIP","floor":3},{"not_picked":["Sunder","Hologram"],"picked":"Gash","floor":4},{"not_picked":["Compile Driver","Buffer","Force Field"],"picked":"SKIP","floor":7},{"not_picked":["All For One","Recycle"],"picked":"Gash","floor":8}],"player_experience":1078071,"relics_obtained":[{"floor":8,"key":"Bird Faced Urn"},{"floor":9,"key":"Sundial"}],"event_choices":[{"damage_healed":0,"gold_gain":0,"player_choice":"Ignored","damage_taken":0,"max_hp_gain":0,"max_hp_loss":0,"event_name":"NoteForYourself","floor":2,"gold_loss":0},{"damage_healed":0,"gold_gain":0,"player_choice":"Ignored","damage_taken":0,"max_hp_gain":0,"max_hp_loss":0,"event_name":"Liars Game","floor":5,"gold_loss":0},{"damage_healed":0,"gold_gain":0,"player_choice":"Lose Max HP","damage_taken":0,"relics_obtained":["Golden Idol"],"max_hp_gain":0,"max_hp_loss":6,"event_name":"Golden Idol","floor":10,"gold_loss":0},{"damage_healed":0,"gold_gain":0,"player_choice":"Fought Mushrooms","damage_taken":0,"max_hp_gain":0,"max_hp_loss":0,"event_name":"Mushrooms","floor":11,"gold_loss":0}],"is_beta":false,"boss_relics":[],"items_purged_floors":[],"is_endless":false,"potions_floor_spawned":[7],"killed_by":"The Mushroom Lair","ascension_level":0}