{"gold_per_floor":[117,128,128,128,128,128,160,174,174,174],"floor_reached":10,"playtime":372,"items_purged":[],"score":132,"play_id":"3f13de24-73bd-43e8-b7d6-29cc5d5f20fe","local_time":"20190613091730","is_ascension_mode":true,"campfire_choices":[{"data":"All For One","floor":6,"key":"SMITH"}],"neow_cost":"NONE","seed_source_timestamp":582112802100,"circlet_count":0,"master_deck":["AscendersBane","Strike_B","Strike_B","Strike_B","Defend_B","Defend_B","Defend_B","Defend_B","Zap+1","Dualcast","Compile Driver","All For One+1","Gash","Ball Lightning"],"relics":["Cracked Core","Mummified Hand","Peace Pipe"],"potions_floor_usage":[],"damage_taken":[{"damage":2,"enemies":"2 Louse","floor":1,"turns":2},{"damage":4,"enemies":"Jaw Worm","floor":2,"turns":4},{"damage":40,"enemies":"3 Sentries","floor":7,"turns":6},{"damage":13,"enemies":"Small Slimes","floor":8,"turns":3},{"damage":20,"enemies":"Lagavulin","floor":10,"turns":3}],"seed_played":"1277086935845184648","potions_obtained":[],"is_trial":false,"path_per_floor":["M","M","?","?","?","R","E","M","T","E"],"character_chosen":"DEFECT","items_purchased":[],"campfire_rested":0,"item_purchase_floors":[],"current_hp_per_floor":[62,58,63,63,63,63,23,10,10,0],"gold":174,"neow_bonus":"UPGRADE_CARD","is_prod":false,"is_daily":false,"chose_seed":false,"campfire_upgraded":1,"win_rate":0,"timestamp":1560406650,"path_taken":["M","M","?","?","?","R","E","M","T","E"],"build_version":"2019-01-23","purchased_purges":0,"victory":false,"max_hp_per_floor":[71,71,76,76,76,76,76,76,76,76],"card_choices":[{"not_picked":["Leap","Go for the Eyes"],"picked":"Compile Driver","floor":1},{"not_picked":["Fusion","Stack"],"picked":"All For One","floor":2},{"not_picked":["Scrape","Conserve Battery"],"picked":"Gash","floor":7},{"not_picked":["Compile Driver","Fusion"],"picked":"Ball Lightning","floor":8}],"player_experience":1092685,"relics_obtained":[{"floor":7,"key":"Mummified Hand"},{"floor":9,"key":"Peace Pipe"}],"event_choices":[{"damage_healed":0,"gold_gain":0,"player_choice":"Donut","damage_taken":0,"max_hp_gain":5,"max_hp_loss":0,"event_name":"Big Fish","floor":3,"gold_loss":0},{"damage_healed":0,"gold_gain":0,"player_choice":"Ignored","damage_taken":0,"max_hp_gain":0,"max_hp_loss":0,"event_name":"Liars Game","floor":4,"gold_loss":0},{"cards_removed":["Strike_B"],"damage_healed":0,"gold_gain":0,"player_choice":"Purged","damage_taken":0,"max_hp_gain":0,"max_hp_loss":0,"event_name":"Purifier","floor":5,"gold_loss":0}],"is_beta":false,"boss_relics":[],"items_purged_floors":[],"is_endless":false,"potions_floor_spawned":[],"killed_by":"Lagavulin","ascension_level":20}