{"gold_per_floor":[109,184,184,198,123,123,154,167,167,187,87,87,103,103,103,175,175,188,188,198,248,163,163,163,163,163,179,11,27,27],"floor_reached":30,"playtime":1596,"items_purged":["Strike_B","Strike_B","Defend_B"],"score":422,"play_id":"b21f0057-308f-4e01-8d40-53441b4924c1","local_time":"20190109180327","is_ascension_mode":true,"campfire_choices":[{"data":"Zap","floor":6,"key":"SMITH"},{"data":"Consume","floor":12,"key":"SMITH"},{"floor":15,"key":"REST"},{"data":"Go for the Eyes","floor":23,"key":"SMITH"},{"floor":25,"key":"REST"}],"neow_cost":"TEN_PERCENT_HP_LOSS","seed_source_timestamp":1989837869849353,"circlet_count":0,"master_deck":["AscendersBane","Strike_B","Strike_B","Defend_B","Defend_B+1","Zap+1","Dualcast","Electrodynamics","Consume+1","Double Energy","Coolheaded","Conserve Battery","Go for the Eyes+1","Glacier","Go for the Eyes","Seek","BootSequence","Reinforced Body","Recycle+1","Self Repair","Hologram","FTL","Chaos+1"],"relics":["Cracked Core","Ornamental Fan","Dream Catcher","Nuclear Battery","War Paint","Enchiridion","Meat on the Bone"],"potions_floor_usage":[7,30],"damage_taken":[{"damage":12,"enemies":"Jaw Worm","floor":1,"turns":4},{"damage":0,"enemies":"Small Slimes","floor":4,"turns":3},{"damage":42,"enemies":"Gremlin Nob","floor":7,"turns":5},{"damage":1,"enemies":"Cultist","floor":8,"turns":3},{"damage":1,"enemies":"Blue Slaver","floor":10,"turns":4},{"damage":11,"enemies":"Looter","floor":13,"turns":2},{"damage":19,"enemies":"Slime Boss","floor":16,"turns":17},{"damage":15,"enemies":"Chosen","floor":18,"turns":10},{"damage":6,"enemies":"Shell Parasite","floor":20,"turns":16},{"damage":8,"enemies":"Snake Plant","floor":27,"turns":9},{"damage":4,"enemies":"Sentry and Sphere","floor":29,"turns":12},{"damage":44,"enemies":"Book of Stabbing","floor":30,"turns":5}],"seed_played":"253630615330320828","potions_obtained":[{"floor":1,"key":"LiquidBronze"},{"floor":4,"key":"GamblersBrew"},{"floor":10,"key":"Poison Potion"},{"floor":16,"key":"Poison Potion"},{"floor":18,"key":"PowerPotion"},{"floor":27,"key":"Regen Potion"}],"is_trial":false,"path_per_floor":["M","?","?","M","$","R","E","M","T","M","$","R","M","?","R","B",null,"M","?","M","?","?","R","?","R","T","M","$","M","E"],"character_chosen":"DEFECT","items_purchased":["FTL"],"campfire_rested":2,"item_purchase_floors":[28],"current_hp_per_floor":[52,41,62,62,62,62,20,19,19,18,18,18,7,7,26,7,50,35,35,29,29,29,29,8,27,27,38,38,41,0],"gold":27,"neow_bonus":"THREE_RARE_CARDS","is_prod":false,"is_daily":false,"chose_seed":false,"campfire_upgraded":3,"win_rate":0,"timestamp":1547024607,"path_taken":["M","?","?","M","?","R","E","M","T","M","$","R","?","?","R","BOSS","M","?","?","?","?","R","?","R","T","M","$","?","E"],"build_version":"2019-01-03v4","purchased_purges":3,"victory":false,"max_hp_per_floor":[64,64,64,64,64,64,64,64,64,64,64,64,64,64,64,64,64,64,64,64,64,64,64,64,64,64,64,64,64,64],"card_choices":[{"not_picked":["All For One","Multi-Cast"],"picked":"Electrodynamics","floor":0},{"not_picked":["Beam Cell","BootSequence"],"picked":"Consume","floor":1},{"not_picked":["Steam","Turbo"],"picked":"Double Energy","floor":4},{"not_picked":["Turbo","Beam Cell"],"picked":"Coolheaded","floor":7},{"not_picked":["Coolheaded","Go for the Eyes"],"picked":"Conserve Battery","floor":8},{"not_picked":["Tempest","Ball Lightning"],"picked":"Go for the Eyes","floor":10},{"not_picked":["Echo Form","Darkness"],"picked":"Glacier","floor":13},{"not_picked":["Ball Lightning","Chaos"],"picked":"Go for the Eyes","floor":15},{"not_picked":["Electrodynamics","Buffer"],"picked":"Seek","floor":16},{"not_picked":["Steam","Stack"],"picked":"BootSequence","floor":18},{"not_picked":["White Noise","Sweeping Beam"],"picked":"Recycle","floor":20},{"not_picked":["Chaos","Heatsinks+1"],"picked":"Self Repair","floor":25},{"not_picked":["Aggregate","Ball Lightning"],"picked":"Hologram","floor":27},{"not_picked":["Reprogram","Sweeping Beam"],"picked":"Chaos+1","floor":29}],"player_experience":791227,"relics_obtained":[{"floor":7,"key":"Ornamental Fan"},{"floor":9,"key":"Dream Catcher"},{"floor":24,"key":"Enchiridion"},{"floor":26,"key":"Meat on the Bone"}],"event_choices":[{"damage_healed":0,"gold_gain":75,"player_choice":"Gather Gold","damage_taken":11,"max_hp_gain":0,"max_hp_loss":0,"event_name":"World of Goop","floor":2,"gold_loss":0},{"damage_healed":21,"gold_gain":0,"player_choice":"Banana","damage_taken":0,"max_hp_gain":0,"max_hp_loss":0,"event_name":"Big Fish","floor":3,"gold_loss":0},{"damage_healed":0,"gold_gain":0,"player_choice":"Fled","damage_taken":0,"max_hp_gain":0,"max_hp_loss":0,"event_name":"Scrap Ooze","floor":14,"gold_loss":0},{"damage_healed":0,"gold_gain":0,"cards_transformed":["Defend_B"],"player_choice":"Transformed","damage_taken":0,"max_hp_gain":0,"max_hp_loss":0,"event_name":"Transmorgrifier","floor":19,"gold_loss":0,"cards_obtained":["Reinforced Body"]},{"damage_healed":0,"gold_gain":50,"player_choice":"Stole From Cult","damage_taken":0,"max_hp_gain":0,"max_hp_loss":0,"event_name":"Nest","floor":21,"gold_loss":0},{"damage_healed":0,"gold_gain":0,"player_choice":"Obtained Relic","damage_taken":0,"relics_obtained":["War Paint"],"max_hp_gain":0,"max_hp_loss":0,"event_name":"Addict","floor":22,"gold_loss":85},{"damage_healed":0,"gold_gain":0,"player_choice":"Obtained Book","damage_taken":21,"max_hp_gain":0,"max_hp_loss":0,"event_name":"Cursed Tome","floor":24,"gold_loss":0}],"is_beta":false,"boss_relics":[{"not_picked":["FrozenCore","Eternal Feather"],"picked":"Nuclear Battery"}],"items_purged_floors":[5,11,28],"is_endless":false,"potions_floor_spawned":[1,4,10,16,18,27,29],"killed_by":"Book of Stabbing","ascension_level":17}