{"gold_per_floor":[116,116,34,34,97,123,123,136,136,136],"floor_reached":10,"playtime":599,"items_purged":[],"score":83,"play_id":"32efada7-8d11-475d-bc89-f5886fed5703","local_time":"20190131104812","is_ascension_mode":true,"campfire_choices":[{"data":"Phantasmal Killer","floor":7,"key":"SMITH"}],"neow_cost":"NONE","seed_source_timestamp":85774126705650,"circlet_count":0,"master_deck":["Defend_G","Defend_G","Defend_G","Defend_G","Defend_G","Strike_G","Strike_G","Strike_G","Strike_G","Strike_G","Survivor","Neutralize","Distraction","Blur","Phantasmal Killer+1","Footwork","Dagger Spray","Caltrops","Footwork"],"relics":["WristBlade","SsserpentHead","StoneCalendar","Bottled Tornado"],"potions_floor_usage":[],"damage_taken":[{"damage":3,"enemies":"2 Louse","floor":1,"turns":3},{"damage":4,"enemies":"Cultist","floor":5,"turns":4},{"damage":53,"enemies":"Lagavulin","floor":6,"turns":16},{"damage":3,"enemies":"Small Slimes","floor":8,"turns":5},{"damage":7,"enemies":"Red Slaver","floor":10,"turns":4}],"seed_played":"-7720696309817445960","potions_obtained":[{"floor":8,"key":"Fruit Juice"}],"is_trial":false,"path_per_floor":["M","?","$","?","M","E","R","M","T","M"],"character_chosen":"THE_SILENT","items_purchased":["Footwork"],"campfire_rested":0,"item_purchase_floors":[3],"current_hp_per_floor":[67,67,67,67,63,10,10,7,7,0],"gold":136,"neow_bonus":"BOSS_RELIC","is_prod":false,"is_daily":false,"chose_seed":false,"campfire_upgraded":1,"win_rate":0,"timestamp":1548899292,"path_taken":["M","?","?","?","?","E","R","M","T","M"],"build_version":"2019-01-23","purchased_purges":0,"victory":false,"max_hp_per_floor":[70,70,70,70,70,70,70,70,70,70],"card_choices":[{"not_picked":["Dagger Throw","Sucker Punch"],"picked":"Distraction","floor":1},{"not_picked":["Bouncing Flask","Slice"],"picked":"Dagger Spray","floor":5},{"not_picked":["Sucker Punch","Flying Knee"],"picked":"Caltrops","floor":6},{"not_picked":["Concentrate","Prepared"],"picked":"Footwork","floor":8}],"player_experience":854700,"relics_obtained":[{"floor":6,"key":"StoneCalendar"},{"floor":9,"key":"Bottled Tornado"}],"event_choices":[{"damage_healed":0,"gold_gain":0,"player_choice":"2 cards matched","damage_taken":0,"max_hp_gain":0,"max_hp_loss":0,"event_name":"Match and Keep!","floor":2,"gold_loss":0,"cards_obtained":["Blur","Phantasmal Killer"]},{"damage_healed":0,"gold_gain":0,"player_choice":"Trade","damage_taken":0,"relics_obtained":["SsserpentHead"],"max_hp_gain":0,"max_hp_loss":0,"event_name":"FaceTrader","floor":4,"gold_loss":0}],"is_beta":false,"boss_relics":[],"items_purged_floors":[],"is_endless":false,"potions_floor_spawned":[8],"killed_by":"Red Slaver","ascension_level":5}