{"gold_per_floor":[17,17,92,102,102,102,130,130,154,11,11,23,23,23,23,125,125,140,140,140,159,339,372,372,372,372,388,226,241,258,271,271,372,372,386,406,423,423,423,440,440,372,372,174,185,203,233,247,247,247],"floor_reached":51,"playtime":1826,"items_purged":["Strike_R"],"score":747,"play_id":"c6a9b9b1-adbb-42b4-bbc0-8a55c938d69e","local_time":"20181006232939","is_ascension_mode":false,"campfire_choices":[{"data":"Entrench","floor":6,"key":"SMITH"},{"data":"Armaments","floor":8,"key":"SMITH"},{"data":"Body Slam","floor":11,"key":"SMITH"},{"data":"Spot Weakness","floor":15,"key":"SMITH"},{"data":"Limit Break","floor":25,"key":"SMITH"},{"floor":32,"key":"REST"},{"floor":49,"key":"REST"}],"neow_cost":"NO_GOLD","seed_source_timestamp":7679267090693,"circlet_count":0,"master_deck":["Strike_R+1","Strike_R+1","Strike_R+1","Strike_R+1","Defend_R+1","Defend_R+1","Defend_R+1","Defend_R+1","Bash","Entrench+1","Armaments+1","Body Slam+1","Spot Weakness+1","Cleave","Limit Break+1","Battle Trance","Inflame","Limit Break","Iron Wave","Whirlwind+1","Impervious","Iron Wave+1","Shrug It Off+1","Inflame+1","Metallicize","Flash of Steel","Inflame","Limit Break+1"],"relics":["Burning Blood","Incense Burner","Gremlin Horn","Mummified Hand","Oddly Smooth Stone","Mark of Pain","Darkstone Periapt","Pear","Eternal Feather","GremlinMask","Peace Pipe","DollysMirror","Letter Opener"],"potions_floor_usage":[7,23,30,33,33,45,47,48,48,48,50,50,50,50,50,50],"damage_taken":[{"damage":2,"enemies":"Small Slimes","floor":1,"turns":4},{"damage":1,"enemies":"Cultist","floor":4,"turns":3},{"damage":35,"enemies":"Gremlin Nob","floor":7,"turns":6},{"damage":0,"enemies":"Jaw Worm","floor":12,"turns":3},{"damage":34,"enemies":"Hexaghost","floor":16,"turns":12},{"damage":17,"enemies":"Shell Parasite","floor":18,"turns":7},{"damage":1,"enemies":"Chosen","floor":21,"turns":4},{"damage":33,"enemies":"Book of Stabbing","floor":23,"turns":5},{"damage":21,"enemies":"Snake Plant","floor":27,"turns":5},{"damage":16,"enemies":"Snecko","floor":29,"turns":7},{"damage":0,"enemies":"3 Cultists","floor":30,"turns":3},{"damage":16,"enemies":"Shelled Parasite and Fungi","floor":31,"turns":5},{"damage":33,"enemies":"Champ","floor":33,"turns":10},{"damage":6,"enemies":"Orb Walker","floor":35,"turns":4},{"damage":10,"enemies":"3 Darklings","floor":36,"turns":4},{"damage":17,"enemies":"Transient","floor":37,"turns":5},{"damage":1,"enemies":"Reptomancer","floor":40,"turns":5},{"damage":18,"enemies":"Maw","floor":45,"turns":6},{"damage":0,"enemies":"3 Darklings","floor":46,"turns":5},{"damage":33,"enemies":"2 Orb Walkers","floor":47,"turns":5},{"damage":35,"enemies":"Reptomancer","floor":48,"turns":4},{"damage":15,"enemies":"Donu and Deca","floor":50,"turns":6}],"seed_played":"-7346731841357032015","potions_obtained":[{"floor":1,"key":"Weak Potion"},{"floor":2,"key":"BloodPotion"},{"floor":2,"key":"Dexterity Potion"},{"floor":12,"key":"AttackPotion"},{"floor":23,"key":"SteroidPotion"},{"floor":31,"key":"GamblersBrew"},{"floor":33,"key":"EntropicBrew"},{"floor":45,"key":"Ancient Potion"},{"floor":46,"key":"Block Potion"},{"floor":47,"key":"FearPotion"}],"is_trial":false,"path_per_floor":["M","?","?","M","?","R","E","R","T","$","R","M","$","?","R","B",null,"M","?","$","M","?","E","?","R","T","M","$","M","M","M","R","B",null,"M","M","M","?","?","M","?","$","T","$","M","M","E","M","R","B"],"character_chosen":"IRONCLAD","items_purchased":["Spot Weakness","Limit Break","Inflame","DollysMirror"],"campfire_rested":2,"item_purchase_floors":[10,28,42,44],"current_hp_per_floor":[80,80,69,74,62,62,33,33,33,33,33,39,39,39,39,11,80,69,69,69,74,50,31,31,31,41,26,26,16,22,12,39,12,90,90,86,75,75,75,80,80,80,80,80,68,74,47,18,60,51],"gold":247,"neow_bonus":"ONE_RARE_RELIC","is_prod":false,"is_daily":false,"chose_seed":false,"campfire_upgraded":5,"win_rate":0,"timestamp":1538836179,"path_taken":["M","?","?","?","?","R","E","R","T","$","R","M","$","?","R","BOSS","M","?","?","M","?","E","?","R","T","?","$","?","?","M","R","BOSS","M","M","M","?","?","M","?","$","T","?","M","M","E","?","R","BOSS"],"build_version":"2018-10-04","purchased_purges":1,"victory":true,"max_hp_per_floor":[80,80,80,80,80,80,80,80,80,80,80,80,80,80,80,80,80,80,80,80,80,80,80,80,80,90,90,90,90,90,90,90,90,90,90,90,90,90,90,90,90,90,90,90,90,90,90,90,90,90],"card_choices":[{"not_picked":["Carnage","Infernal Blade"],"picked":"Entrench","floor":1},{"not_picked":["Warcry","Bloodletting"],"picked":"Armaments","floor":4},{"not_picked":["Power Through","Uppercut"],"picked":"Body Slam","floor":7},{"not_picked":["Power Through","Entrench"],"picked":"Cleave","floor":12},{"not_picked":["Reaper","Fiend Fire"],"picked":"Limit Break","floor":16},{"not_picked":["Perfected Strike+1","Heavy Blade","Havoc"],"picked":"SKIP","floor":18},{"not_picked":["Flame Barrier","Shrug It Off"],"picked":"Battle Trance","floor":21},{"not_picked":["Shockwave+1","Anger","Carnage"],"picked":"SKIP","floor":23},{"not_picked":["Hemokinesis+1","Brutality","Power Through"],"picked":"SKIP","floor":27},{"not_picked":["Flex","Cleave"],"picked":"Iron Wave","floor":29},{"not_picked":["Havoc","Spot Weakness"],"picked":"Whirlwind+1","floor":30},{"not_picked":["Clothesline","Shockwave+1","Dropkick"],"picked":"SKIP","floor":31},{"not_picked":["Dark Embrace","Fiend Fire"],"picked":"Impervious","floor":33},{"not_picked":["True Grit","Heavy Blade"],"picked":"Iron Wave+1","floor":35},{"not_picked":["Clash+1","Armaments"],"picked":"Shrug It Off+1","floor":36},{"not_picked":["Combust+1","Twin Strike"],"picked":"Inflame+1","floor":37},{"not_picked":["Wild Strike","Searing Blow+1"],"picked":"Metallicize","floor":40},{"not_picked":["Impatience","Dramatic Entrance"],"picked":"Flash of Steel","floor":41},{"not_picked":["Pummel+1","Feel No Pain","True Grit+1"],"picked":"SKIP","floor":45},{"not_picked":["Ghostly Armor","Searing Blow","Thunderclap"],"picked":"SKIP","floor":46},{"not_picked":["Berserk","Reckless Charge","Clash+1"],"picked":"SKIP","floor":47},{"not_picked":["Burning Pact","Entrench","Flex"],"picked":"SKIP","floor":48}],"player_experience":479920,"relics_obtained":[{"floor":7,"key":"Mummified Hand"},{"floor":9,"key":"Oddly Smooth Stone"},{"floor":23,"key":"Darkstone Periapt"},{"floor":26,"key":"Pear"},{"floor":43,"key":"Peace Pipe"},{"floor":47,"key":"Letter Opener"}],"event_choices":[{"event_name":"The Lab","player_choice":"Got Potions","floor":2,"damage_taken":0},{"event_name":"World of Goop","player_choice":"Gather Gold","floor":3,"damage_taken":0},{"event_name":"Scrap Ooze","player_choice":"success","floor":5,"damage_taken":12},{"event_name":"The Cleric","player_choice":"Leave","floor":14,"damage_taken":0},{"event_name":"Back to Basics","player_choice":"Simplicity","floor":19,"damage_taken":0},{"event_name":"Knowing Skull","player_choice":"GOLD GOLD ","floor":22,"damage_taken":0},{"event_name":"The Library","player_choice":"Read","floor":24,"damage_taken":0},{"event_name":"FaceTrader","player_choice":"Trade","floor":38,"damage_taken":0},{"event_name":"Tomb of Lord Red Mask","player_choice":"Ignored","floor":39,"damage_taken":0},{"event_name":"SensoryStone","player_choice":"Memory 1","floor":41,"damage_taken":0}],"is_beta":true,"boss_relics":[{"not_picked":["Runic Dome","Tiny House"],"picked":"Mark of Pain"},{"not_picked":["Coffee Dripper","Fusion Hammer"],"picked":"Eternal Feather"}],"items_purged_floors":[10],"is_endless":false,"potions_floor_spawned":[1,12,23,27,31,33,45,46,47],"ascension_level":0}