{"gold_per_floor":[116,116,41,53,64,96,96,109,187,187,206,222,222,222,222,296,296,312,172,182,194,194,194,228,240,252,264,276,14,14,39,39,39],"floor_reached":33,"playtime":1880,"items_purged":["Force Field","Strike_B"],"score":591,"play_id":"61091270-be95-4e8c-bf03-ba6931a7d9e3","local_time":"20190616003048","is_ascension_mode":true,"campfire_choices":[{"data":"1","floor":7.0,"key":"LIFT"},{"floor":10.0,"key":"REST"},{"data":"2","floor":13.0,"key":"LIFT"},{"data":"3","floor":15.0,"key":"LIFT"},{"data":"Defragment","floor":23,"key":"SMITH"},{"data":"Zap","floor":25,"key":"SMITH"},{"floor":28,"key":"REST"},{"data":"Ghostly","floor":32,"key":"SMITH"}],"neow_cost":"NONE","seed_source_timestamp":226654494440600,"circlet_count":0,"master_deck":["AscendersBane","Defend_B","Defend_B","Defend_B","Defend_B","Zap+1","Dualcast","Barrage","Skim","Doom and Gloom","Auto Shields","Coolheaded","Glacier","Defragment+1","Core Surge","Barrage","Reinforced Body","Hologram","Bite","Bite","Bite","Bite","Bite","Self Repair","Decay","Electrodynamics","Compile Driver","Ghostly+1","Ghostly","Ghostly"],"special_seed":0,"relics":["Cracked Core","Girya","Blue Candle","Cursed Key","MawBank","Dodecahedron","Omamori"],"potions_floor_usage":[24,33,33],"damage_taken":[{"damage":2.0,"enemies":"Jaw Worm","floor":1.0,"turns":4.0},{"damage":1.0,"enemies":"Cultist","floor":4.0,"turns":4.0},{"damage":9.0,"enemies":"2 Louse","floor":5.0,"turns":4.0},{"damage":11.0,"enemies":"Gremlin Nob","floor":6.0,"turns":3.0},{"damage":27.0,"enemies":"Gremlin Gang","floor":8.0,"turns":3.0},{"damage":10.0,"enemies":"Exordium Wildlife","floor":11.0,"turns":4.0},{"damage":0.0,"enemies":"Looter","floor":12.0,"turns":4.0},{"damage":14.0,"enemies":"Slime Boss","floor":16.0,"turns":8.0},{"damage":10.0,"enemies":"Shell Parasite","floor":18.0,"turns":6.0},{"damage":12.0,"enemies":"2 Thieves","floor":20.0,"turns":4.0},{"damage":1.0,"enemies":"Sentry and Sphere","floor":21.0,"turns":10.0},{"damage":31,"enemies":"Gremlin Leader","floor":24,"turns":7},{"damage":16,"enemies":"Slavers","floor":31,"turns":4},{"damage":32,"enemies":"Collector","floor":33,"turns":6}],"seed_played":"-2861980463242590070","potions_obtained":[{"floor":0.0,"key":"Fruit Juice"},{"floor":0.0,"key":"Strength Potion"},{"floor":0.0,"key":"Strength Potion"},{"floor":11.0,"key":"AttackPotion"},{"floor":16.0,"key":"Strength Potion"},{"floor":20.0,"key":"SteroidPotion"}],"is_trial":false,"path_per_floor":["M","?","$","M","M","E","R","M","T","R","M","M","R","?","R","B",null,"M","$","M","M","?","R","E","R","T","?","R","$","?","E","R","B"],"character_chosen":"DEFECT","items_purchased":["Reinforced Body","Electrodynamics","Compile Driver","SteroidPotion"],"campfire_rested":2,"item_purchase_floors":[19,29,29,29],"current_hp_per_floor":[67,67,67,66,57,46,46,19,19,41,31,31,31,31,31,17,61,51,51,39,38,38,38,23,23,23,9,26,26,26,23,23,0],"gold":39,"neow_bonus":"THREE_SMALL_POTIONS","is_prod":false,"is_daily":false,"chose_seed":false,"campfire_upgraded":3,"win_rate":0,"timestamp":1560634248,"path_taken":["M","?","?","M","?","E","R","M","T","R","M","M","R","?","R","BOSS","M","$","M","?","?","R","E","R","T","?","R","$","?","E","R","BOSS"],"build_version":"2019-01-23","purchased_purges":2,"victory":false,"max_hp_per_floor":[76,76,76,76,76,76,76,76,76,76,76,76,76,76,76,76,76,76,76,76,76,53,53,53,53,53,58,58,58,29,29,29,29],"card_choices":[{"not_picked":["Rebound","Turbo"],"picked":"Barrage","floor":1.0},{"not_picked":["Capacitor","Aggregate"],"picked":"Skim","floor":4.0},{"not_picked":["Stack","Conserve Battery"],"picked":"Doom and Gloom","floor":5.0},{"not_picked":["Amplify","Turbo"],"picked":"Auto Shields","floor":6.0},{"not_picked":["Barrage","Ball Lightning"],"picked":"Coolheaded","floor":8.0},{"not_picked":["Sweeping Beam","Chill"],"picked":"Glacier","floor":11.0},{"not_picked":["Rip and Tear","Go for the Eyes"],"picked":"Defragment","floor":12.0},{"not_picked":["Rainbow","Meteor Strike"],"picked":"Core Surge","floor":16.0},{"not_picked":["Lockon","Darkness"],"picked":"Barrage","floor":18.0},{"not_picked":["Sweeping Beam","Redo"],"picked":"Hologram","floor":20.0},{"not_picked":["Heatsinks","Turbo","Recycle"],"picked":"SKIP","floor":21.0},{"not_picked":["Meteor Strike","Rebound"],"picked":"Self Repair","floor":24},{"not_picked":["Sunder","Cold Snap","Beam Cell"],"picked":"SKIP","floor":31}],"player_experience":1119987,"relics_obtained":[{"floor":6.0,"key":"Girya"},{"floor":9.0,"key":"Blue Candle"},{"floor":24,"key":"MawBank"},{"floor":26,"key":"Dodecahedron"},{"floor":31,"key":"Omamori"}],"event_choices":[{"damage_healed":0.0,"max_hp_gain":0.0,"max_hp_loss":0.0,"gold_gain":0.0,"cards_transformed":["Strike_B"],"event_name":"Transmorgrifier","player_choice":"Transformed","floor":2.0,"gold_loss":0.0,"damage_taken":0.0,"cards_obtained":["Force Field"]},{"cards_removed":["Strike_B"],"damage_healed":0.0,"max_hp_gain":0.0,"max_hp_loss":0.0,"gold_gain":0.0,"event_name":"Purifier","player_choice":"Purged","floor":14.0,"gold_loss":0.0,"damage_taken":0.0},{"damage_healed":0,"gold_gain":0,"player_choice":"Became a vampire","damage_taken":0,"max_hp_gain":0,"max_hp_loss":23,"event_name":"Vampires","floor":22,"gold_loss":0,"cards_obtained":["Bite","Bite","Bite","Bite","Bite"]},{"damage_healed":0,"gold_gain":0,"player_choice":"Shed Blood","damage_taken":19,"max_hp_gain":5,"max_hp_loss":0,"event_name":"Forgotten Altar","floor":27,"gold_loss":0},{"damage_healed":0,"gold_gain":0,"player_choice":"Became a Ghost","damage_taken":0,"max_hp_gain":0,"max_hp_loss":29,"event_name":"Ghosts","floor":30,"gold_loss":0,"cards_obtained":["Ghostly","Ghostly","Ghostly"]}],"is_beta":false,"boss_relics":[{"not_picked":["Pandora\u0027s Box","Runic Dome"],"picked":"Cursed Key"}],"items_purged_floors":[3,19],"is_endless":false,"potions_floor_spawned":[4,11,16,18,20,31],"killed_by":"Collector","ascension_level":20}