{"gold_per_floor":[113,125,144,32,3,3,20,20,20,40,40,63,63,74,74,150,150,162,173,90,104,123,123,157,157,157,157,137,51,51,62,62,139,139,151,167,167,167],"floor_reached":38,"playtime":2118,"items_purged":["Shame"],"score":772,"play_id":"9e00ab50-7fc5-4101-a424-1edfc2b3ebd8","local_time":"20190125181521","is_ascension_mode":true,"campfire_choices":[{"data":"Zap","floor":6,"key":"SMITH"},{"data":"Biased Cognition","floor":8,"key":"SMITH"},{"data":"Consume","floor":15,"key":"SMITH"},{"floor":23,"key":"REST"},{"data":"Defragment","floor":25,"key":"SMITH"},{"data":"Capacitor","floor":27,"key":"SMITH"},{"floor":32,"key":"REST"}],"neow_cost":"CURSE","seed_source_timestamp":27071567852423,"circlet_count":0,"master_deck":["AscendersBane","Zap+1","Dualcast","FTL","Double Energy","Stack","Cold Snap","Self Repair","Capacitor+1","Cold Snap","Biased Cognition+1","Glacier","Consume+1","Doom and Gloom","Go for the Eyes","Biased Cognition","Sweeping Beam","White Noise","Echo Form","Hyperbeam","Self Repair","Go for the Eyes","Defragment+1","Chill","Ball Lightning","Glacier","Core Surge","Loop+1","Machine Learning","Self Repair"],"relics":["Cracked Core","Question Card","Ancient Tea Set","Pandora\u0027s Box","Bottled Lightning","Blue Candle","Singing Bowl","Inserter"],"potions_floor_usage":[14,21,24],"damage_taken":[{"damage":1,"enemies":"Cultist","floor":1,"turns":3},{"damage":16,"enemies":"Small Slimes","floor":2,"turns":4},{"damage":6,"enemies":"Jaw Worm","floor":3,"turns":5},{"damage":18,"enemies":"Large Slime","floor":7,"turns":8},{"damage":14,"enemies":"Lots of Slimes","floor":10,"turns":5},{"damage":1,"enemies":"3 Louse","floor":14,"turns":6},{"damage":20,"enemies":"Slime Boss","floor":16,"turns":18},{"damage":40,"enemies":"3 Byrds","floor":18,"turns":5},{"damage":9,"enemies":"Spheric Guardian","floor":19,"turns":6},{"damage":44,"enemies":"Cultist and Chosen","floor":21,"turns":9},{"damage":15,"enemies":"Snecko","floor":22,"turns":7},{"damage":37,"enemies":"Slavers","floor":24,"turns":4},{"damage":22,"enemies":"Shelled Parasite and Fungi","floor":31,"turns":8},{"damage":3,"enemies":"Collector","floor":33,"turns":11},{"damage":56,"enemies":"3 Darklings","floor":35,"turns":10},{"damage":17,"enemies":"3 Shapes","floor":36,"turns":6},{"damage":51,"enemies":"Jaw Worm Horde","floor":38,"turns":2}],"seed_played":"737138837813160588","potions_obtained":[{"floor":3,"key":"PowerPotion"},{"floor":7,"key":"SteroidPotion"},{"floor":14,"key":"Fruit Juice"},{"floor":18,"key":"SkillPotion"},{"floor":28,"key":"FearPotion"},{"floor":36,"key":"GamblersBrew"}],"is_trial":false,"path_per_floor":["M","M","M","$","$","R","M","R","T","M","?","T","?","M","R","B",null,"M","M","$","M","M","R","E","R","T","R","?","$","T","M","R","B",null,"M","M","?","M"],"character_chosen":"DEFECT","items_purchased":["Capacitor","Cold Snap","Defragment","Core Surge"],"campfire_rested":2,"item_purchase_floors":[4,5,20,29],"current_hp_per_floor":[63,47,41,41,41,41,30,30,30,23,23,23,23,34,34,21,62,36,55,55,39,38,60,37,37,37,37,37,37,37,29,51,62,73,47,44,44,0],"gold":167,"neow_bonus":"TRANSFORM_TWO_CARDS","is_prod":false,"is_daily":false,"chose_seed":false,"campfire_upgraded":5,"win_rate":0,"timestamp":1548407721,"path_taken":["M","M","M","?","$","R","M","R","T","M","?","?","?","M","R","BOSS","M","?","$","M","M","R","E","R","T","R","?","$","?","M","R","BOSS","M","?","?","M"],"build_version":"2019-01-23","purchased_purges":1,"victory":false,"max_hp_per_floor":[71,71,71,71,71,71,71,71,71,71,71,71,71,76,76,76,76,76,76,76,76,76,76,76,76,76,76,76,76,76,76,76,76,76,78,78,78,78],"card_choices":[{"not_picked":["Turbo","Force Field"],"picked":"Stack","floor":1},{"not_picked":["Genetic Algorithm","Gash"],"picked":"Cold Snap","floor":2},{"not_picked":["Hologram","Double Energy"],"picked":"Self Repair","floor":3},{"not_picked":["Sweeping Beam","Ball Lightning"],"picked":"Biased Cognition","floor":7},{"not_picked":["Turbo","Doom and Gloom","Chaos"],"picked":"Glacier","floor":10},{"not_picked":["Barrage","Beam Cell","Redo"],"picked":"Go for the Eyes","floor":14},{"not_picked":["Seek","Reboot","Rainbow"],"picked":"Biased Cognition","floor":16},{"not_picked":["Leap","Beam Cell","Barrage"],"picked":"Self Repair","floor":18},{"not_picked":["Double Energy","Compile Driver+1","Turbo+1"],"picked":"Go for the Eyes","floor":19},{"not_picked":["Turbo+1","Sweeping Beam","Static Discharge"],"picked":"Chill","floor":21},{"not_picked":["Hologram","Gash","Darkness"],"picked":"Ball Lightning","floor":22},{"not_picked":["Reinforced Body","Leap","Darkness"],"picked":"Glacier","floor":24},{"not_picked":["Redo","Go for the Eyes","Hyperbeam"],"picked":"Loop+1","floor":31},{"not_picked":["Hyperbeam","Rainbow","Thunder Strike"],"picked":"Machine Learning","floor":33},{"not_picked":["Turbo","Compile Driver","Beam Cell+1","White Noise"],"picked":"Singing Bowl","floor":35},{"not_picked":["Sweeping Beam","Storm","Heatsinks"],"picked":"Self Repair","floor":36}],"player_experience":838417,"relics_obtained":[{"floor":9,"key":"Question Card"},{"floor":12,"key":"Ancient Tea Set"},{"floor":24,"key":"Bottled Lightning"},{"floor":26,"key":"Blue Candle"},{"floor":30,"key":"Singing Bowl"}],"event_choices":[{"damage_healed":0,"gold_gain":0,"cards_transformed":["Defend_B"],"player_choice":"Change","damage_taken":0,"max_hp_gain":0,"max_hp_loss":0,"event_name":"Living Wall","floor":11,"gold_loss":0,"cards_obtained":["Consume"]},{"damage_healed":0,"gold_gain":0,"cards_transformed":["Defend_B"],"player_choice":"Transformed","damage_taken":0,"max_hp_gain":0,"max_hp_loss":0,"event_name":"Transmorgrifier","floor":13,"gold_loss":0,"cards_obtained":["Doom and Gloom"]},{"damage_healed":0,"gold_gain":0,"player_choice":"Bought 1 Potion","damage_taken":0,"max_hp_gain":0,"max_hp_loss":0,"event_name":"The Woman in Blue","floor":28,"gold_loss":0},{"damage_healed":0,"gold_gain":0,"player_choice":"Leave","damage_taken":0,"max_hp_gain":0,"max_hp_loss":0,"event_name":"FaceTrader","floor":37,"gold_loss":0}],"is_beta":false,"boss_relics":[{"not_picked":["Cursed Key","White Beast Statue"],"picked":"Pandora\u0027s Box"},{"not_picked":["Astrolabe","Empty Cage"],"picked":"Inserter"}],"items_purged_floors":[4],"is_endless":false,"potions_floor_spawned":[3,7,14,18,36],"killed_by":"Jaw Worm Horde","ascension_level":20}