{"gold_per_floor":[118,118,136,154,171,171,198,198],"floor_reached":8,"playtime":358,"items_purged":[],"score":116,"play_id":"a219f473-dcf6-4ea0-88bf-2d7658ee839a","local_time":"20190620193515","is_ascension_mode":true,"campfire_choices":[{"data":"Crippling Poison","floor":6,"key":"SMITH"}],"neow_cost":"NONE","seed_source_timestamp":642469912415800,"circlet_count":0,"master_deck":["AscendersBane","Defend_G","Defend_G","Defend_G","Defend_G","Defend_G","Strike_G","Strike_G","Strike_G","Strike_G","Survivor","Neutralize","Poisoned Stab","Crippling Poison+1","Outmaneuver","Calculated Gamble"],"relics":["Ring of the Snake","Boot"],"potions_floor_usage":[7,8],"damage_taken":[{"damage":1,"enemies":"2 Louse","floor":1,"turns":3},{"damage":0,"enemies":"Cultist","floor":3,"turns":4},{"damage":8,"enemies":"Small Slimes","floor":4,"turns":6},{"damage":1,"enemies":"Exordium Wildlife","floor":5,"turns":4},{"damage":62,"enemies":"Gremlin Nob","floor":7,"turns":5},{"damage":22,"enemies":"Lagavulin Event","floor":8,"turns":5}],"seed_played":"7120205984546010289","potions_obtained":[{"floor":3,"key":"Regen Potion"},{"floor":7,"key":"GhostInAJar"}],"is_trial":false,"path_per_floor":["M","?","M","M","M","R","E","?"],"character_chosen":"THE_SILENT","items_purchased":[],"campfire_rested":0,"item_purchase_floors":[],"current_hp_per_floor":[64,64,64,56,55,55,8,0],"gold":198,"neow_bonus":"TEN_PERCENT_HP_BONUS","is_prod":false,"is_daily":false,"chose_seed":false,"campfire_upgraded":1,"win_rate":0,"timestamp":1561048515,"path_taken":["M","?","?","M","M","R","E","?"],"build_version":"2019-01-23","purchased_purges":0,"victory":false,"max_hp_per_floor":[72,72,72,72,72,72,72,72],"card_choices":[{"not_picked":["Blade Dance","Caltrops"],"picked":"Poisoned Stab","floor":1},{"not_picked":["Prepared","Cloak And Dagger","Slice"],"picked":"SKIP","floor":3},{"not_picked":["Deadly Poison","Bouncing Flask"],"picked":"Crippling Poison","floor":4},{"not_picked":["Dodge and Roll","Distraction"],"picked":"Outmaneuver","floor":5},{"not_picked":["Deflect","Expertise"],"picked":"Calculated Gamble","floor":7}],"player_experience":1149311,"relics_obtained":[{"floor":7,"key":"Boot"}],"event_choices":[{"cards_removed":["Strike_G"],"damage_healed":0,"gold_gain":0,"player_choice":"Purged","damage_taken":0,"max_hp_gain":0,"max_hp_loss":0,"event_name":"Purifier","floor":2,"gold_loss":0},{"damage_healed":0,"gold_gain":0,"player_choice":"Searched \u00272\u0027 times","damage_taken":0,"max_hp_gain":0,"max_hp_loss":0,"event_name":"Dead Adventurer","floor":8,"gold_loss":0}],"is_beta":false,"boss_relics":[],"items_purged_floors":[],"is_endless":false,"potions_floor_spawned":[3,7],"killed_by":"Lagavulin Event","ascension_level":20}