{"gold_per_floor":[119,36,111,111,111,111,139,139,210,210,210,21,21,38,38,115,115,133,146,146,1,21,51,51,76,76,76,1,1,1,1,1,1],"floor_reached":33,"playtime":1215,"items_purged":["Regret"],"score":522,"play_id":"240a1927-6f85-4c67-9c03-b1ce7a770acd","local_time":"20190216163227","is_ascension_mode":true,"campfire_choices":[{"data":"Poisoned Stab","floor":6.0,"key":"SMITH"},{"floor":10.0,"key":"REST"},{"data":"Catalyst","floor":15.0,"key":"SMITH"},{"floor":24.0,"key":"REST"},{"floor":30,"key":"REST"},{"data":"Catalyst","floor":32,"key":"SMITH"}],"neow_cost":"CURSE","seed_source_timestamp":0,"circlet_count":0,"master_deck":["AscendersBane","Defend_G","Defend_G","Defend_G","Defend_G","Defend_G","Strike_G","Strike_G","Strike_G","Strike_G","Strike_G","Survivor","Neutralize","Poisoned Stab+1","Noxious Fumes+1","Backstab","Footwork","Cloak And Dagger+1","Catalyst+1","Acrobatics","Deadly Poison+1","Well Laid Plans","Blade Dance","Deflect","Catalyst+1"],"special_seed":0,"relics":["Ring of the Snake","Peace Pipe","Strawberry","Pen Nib","Kunai","Art of War","WristBlade","Spirit Poop","Vajra","Singing Bowl"],"potions_floor_usage":[33],"damage_taken":[{"damage":7.0,"enemies":"Cultist","floor":1.0,"turns":6.0},{"damage":35.0,"enemies":"3 Sentries","floor":7.0,"turns":8.0},{"damage":5.0,"enemies":"Jaw Worm","floor":14.0,"turns":5.0},{"damage":10.0,"enemies":"The Guardian","floor":16.0,"turns":10.0},{"damage":23.0,"enemies":"Shell Parasite","floor":18.0,"turns":6.0},{"damage":5.0,"enemies":"3 Byrds","floor":19.0,"turns":7.0},{"damage":0.0,"enemies":"Snecko","floor":22.0,"turns":4.0},{"damage":26.0,"enemies":"Book of Stabbing","floor":23.0,"turns":4.0},{"damage":40,"enemies":"Slavers","floor":25,"turns":5},{"damage":36,"enemies":"Collector","floor":33,"turns":3}],"seed_played":"-4659285902991259911","potions_obtained":[{"floor":1.0,"key":"FairyPotion"},{"floor":22.0,"key":"Block Potion"},{"floor":23.0,"key":"Swift Potion"}],"is_trial":false,"path_per_floor":["M","$","?","?","?","R","E","T","T","R","?","$","?","M","R","B",null,"M","M","?","$","M","E","R","E","T","?","?","$","R","?","R","B"],"character_chosen":"THE_SILENT","items_purchased":["Noxious Fumes","Footwork","Cloak And Dagger","Well Laid Plans","Blade Dance"],"campfire_rested":3,"item_purchase_floors":[2,12,12,21,21],"current_hp_per_floor":[52,52,41,41,41,41,13,13,13,34,34,34,34,29,29,19,60,37,32,32,32,32,6,27,3,3,3,3,3,24,24,24,0],"gold":1,"neow_bonus":"ONE_RARE_RELIC","is_prod":false,"is_daily":false,"chose_seed":false,"campfire_upgraded":3,"win_rate":0,"timestamp":1550327547,"path_taken":["M","$","?","?","?","R","E","?","T","R","?","$","?","M","R","BOSS","M","M","?","$","?","E","R","E","T","?","?","$","R","?","R","BOSS"],"build_version":"2019-01-23","purchased_purges":1,"victory":false,"max_hp_per_floor":[66,66,66,66,66,66,73,73,73,73,73,73,73,73,73,73,73,73,73,70,70,70,70,70,72,72,72,72,72,72,72,72,72],"card_choices":[{"not_picked":["PiercingWail","Concentrate"],"picked":"Poisoned Stab","floor":1.0},{"not_picked":["Distraction","Sucker Punch"],"picked":"Backstab","floor":7.0},{"not_picked":["Tactician","Prepared"],"picked":"Catalyst","floor":14.0},{"not_picked":["Outmaneuver","Concentrate"],"picked":"Acrobatics","floor":18.0},{"not_picked":["Poisoned Stab","Underhanded Strike"],"picked":"Deadly Poison+1","floor":19.0},{"not_picked":["Well Laid Plans","Prepared"],"picked":"Deflect","floor":22.0},{"not_picked":["Underhanded Strike","All Out Attack"],"picked":"Catalyst","floor":23.0},{"not_picked":["Skewer","Flechettes+1","Slice"],"picked":"Singing Bowl","floor":25}],"player_experience":881881,"relics_obtained":[{"floor":7.0,"key":"Strawberry"},{"floor":8.0,"key":"Pen Nib"},{"floor":9.0,"key":"Kunai"},{"floor":23.0,"key":"Vajra"},{"floor":25,"key":"Singing Bowl"}],"event_choices":[{"damage_healed":0.0,"max_hp_gain":0.0,"max_hp_loss":0.0,"gold_gain":75.0,"event_name":"World of Goop","player_choice":"Gather Gold","floor":3.0,"gold_loss":0.0,"damage_taken":11.0},{"damage_healed":0.0,"max_hp_gain":0.0,"max_hp_loss":0.0,"gold_gain":0.0,"event_name":"Liars Game","player_choice":"Ignored","floor":4.0,"gold_loss":0.0,"damage_taken":0.0},{"damage_healed":0.0,"max_hp_gain":0.0,"max_hp_loss":0.0,"gold_gain":0.0,"event_name":"Living Wall","player_choice":"Grow","floor":5.0,"gold_loss":0.0,"damage_taken":0.0,"cards_upgraded":["Noxious Fumes"]},{"damage_healed":0.0,"max_hp_gain":0.0,"max_hp_loss":0.0,"gold_gain":0.0,"event_name":"Big Fish","player_choice":"Box","floor":11.0,"gold_loss":0.0,"damage_taken":0.0,"relics_obtained":["Art of War"],"cards_obtained":["Regret"]},{"damage_healed":0.0,"max_hp_gain":0.0,"max_hp_loss":0.0,"gold_gain":0.0,"event_name":"Upgrade Shrine","player_choice":"Upgraded","floor":13.0,"gold_loss":0.0,"damage_taken":0.0,"cards_upgraded":["Cloak And Dagger"]},{"cards_removed":["Parasite"],"damage_healed":0.0,"max_hp_gain":0.0,"max_hp_loss":0.0,"gold_gain":0.0,"event_name":"Bonfire Elementals","player_choice":"Offered Curse","floor":20.0,"gold_loss":0.0,"damage_taken":0.0,"relics_obtained":["Spirit Poop"]},{"damage_healed":0,"gold_gain":0,"player_choice":"Smashed Altar","damage_taken":0,"max_hp_gain":0,"max_hp_loss":0,"event_name":"Forgotten Altar","floor":27,"gold_loss":0,"cards_obtained":["Decay"]},{"cards_removed":["Decay"],"damage_healed":0,"gold_gain":0,"player_choice":"Gave Gold","damage_taken":0,"max_hp_gain":0,"max_hp_loss":0,"event_name":"Beggar","floor":28,"gold_loss":75}],"is_beta":false,"boss_relics":[{"not_picked":["Pandora\u0027s Box","Eternal Feather"],"picked":"WristBlade"}],"items_purged_floors":[12],"is_endless":false,"potions_floor_spawned":[1,22,23],"killed_by":"Collector","ascension_level":18}