{"gold_per_floor":[15,15,33,47,47,47,57,57,136,136,146,175,15,15,15,89,89,109,159,172,87,87,87],"floor_reached":23,"playtime":760,"items_purged":["Strike_B"],"score":378,"play_id":"ee26d870-e501-4682-a9be-5e7691ed4937","local_time":"20190618163303","is_ascension_mode":true,"campfire_choices":[{"data":"Coolheaded","floor":6.0,"key":"SMITH"},{"data":"Doom and Gloom","floor":8.0,"key":"SMITH"},{"data":"Loop","floor":10.0,"key":"SMITH"},{"data":"Reinforced Body","floor":15.0,"key":"SMITH"}],"neow_cost":"NO_GOLD","seed_source_timestamp":458283946182300,"circlet_count":0,"master_deck":["AscendersBane","Strike_B","Defend_B","Defend_B","Defend_B","Defend_B","Zap+1","Dualcast","Electrodynamics","Coolheaded+1","Genetic Algorithm","Loop+1","Doom and Gloom+1","Barrage+1","Reinforced Body+1","Reboot","Cold Snap+1","Go for the Eyes+1","Self Repair","Hello World","Creative AI"],"special_seed":0,"relics":["Cracked Core","Molten Egg 2","Blood Vial","Snecko Eye"],"potions_floor_usage":[],"damage_taken":[{"damage":0.0,"enemies":"2 Louse","floor":1.0,"turns":3.0},{"damage":4.0,"enemies":"Cultist","floor":3.0,"turns":4.0},{"damage":8.0,"enemies":"Small Slimes","floor":4.0,"turns":3.0},{"damage":12.0,"enemies":"Blue Slaver","floor":7.0,"turns":4.0},{"damage":10.0,"enemies":"3 Louse","floor":11.0,"turns":2.0},{"damage":15.0,"enemies":"Lagavulin","floor":12.0,"turns":4.0},{"damage":3.0,"enemies":"The Guardian","floor":16.0,"turns":9.0},{"damage":23,"enemies":"2 Thieves","floor":18,"turns":3},{"damage":16,"enemies":"Chosen","floor":20,"turns":5},{"damage":33,"enemies":"Gremlin Leader","floor":23,"turns":4}],"seed_played":"564233662991294518","potions_obtained":[{"floor":3.0,"key":"Strength Potion"},{"floor":7.0,"key":"Fire Potion"},{"floor":20,"key":"Regen Potion"}],"is_trial":false,"path_per_floor":["M","?","M","M","?","R","M","R","T","R","M","E","$","?","R","B",null,"M","?","M","$","?","E"],"character_chosen":"DEFECT","items_purchased":["Reinforced Body","Self Repair"],"campfire_rested":0,"item_purchase_floors":[13,21],"current_hp_per_floor":[64,64,60,52,57,57,45,45,45,45,35,20,20,20,20,19,62,41,41,27,27,27,0],"gold":87,"neow_bonus":"THREE_RARE_CARDS","is_prod":false,"is_daily":false,"chose_seed":false,"campfire_upgraded":4,"win_rate":0,"timestamp":1560864783,"path_taken":["M","?","?","M","?","R","M","R","T","R","M","E","$","?","R","BOSS","M","?","M","$","?","E"],"build_version":"2019-01-23","purchased_purges":1,"victory":false,"max_hp_per_floor":[71,71,71,71,76,76,76,76,76,76,76,76,76,76,76,76,76,76,76,76,76,76,76],"card_choices":[{"not_picked":["Fission","Seek"],"picked":"Electrodynamics","floor":0.0},{"not_picked":["Aggregate","Sweeping Beam"],"picked":"Coolheaded","floor":1.0},{"not_picked":["Stack","Skim"],"picked":"Genetic Algorithm","floor":3.0},{"not_picked":["Hello World","Beam Cell"],"picked":"Loop","floor":4.0},{"not_picked":["Auto Shields","Go for the Eyes"],"picked":"Doom and Gloom","floor":7.0},{"not_picked":["Streamline+1","Consume","Redo"],"picked":"SKIP","floor":11.0},{"not_picked":["Hello World","Gash+1"],"picked":"Barrage+1","floor":12.0},{"not_picked":["All For One+1","Thunder Strike+1"],"picked":"Reboot","floor":16.0},{"not_picked":["Darkness","Leap"],"picked":"Cold Snap+1","floor":18},{"not_picked":["Rebound+1","Barrage+1"],"picked":"Go for the Eyes+1","floor":20}],"player_experience":1140336,"relics_obtained":[{"floor":9.0,"key":"Molten Egg 2"},{"floor":12.0,"key":"Blood Vial"}],"event_choices":[{"damage_healed":0.0,"max_hp_gain":0.0,"max_hp_loss":0.0,"gold_gain":0.0,"event_name":"Upgrade Shrine","player_choice":"Upgraded","floor":2.0,"gold_loss":0.0,"damage_taken":0.0,"cards_upgraded":["Zap"]},{"damage_healed":0.0,"max_hp_gain":5.0,"max_hp_loss":0.0,"gold_gain":0.0,"event_name":"Big Fish","player_choice":"Donut","floor":5.0,"gold_loss":0.0,"damage_taken":0.0},{"damage_healed":0.0,"max_hp_gain":0.0,"max_hp_loss":0.0,"gold_gain":0.0,"event_name":"Liars Game","player_choice":"Ignored","floor":14.0,"gold_loss":0.0,"damage_taken":0.0},{"damage_healed":0,"gold_gain":50,"player_choice":"Stole From Cult","damage_taken":0,"max_hp_gain":0,"max_hp_loss":0,"event_name":"Nest","floor":19,"gold_loss":0},{"damage_healed":0,"gold_gain":0,"cards_transformed":["Strike_B","Strike_B"],"player_choice":"Became Test Subject","damage_taken":0,"max_hp_gain":0,"max_hp_loss":0,"event_name":"Drug Dealer","floor":22,"gold_loss":0,"cards_obtained":["Hello World","Creative AI"]}],"is_beta":false,"boss_relics":[{"not_picked":["Coffee Dripper","Astrolabe"],"picked":"Snecko Eye"}],"items_purged_floors":[13],"is_endless":false,"potions_floor_spawned":[3,7,11,12,18,20],"killed_by":"Gremlin Leader","ascension_level":20}