{"gold_per_floor":[111,127,127,127,150,150,188,188,188,209,284,322,334,17,17,107,107,131,131,146,71,71,71,107,107,107,127,127,127,140,65,65,65],"floor_reached":33,"playtime":1368,"items_purged":["Strike_R"],"score":792,"play_id":"c4abb858-a232-410e-87a4-8e380cb257e2","local_time":"20190422112257","is_ascension_mode":true,"campfire_choices":[{"data":"Bash","floor":6,"key":"SMITH"},{"floor":8,"key":"REST"},{"data":"Perfected Strike","floor":13,"key":"SMITH"},{"data":"Offering","floor":15,"key":"SMITH"},{"data":"Limit Break","floor":23,"key":"SMITH"},{"data":"Double Tap","floor":25,"key":"SMITH"},{"data":"Body Slam","floor":32,"key":"SMITH"}],"neow_cost":"NONE","seed_source_timestamp":480842574795400,"circlet_count":0,"master_deck":["AscendersBane","Strike_R","Defend_R","Defend_R","Defend_R","Defend_R","Bash+1","Perfected Strike+1","Twin Strike","Shrug It Off","Offering+1","Double Tap+1","Limit Break+1","Spot Weakness+1","Offering+1","Corruption+1","Ghostly","Ghostly","Ghostly","Feel No Pain+1","Body Slam+1"],"relics":["Burning Blood","NeowsBlessing","Bloody Idol","Singing Bowl","Orichalcum","Question Card","MawBank","Dead Branch","Empty Cage","Mercury Hourglass"],"potions_floor_usage":[7,12,16,33],"damage_taken":[{"damage":0,"enemies":"Cultist","floor":1,"turns":1},{"damage":0,"enemies":"2 Louse","floor":2,"turns":1},{"damage":0,"enemies":"Small Slimes","floor":5,"turns":1},{"damage":34,"enemies":"Lagavulin","floor":7,"turns":8},{"damage":8,"enemies":"Blue Slaver","floor":10,"turns":4},{"damage":18,"enemies":"3 Sentries","floor":12,"turns":7},{"damage":12,"enemies":"Slime Boss","floor":16,"turns":1},{"damage":20,"enemies":"3 Byrds","floor":18,"turns":10},{"damage":27,"enemies":"Shell Parasite","floor":20,"turns":2},{"damage":2,"enemies":"Gremlin Leader","floor":24,"turns":6},{"damage":6,"enemies":"3 Cultists","floor":27,"turns":5},{"damage":12,"enemies":"Cultist and Chosen","floor":30,"turns":2},{"damage":34,"enemies":"Automaton","floor":33,"turns":4}],"seed_played":"5676773027097276377","potions_obtained":[{"floor":1,"key":"Block Potion"},{"floor":2,"key":"Poison Potion"},{"floor":5,"key":"SteroidPotion"},{"floor":12,"key":"PowerPotion"},{"floor":24,"key":"Energy Potion"},{"floor":27,"key":"Poison Potion"}],"is_trial":false,"path_per_floor":["M","M","?","?","M","R","E","R","T","M","?","E","R","$","R","B",null,"M","?","M","$","?","R","E","R","T","M","?","?","M","?","R","B"],"character_chosen":"IRONCLAD","items_purchased":["Dead Branch"],"campfire_rested":1,"item_purchase_floors":[14],"current_hp_per_floor":[74,75,68,57,63,63,37,58,58,56,45,33,33,33,33,27,59,45,45,24,24,24,24,30,30,30,30,30,30,29,29,29,0],"gold":65,"neow_bonus":"THREE_ENEMY_KILL","is_prod":false,"is_daily":false,"chose_seed":false,"campfire_upgraded":6,"win_rate":0,"timestamp":1555921377,"path_taken":["M","M","?","?","M","R","E","R","T","M","?","E","R","$","R","BOSS","M","?","M","?","?","R","E","R","T","M","?","?","?","?","R","BOSS"],"build_version":"2019-01-23","purchased_purges":1,"victory":false,"max_hp_per_floor":[75,75,68,68,68,68,70,70,70,70,70,70,70,70,70,70,70,70,70,70,70,35,35,37,37,37,37,37,37,37,37,37,37],"card_choices":[{"not_picked":["Second Wind","Warcry"],"picked":"Perfected Strike","floor":1},{"not_picked":["Intimidate","Burning Pact"],"picked":"Twin Strike","floor":2},{"not_picked":["Rupture","Combust"],"picked":"Shrug It Off","floor":5},{"not_picked":["Perfected Strike","Sword Boomerang","Heavy Blade"],"picked":"Singing Bowl","floor":7},{"not_picked":["Heavy Blade","Uppercut","Power Through"],"picked":"Offering","floor":10},{"not_picked":["Pummel","Wild Strike","Shrug It Off"],"picked":"Double Tap","floor":12},{"not_picked":["Berserk","Juggernaut","Exhume"],"picked":"Limit Break","floor":16},{"not_picked":["Evolve","Thunderclap","Sword Boomerang"],"picked":"Spot Weakness","floor":18},{"not_picked":["Wild Strike","Thunderclap","Rampage"],"picked":"Corruption+1","floor":20},{"not_picked":["Anger+1","Thunderclap","Cleave","Blood for Blood"],"picked":"Singing Bowl","floor":24},{"not_picked":["Perfected Strike","Clash","Carnage"],"picked":"Feel No Pain+1","floor":27},{"not_picked":["Flex","Armaments","Corruption+1"],"picked":"Body Slam","floor":30}],"player_experience":978699,"relics_obtained":[{"floor":7,"key":"Orichalcum"},{"floor":9,"key":"Question Card"},{"floor":12,"key":"MawBank"},{"floor":24,"key":"Mercury Hourglass"}],"event_choices":[{"damage_healed":0,"gold_gain":0,"player_choice":"Lose Max HP","damage_taken":0,"relics_obtained":["Golden Idol"],"max_hp_gain":0,"max_hp_loss":7,"event_name":"Golden Idol","floor":3,"gold_loss":0},{"damage_healed":0,"gold_gain":0,"player_choice":"Success","damage_taken":11,"relics_obtained":["Singing Bowl"],"max_hp_gain":0,"max_hp_loss":0,"event_name":"Scrap Ooze","floor":4,"gold_loss":0},{"damage_healed":0,"gold_gain":75,"player_choice":"Gather Gold","damage_taken":11,"max_hp_gain":0,"max_hp_loss":0,"event_name":"World of Goop","floor":11,"gold_loss":0},{"damage_healed":0,"gold_gain":0,"player_choice":"Copied","damage_taken":0,"max_hp_gain":0,"max_hp_loss":0,"event_name":"Duplicator","floor":19,"gold_loss":0,"cards_obtained":["Offering"]},{"damage_healed":0,"gold_gain":0,"player_choice":"Became a Ghost","damage_taken":0,"max_hp_gain":0,"max_hp_loss":35,"event_name":"Ghosts","floor":22,"gold_loss":0,"cards_obtained":["Ghostly","Ghostly","Ghostly"]},{"damage_healed":0,"gold_gain":0,"player_choice":"Gave Idol","damage_taken":0,"relics_obtained":["Bloody Idol"],"max_hp_gain":0,"max_hp_loss":0,"event_name":"Forgotten Altar","floor":28,"relics_lost":["Golden Idol"],"gold_loss":0},{"damage_healed":0,"gold_gain":0,"player_choice":"Upgraded","damage_taken":0,"max_hp_gain":0,"max_hp_loss":0,"event_name":"Upgrade Shrine","floor":29,"gold_loss":0,"cards_upgraded":["Spot Weakness"]},{"cards_removed":["Strike_R"],"damage_healed":0,"gold_gain":0,"player_choice":"Gave Gold","damage_taken":0,"max_hp_gain":0,"max_hp_loss":0,"event_name":"Beggar","floor":31,"gold_loss":75}],"is_beta":false,"boss_relics":[{"not_picked":["White Beast Statue","Pandora\u0027s Box"],"picked":"Empty Cage"}],"items_purged_floors":[21],"is_endless":false,"potions_floor_spawned":[1,2,5,12,24,27],"killed_by":"Automaton","ascension_level":20}