{"gold_per_floor":[119,119,119,130,142,142,142,142,142,142,169,181,127,159,159,256,256,272,26,40,55,67,67],"floor_reached":23,"playtime":1246,"items_purged":[],"score":251,"play_id":"c185f0cd-de85-4afc-8afa-d6af5618cb29","local_time":"20190209163542","is_ascension_mode":false,"campfire_choices":[{"data":"Backflip","floor":6,"key":"SMITH"},{"data":"Survivor","floor":8,"key":"SMITH"},{"data":"Defend_G","floor":10,"key":"SMITH"},{"data":"Cloak And Dagger","floor":15,"key":"SMITH"}],"neow_cost":"NONE","seed_source_timestamp":5211740349202,"circlet_count":0,"master_deck":["Defend_G+1","Defend_G+1","Defend_G+1","Defend_G","Defend_G","Strike_G","Strike_G","Strike_G+1","Strike_G","Strike_G+1","Survivor+1","Neutralize+1","Backflip+1","Acrobatics","Deflect","Cloak And Dagger+1","Cloak And Dagger","Tools of the Trade","Pain","Injury","Doubt","Noxious Fumes","Accuracy","Panache","Cloak And Dagger","Blade Dance+1","Bouncing Flask+1","Cloak And Dagger"],"relics":["Busted Crown","Mercury Hourglass","War Paint","Meat on the Bone","Calling Bell","Omamori","Question Card","Pocketwatch"],"potions_floor_usage":[11,23],"damage_taken":[{"damage":0,"enemies":"2 Louse","floor":1,"turns":3},{"damage":0,"enemies":"Cultist","floor":4,"turns":3},{"damage":0,"enemies":"Small Slimes","floor":5,"turns":4},{"damage":4,"enemies":"Gremlin Nob","floor":11,"turns":3},{"damage":1,"enemies":"Exordium Thugs","floor":12,"turns":4},{"damage":0,"enemies":"Lagavulin","floor":14,"turns":7},{"damage":47,"enemies":"Slime Boss","floor":16,"turns":14},{"damage":1,"enemies":"Shell Parasite","floor":18,"turns":7},{"damage":0,"enemies":"Chosen","floor":20,"turns":6},{"damage":17,"enemies":"Shelled Parasite and Fungi","floor":21,"turns":6},{"damage":13,"enemies":"Sentry and Sphere","floor":22,"turns":6},{"damage":39,"enemies":"Gremlin Leader","floor":23,"turns":4}],"seed_played":"4111019493937700316","potions_obtained":[{"floor":5,"key":"Swift Potion"},{"floor":11,"key":"SpeedPotion"},{"floor":16,"key":"Dexterity Potion"},{"floor":20,"key":"PowerPotion"}],"is_trial":false,"path_per_floor":["M","$","?","M","M","R","?","R","T","R","E","M","$","E","R","B",null,"M","$","M","M","M","E"],"character_chosen":"THE_SILENT","items_purchased":["Cloak And Dagger","Accuracy","Panache","Cloak And Dagger"],"campfire_rested":0,"item_purchase_floors":[13,19,19,19],"current_hp_per_floor":[70,70,70,70,70,70,56,56,56,56,52,51,51,51,51,16,70,69,69,69,52,39,0],"gold":67,"neow_bonus":"BOSS_RELIC","is_prod":false,"is_daily":false,"chose_seed":false,"campfire_upgraded":4,"win_rate":0,"timestamp":1549697742,"path_taken":["M","$","?","?","M","R","?","R","T","R","E","M","?","E","R","BOSS","M","$","M","M","M","E"],"build_version":"2019-01-23","purchased_purges":0,"victory":false,"max_hp_per_floor":[70,70,70,70,70,70,70,70,70,70,70,70,70,70,70,70,70,70,70,70,70,70,70],"card_choices":[{"not_picked":[],"picked":"Backflip","floor":1},{"not_picked":["Quick Slash"],"picked":"SKIP","floor":4},{"not_picked":["Riddle With Holes"],"picked":"SKIP","floor":5},{"not_picked":[],"picked":"Acrobatics","floor":11},{"not_picked":[],"picked":"Deflect","floor":12},{"not_picked":[],"picked":"Cloak And Dagger","floor":14},{"not_picked":[],"picked":"Tools of the Trade","floor":16},{"not_picked":["Skewer"],"picked":"Noxious Fumes","floor":18},{"not_picked":["Dash"],"picked":"Blade Dance+1","floor":20},{"not_picked":["Sucker Punch"],"picked":"Bouncing Flask+1","floor":21},{"not_picked":["Flying Knee"],"picked":"Cloak And Dagger","floor":22}],"player_experience":876946,"relics_obtained":[{"floor":9,"key":"Mercury Hourglass"},{"floor":11,"key":"War Paint"},{"floor":14,"key":"Meat on the Bone"},{"floor":17,"key":"Omamori"},{"floor":17,"key":"Question Card"},{"floor":17,"key":"Pocketwatch"}],"event_choices":[{"damage_healed":0,"gold_gain":0,"player_choice":"Upgraded","damage_taken":0,"max_hp_gain":0,"max_hp_loss":0,"event_name":"Upgrade Shrine","floor":3,"gold_loss":0,"cards_upgraded":["Neutralize"]},{"damage_healed":0,"gold_gain":0,"player_choice":"Entered Light","damage_taken":14,"max_hp_gain":0,"max_hp_loss":0,"event_name":"Shining Light","floor":7,"gold_loss":0,"cards_upgraded":["Strike_G","Strike_G"]}],"is_beta":false,"boss_relics":[{"not_picked":["Velvet Choker","Snecko Eye"],"picked":"Calling Bell"}],"items_purged_floors":[],"is_endless":false,"potions_floor_spawned":[5,11,16,20,22],"killed_by":"Gremlin Leader","ascension_level":0}