{"gold_per_floor":[111,261,261,21,41,41,76,76,127,152,163,238,238,254,254,254],"floor_reached":16,"playtime":462,"items_purged":["Doubt"],"score":216,"play_id":"bc3fb872-df82-4561-80c4-dabc24f95661","local_time":"20190403005539","is_ascension_mode":true,"campfire_choices":[{"data":"Bash","floor":6,"key":"SMITH"},{"data":"Clothesline","floor":8,"key":"SMITH"},{"data":"True Grit","floor":13,"key":"SMITH"},{"data":"Spot Weakness","floor":15,"key":"SMITH"}],"neow_cost":"NONE","seed_source_timestamp":621627365502900,"circlet_count":0,"master_deck":["AscendersBane","Strike_R","Strike_R","Strike_R+1","Strike_R","Strike_R","Defend_R","Defend_R+1","Defend_R","Defend_R","Bash+1","Carnage","Clothesline+1","Sentinel","True Grit+1","Spot Weakness+1"],"relics":["Burning Blood","Bag of Preparation","Dead Branch","Art of War","Paper Frog"],"potions_floor_usage":[10,10],"damage_taken":[{"damage":9,"enemies":"Jaw Worm","floor":1,"turns":4},{"damage":4,"enemies":"Small Slimes","floor":5,"turns":4},{"damage":8,"enemies":"Gremlin Nob","floor":7,"turns":3},{"damage":5,"enemies":"3 Sentries","floor":10,"turns":4},{"damage":0,"enemies":"2 Louse","floor":11,"turns":2},{"damage":19,"enemies":"Large Slime","floor":14,"turns":5},{"damage":29,"enemies":"The Guardian","floor":16,"turns":5}],"seed_played":"4412689877385242339","potions_obtained":[{"floor":0,"key":"EssenceOfSteel"},{"floor":0,"key":"Explosive Potion"},{"floor":5,"key":"Explosive Potion"}],"is_trial":false,"path_per_floor":["M","?","?","$","M","R","E","R","T","E","M","?","R","M","R","B"],"character_chosen":"IRONCLAD","items_purchased":["Bag of Preparation"],"campfire_rested":0,"item_purchase_floors":[4],"current_hp_per_floor":[65,65,42,42,44,44,42,42,42,43,49,38,38,25,25,0],"gold":254,"neow_bonus":"THREE_SMALL_POTIONS","is_prod":false,"is_daily":false,"chose_seed":false,"campfire_upgraded":4,"win_rate":0,"timestamp":1554242139,"path_taken":["M","?","?","$","M","R","E","R","T","E","M","?","R","M","R","BOSS"],"build_version":"2019-01-23","purchased_purges":1,"victory":false,"max_hp_per_floor":[75,75,75,75,75,75,75,75,75,75,75,75,75,75,75,75],"card_choices":[{"not_picked":["Body Slam","Sentinel"],"picked":"Carnage","floor":1},{"not_picked":["Havoc","Brutality"],"picked":"Clothesline","floor":5},{"not_picked":["Brutality","Carnage"],"picked":"Sentinel","floor":7},{"not_picked":["Cleave","Warcry"],"picked":"True Grit","floor":10},{"not_picked":["Entrench","Heavy Blade"],"picked":"Spot Weakness","floor":11},{"not_picked":["Clash","Headbutt","Pommel Strike"],"picked":"SKIP","floor":14}],"player_experience":954276,"relics_obtained":[{"floor":7,"key":"Dead Branch"},{"floor":9,"key":"Art of War"},{"floor":10,"key":"Paper Frog"}],"event_choices":[{"damage_healed":0,"gold_gain":150,"player_choice":"AGREE","damage_taken":0,"max_hp_gain":0,"max_hp_loss":0,"event_name":"Liars Game","floor":2,"gold_loss":0,"cards_obtained":["Doubt"]},{"damage_healed":0,"gold_gain":0,"player_choice":"Entered Light","damage_taken":23,"max_hp_gain":0,"max_hp_loss":0,"event_name":"Shining Light","floor":3,"gold_loss":0,"cards_upgraded":["Defend_R","Strike_R"]},{"damage_healed":0,"gold_gain":75,"player_choice":"Gather Gold","damage_taken":11,"max_hp_gain":0,"max_hp_loss":0,"event_name":"World of Goop","floor":12,"gold_loss":0}],"is_beta":false,"boss_relics":[],"items_purged_floors":[4],"is_endless":false,"potions_floor_spawned":[5,7],"killed_by":"The Guardian","ascension_level":20}