{"gold_per_floor":[111,124,124,124,141,141,169,169,169,169,200,219,219],"floor_reached":13,"playtime":395,"items_purged":[],"score":181,"play_id":"e64b10f6-1ee3-4da1-8cd5-51707de274a3","local_time":"20190318021141","is_ascension_mode":true,"campfire_choices":[{"data":"Deadly Poison","floor":6.0,"key":"SMITH"},{"floor":8.0,"key":"REST"},{"data":"Deadly Poison","floor":10.0,"key":"SMITH"}],"neow_cost":"NONE","seed_source_timestamp":0,"circlet_count":0,"master_deck":["AscendersBane","Defend_G","Defend_G","Defend_G","Defend_G","Defend_G","Strike_G","Strike_G","Strike_G","Strike_G","Survivor","Neutralize+1","Deadly Poison+1","Deadly Poison+1","Night Terror","Backflip","Dodge and Roll"],"special_seed":0,"relics":["Ring of the Snake","NeowsBlessing","Gremlin Horn","Bottled Flame","Calipers"],"potions_floor_usage":[13],"damage_taken":[{"damage":0.0,"enemies":"Cultist","floor":1.0,"turns":1.0},{"damage":0.0,"enemies":"2 Louse","floor":2.0,"turns":1.0},{"damage":0.0,"enemies":"Small Slimes","floor":5.0,"turns":1.0},{"damage":33.0,"enemies":"Lagavulin","floor":7.0,"turns":7.0},{"damage":34.0,"enemies":"3 Sentries","floor":11.0,"turns":13.0},{"damage":1,"enemies":"2 Fungi Beasts","floor":12,"turns":4},{"damage":8,"enemies":"Blue Slaver","floor":13,"turns":3}],"seed_played":"-5034365082293424906","potions_obtained":[{"floor":2.0,"key":"SkillPotion"},{"floor":12,"key":"Energy Potion"}],"is_trial":false,"path_per_floor":["M","M","?","?","M","R","E","R","T","R","E","M","M"],"character_chosen":"THE_SILENT","items_purchased":[],"campfire_rested":1,"item_purchase_floors":[],"current_hp_per_floor":[59,59,52,52,52,52,19,38,38,38,4,3,0],"gold":219,"neow_bonus":"THREE_ENEMY_KILL","is_prod":false,"is_daily":false,"chose_seed":false,"campfire_upgraded":2,"win_rate":0,"timestamp":1552867901,"path_taken":["M","?","?","?","M","R","E","R","T","R","E","M","M"],"build_version":"2019-01-23","purchased_purges":0,"victory":false,"max_hp_per_floor":[66,66,66,66,66,66,66,66,66,66,66,66,66],"card_choices":[{"not_picked":["Underhanded Strike","Tactician","Sucker Punch"],"picked":"SKIP","floor":1.0},{"not_picked":["Expertise","Terror"],"picked":"Deadly Poison","floor":2.0},{"not_picked":["PiercingWail","Backstab"],"picked":"Deadly Poison","floor":5.0},{"not_picked":["Acrobatics","Deadly Poison"],"picked":"Night Terror","floor":7.0},{"not_picked":["Blade Dance","Reflex"],"picked":"Backflip","floor":11.0},{"not_picked":["Prepared","Poisoned Stab"],"picked":"Dodge and Roll","floor":12}],"player_experience":925218,"relics_obtained":[{"floor":7.0,"key":"Gremlin Horn"},{"floor":9.0,"key":"Bottled Flame"},{"floor":11.0,"key":"Calipers"}],"event_choices":[{"cards_removed":["Strike_G"],"damage_healed":0.0,"max_hp_gain":0.0,"max_hp_loss":0.0,"gold_gain":0.0,"event_name":"Golden Wing","player_choice":"Card Removal","floor":3.0,"gold_loss":0.0,"damage_taken":7.0},{"damage_healed":0.0,"max_hp_gain":0.0,"max_hp_loss":0.0,"gold_gain":0.0,"event_name":"Living Wall","player_choice":"Grow","floor":4.0,"gold_loss":0.0,"damage_taken":0.0,"cards_upgraded":["Neutralize"]}],"is_beta":false,"boss_relics":[],"items_purged_floors":[],"is_endless":false,"potions_floor_spawned":[2,12],"killed_by":"Blue Slaver","ascension_level":19}