{"gold_per_floor":[115,131,131,143,155,155,180,180,180,213,363,328,66,101,101,174,174,174,31,31,31,31,31,31,31],"floor_reached":25,"playtime":867,"items_purged":["Strike_R","Doubt"],"score":474,"play_id":"40a150da-5982-42b8-b50a-9080eb929223","local_time":"20190414001901","is_ascension_mode":true,"campfire_choices":[{"data":"Bash","floor":6,"key":"SMITH"},{"data":"Blind","floor":8,"key":"SMITH"},{"data":"Demon Form","floor":15,"key":"SMITH"},{"floor":24,"key":"REST"}],"neow_cost":"NONE","seed_source_timestamp":139597717102100,"circlet_count":0,"master_deck":["AscendersBane","Strike_R","Strike_R","Strike_R","Strike_R","Defend_R","Defend_R","Defend_R","Defend_R","Bash+1","Blind+1","Perfected Strike","Pommel Strike","Demon Form+1","Shrug It Off","Metallicize","Shockwave","Shrug It Off","Anger","Limit Break","Feel No Pain","Pain","Shockwave"],"relics":["Burning Blood","Du-Vu Doll","Torii","StoneCalendar","Bird Faced Urn","Champion Belt","Ectoplasm","WarpedTongs","Boot"],"potions_floor_usage":[25],"damage_taken":[{"damage":4,"enemies":"Cultist","floor":1,"turns":3},{"damage":9,"enemies":"Jaw Worm","floor":2,"turns":3},{"damage":3,"enemies":"2 Louse","floor":4,"turns":2},{"damage":9,"enemies":"2 Fungi Beasts","floor":5,"turns":3},{"damage":20,"enemies":"Lagavulin","floor":7,"turns":5},{"damage":23,"enemies":"3 Sentries","floor":10,"turns":7},{"damage":26,"enemies":"Gremlin Nob","floor":14,"turns":4},{"damage":18,"enemies":"Hexaghost","floor":16,"turns":10},{"damage":2,"enemies":"Chosen","floor":18,"turns":5},{"damage":15,"enemies":"Spheric Guardian","floor":22,"turns":4},{"damage":58,"enemies":"Gremlin Leader","floor":23,"turns":7},{"damage":50,"enemies":"Slavers","floor":25,"turns":3}],"seed_played":"-5602642142566905916","potions_obtained":[{"floor":1,"key":"LiquidBronze"},{"floor":2,"key":"SpeedPotion"},{"floor":5,"key":"Explosive Potion"}],"is_trial":false,"path_per_floor":["M","M","?","M","M","R","E","R","T","E","?","?","$","E","R","B",null,"M","$","?","$","M","E","R","E"],"character_chosen":"IRONCLAD","items_purchased":["Metallicize","Shockwave","Shrug It Off","Feel No Pain"],"campfire_rested":1,"item_purchase_floors":[13,13,13,19],"current_hp_per_floor":[70,67,56,59,56,56,42,42,42,25,25,43,43,25,25,17,61,69,69,69,69,64,18,40,0],"gold":31,"neow_bonus":"RANDOM_COLORLESS","is_prod":false,"is_daily":false,"chose_seed":false,"campfire_upgraded":3,"win_rate":0,"timestamp":1555190341,"path_taken":["M","?","?","M","M","R","E","R","T","E","?","?","$","E","R","BOSS","M","$","?","?","M","E","R","E"],"build_version":"2019-01-23","purchased_purges":2,"victory":false,"max_hp_per_floor":[75,75,75,75,75,75,75,75,75,75,75,75,75,75,75,75,75,75,75,75,75,75,75,75,75],"card_choices":[{"not_picked":["Pummel","Iron Wave"],"picked":"Perfected Strike","floor":1},{"not_picked":["Heavy Blade","Flex"],"picked":"Pommel Strike","floor":2},{"not_picked":["Wild Strike","Sever Soul","Heavy Blade"],"picked":"SKIP","floor":4},{"not_picked":["Body Slam","Hemokinesis","Entrench"],"picked":"SKIP","floor":5},{"not_picked":["Entrench","Demon Form","Anger"],"picked":"SKIP","floor":7},{"not_picked":["Entrench","Anger"],"picked":"Demon Form","floor":7},{"not_picked":["Havoc","Spot Weakness"],"picked":"Shrug It Off","floor":10},{"not_picked":["Clash","Wild Strike"],"picked":"Anger","floor":14},{"not_picked":["Demon Form","Barricade"],"picked":"Limit Break","floor":16},{"not_picked":["Clothesline","Body Slam","Entrench"],"picked":"SKIP","floor":18},{"not_picked":["Clash","Cleave"],"picked":"Shockwave","floor":22},{"not_picked":["Entrench","Wild Strike","Clothesline"],"picked":"SKIP","floor":23}],"player_experience":967139,"relics_obtained":[{"floor":7,"key":"Torii"},{"floor":9,"key":"StoneCalendar"},{"floor":10,"key":"Bird Faced Urn"},{"floor":14,"key":"Champion Belt"},{"floor":23,"key":"Boot"}],"event_choices":[{"damage_healed":0,"gold_gain":0,"player_choice":"Success","damage_taken":11,"relics_obtained":["Du-Vu Doll"],"max_hp_gain":0,"max_hp_loss":0,"event_name":"Scrap Ooze","floor":3,"gold_loss":0},{"damage_healed":0,"gold_gain":150,"player_choice":"AGREE","damage_taken":0,"max_hp_gain":0,"max_hp_loss":0,"event_name":"Liars Game","floor":11,"gold_loss":0,"cards_obtained":["Doubt"]},{"damage_healed":18,"gold_gain":0,"player_choice":"Healed","damage_taken":0,"max_hp_gain":0,"max_hp_loss":0,"event_name":"The Cleric","floor":12,"gold_loss":35},{"damage_healed":0,"gold_gain":0,"player_choice":"Rummage","damage_taken":0,"relics_obtained":["WarpedTongs"],"max_hp_gain":0,"max_hp_loss":0,"event_name":"Accursed Blacksmith","floor":20,"gold_loss":0,"cards_obtained":["Pain"]}],"is_beta":false,"boss_relics":[{"not_picked":["Pandora\u0027s Box","Calling Bell"],"picked":"Ectoplasm"}],"items_purged_floors":[13,19],"is_endless":false,"potions_floor_spawned":[1,2,5,22,23],"killed_by":"Slavers","ascension_level":20}