{"gold_per_floor":[111,161,8,22,33,33,52,52,133,147,147,181,181,194,194,271,271,281,196,196,196,214,214,245,245,313,313,326,339,45,58,58,132,132,151,0,0,0,11,36,68,80,92,133,165,206,218,244,256,268,280,292,304,27,55,55],"floor_reached":56,"playtime":6705,"items_purged":["Strike_G","Shame"],"score":1989,"play_id":"618964b8-7636-4956-9a8c-fda99e20d373","local_time":"20190622222916","is_ascension_mode":true,"campfire_choices":[{"data":"Dagger Spray","floor":6.0,"key":"SMITH"},{"data":"Neutralize","floor":8.0,"key":"SMITH"},{"data":"Skewer","floor":11.0,"key":"SMITH"},{"data":"Malaise","floor":15.0,"key":"SMITH"},{"data":"Well Laid Plans","floor":23.0,"key":"SMITH"},{"data":"Wraith Form v2","floor":25.0,"key":"SMITH"},{"data":"Cloak And Dagger","floor":27.0,"key":"SMITH"},{"data":"Noxious Fumes","floor":32.0,"key":"SMITH"},{"data":"Footwork","floor":42.0,"key":"SMITH"},{"floor":49.0,"key":"RECALL"},{"data":"Burst","floor":53,"key":"SMITH"}],"neow_cost":"NONE","seed_source_timestamp":0,"circlet_count":0,"master_deck":["AscendersBane","Survivor","Neutralize+1","Dagger Spray+1","Well Laid Plans+1","Quick Slash","Backstab","Backstab","Skewer+1","PiercingWail","Malaise+1","Die Die Die","Cloak And Dagger+1","PiercingWail+1","Wraith Form v2+1","Dash","Deadly Poison","Noxious Fumes+1","Backflip","Burst+1","Doppelganger+1","Adrenaline","Infinite Blades","Heel Hook","Masterful Stab","Acrobatics","PiercingWail+1","Bane","Deadly Poison","Prepared+1","After Image","Footwork+1","Shame","Backflip","Parasite","Acrobatics+1","Caltrops","Blur+1"],"special_seed":0,"relics":["Ring of the Snake","Ornamental Fan","Lantern","Bird Faced Urn","Cursed Key","Happy Flower","MutagenicStrength","Art of War","The Courier","Snake Skull","Pandora\u0027s Box","Red Mask","MawBank","Dodecahedron","Nunchaku","Singing Bowl","Blue Candle","War Paint"],"potions_floor_usage":[56],"damage_taken":[{"damage":0.0,"enemies":"2 Louse","floor":1.0,"turns":5.0},{"damage":0.0,"enemies":"Cultist","floor":4.0,"turns":4.0},{"damage":0.0,"enemies":"Jaw Worm","floor":5.0,"turns":4.0},{"damage":0.0,"enemies":"Blue Slaver","floor":7.0,"turns":4.0},{"damage":0.0,"enemies":"2 Fungi Beasts","floor":10.0,"turns":3.0},{"damage":4.0,"enemies":"Gremlin Nob","floor":12.0,"turns":3.0},{"damage":0.0,"enemies":"Exordium Wildlife","floor":14.0,"turns":1.0},{"damage":48.0,"enemies":"Slime Boss","floor":16.0,"turns":11.0},{"damage":10.0,"enemies":"Spheric Guardian","floor":18.0,"turns":4.0},{"damage":0.0,"enemies":"3 Byrds","floor":22.0,"turns":5.0},{"damage":0.0,"enemies":"Slavers","floor":24.0,"turns":4.0},{"damage":0.0,"enemies":"3 Cultists","floor":28.0,"turns":4.0},{"damage":9.0,"enemies":"Snecko","floor":29.0,"turns":6.0},{"damage":0.0,"enemies":"Centurion and Healer","floor":31.0,"turns":6.0},{"damage":52.0,"enemies":"Collector","floor":33.0,"turns":10.0},{"damage":0.0,"enemies":"3 Darklings","floor":35.0,"turns":4.0},{"damage":5.0,"enemies":"Orb Walker","floor":39.0,"turns":4.0},{"damage":8.0,"enemies":"Reptomancer","floor":40.0,"turns":6.0},{"damage":0.0,"enemies":"4 Shapes","floor":41.0,"turns":6.0},{"damage":15.0,"enemies":"Nemesis","floor":44.0,"turns":7.0},{"damage":1.0,"enemies":"Writhing Mass","floor":45.0,"turns":8.0},{"damage":0.0,"enemies":"Reptomancer","floor":46.0,"turns":5.0},{"damage":0.0,"enemies":"Transient","floor":48.0,"turns":6.0},{"damage":17.0,"enemies":"Donu and Deca","floor":50.0,"turns":12.0},{"damage":23,"enemies":"Awakened One","floor":51,"turns":24},{"damage":24,"enemies":"Shield and Spear","floor":55,"turns":11},{"damage":70,"enemies":"The Heart","floor":56,"turns":8}],"seed_played":"554423456199123347","potions_obtained":[{"floor":1.0,"key":"Fire Potion"},{"floor":12.0,"key":"Dexterity Potion"},{"floor":16.0,"key":"SneckoOil"},{"floor":22.0,"key":"Weak Potion"},{"floor":24.0,"key":"Fruit Juice"},{"floor":28.0,"key":"SpeedPotion"},{"floor":33.0,"key":"Swift Potion"}],"is_trial":false,"path_per_floor":["M","?","$","M","M","R","M","R","T","M","R","E","T","M","R","B",null,"M","?","?","?","M","R","E","R","T","R","M","M","$","M","R","B",null,"M","?","?","?","M","E","M","R","T","E","M","E","?","M","R","B","B",null,"R","$","E","B"],"character_chosen":"THE_SILENT","items_purchased":["Well Laid Plans","Noxious Fumes","Snake Skull","Backflip","Caltrops","Blue Candle"],"campfire_rested":0,"item_purchase_floors":[3,30,30,30,54,54],"current_hp_per_floor":[65,65,65,65,65,65,65,65,65,65,65,61,61,61,61,15,58,50,50,50,50,52,52,54,54,54,54,63,58,58,64,64,18,62,70,70,70,70,70,69,73,73,73,67,73,73,73,75,75,65,54,70,70,70,53,0],"gold":55,"neow_bonus":"TEN_PERCENT_HP_BONUS","is_prod":false,"is_daily":false,"chose_seed":false,"campfire_upgraded":10,"win_rate":0,"timestamp":1561231756,"path_taken":["M","?","?","?","M","R","M","R","T","M","R","E","?","M","R","BOSS","M","?","?","?","M","R","E","R","T","R","M","M","$","M","R","BOSS","M","?","?","?","M","E","?","R","T","E","M","E","?","M","R","BOSS","BOSS","R","$","E","BOSS"],"build_version":"2019-01-23","purchased_purges":2,"victory":false,"max_hp_per_floor":[72,72,72,72,72,72,72,72,72,72,72,72,72,72,72,72,72,72,72,72,72,72,72,72,72,72,72,77,77,77,77,77,77,77,77,77,73,73,73,73,73,73,73,73,73,73,73,75,75,75,75,75,75,75,75,75],"card_choices":[{"not_picked":["Expertise","Acrobatics"],"picked":"Dagger Spray","floor":1.0},{"not_picked":["Backstab","Riddle With Holes"],"picked":"Quick Slash","floor":4.0},{"not_picked":["Concentrate","Acrobatics"],"picked":"Backstab","floor":5.0},{"not_picked":["Backstab","Bane","Acrobatics"],"picked":"SKIP","floor":7.0},{"not_picked":["Bane","Acrobatics"],"picked":"Backstab","floor":7.0},{"not_picked":["Setup","Dodge and Roll"],"picked":"Skewer","floor":10.0},{"not_picked":["Riddle With Holes","Heel Hook"],"picked":"PiercingWail","floor":12.0},{"not_picked":["Deadly Poison","Accuracy"],"picked":"Malaise","floor":14.0},{"not_picked":["Envenom","Phantasmal Killer"],"picked":"Die Die Die","floor":16.0},{"not_picked":["Acrobatics","Reflex"],"picked":"Cloak And Dagger","floor":18.0},{"not_picked":["Sucker Punch","Noxious Fumes"],"picked":"PiercingWail+1","floor":22.0},{"not_picked":["Prepared","Bane"],"picked":"Wraith Form v2","floor":24.0},{"not_picked":["Prepared+1","Dagger Spray"],"picked":"Dash","floor":28.0},{"not_picked":["Blade Dance","All Out Attack"],"picked":"Deadly Poison","floor":29.0},{"not_picked":["Blade Dance","Backstab"],"picked":"Burst","floor":31.0},{"not_picked":["Grand Finale","Unload"],"picked":"Doppelganger","floor":33.0},{"not_picked":["Eviscerate","Deadly Poison","Dagger Spray+1"],"picked":"SKIP","floor":35.0},{"not_picked":["Poisoned Stab+1","Predator"],"picked":"Prepared+1","floor":39.0},{"not_picked":["Sucker Punch","Cloak And Dagger"],"picked":"After Image","floor":40.0},{"not_picked":["Backflip","Quick Slash+1"],"picked":"Footwork","floor":41.0},{"not_picked":["Dagger Throw","Cloak And Dagger"],"picked":"Backflip","floor":44.0},{"not_picked":["Deflect","Prepared"],"picked":"Acrobatics+1","floor":45.0},{"not_picked":["Accuracy","Quick Slash","Setup+1"],"picked":"SKIP","floor":46.0},{"not_picked":["Blur","Dagger Spray","Accuracy"],"picked":"Singing Bowl","floor":48.0},{"not_picked":["Terror","Endless Agony+1"],"picked":"Blur+1","floor":55}],"player_experience":1154156,"relics_obtained":[{"floor":9.0,"key":"Ornamental Fan"},{"floor":12.0,"key":"Lantern"},{"floor":13.0,"key":"Bird Faced Urn"},{"floor":24.0,"key":"Art of War"},{"floor":26.0,"key":"The Courier"},{"floor":40.0,"key":"MawBank"},{"floor":44.0,"key":"Dodecahedron"},{"floor":46.0,"key":"Nunchaku"},{"floor":55,"key":"War Paint"}],"event_choices":[{"damage_healed":0.0,"max_hp_gain":0.0,"max_hp_loss":0.0,"gold_gain":50.0,"event_name":"Golden Shrine","player_choice":"Pray","floor":2.0,"gold_loss":0.0,"damage_taken":0.0},{"damage_healed":0.0,"max_hp_gain":0.0,"max_hp_loss":0.0,"gold_gain":0.0,"event_name":"Addict","player_choice":"Obtained Relic","floor":19.0,"gold_loss":85.0,"damage_taken":0.0,"relics_obtained":["Happy Flower"]},{"damage_healed":0.0,"max_hp_gain":0.0,"max_hp_loss":0.0,"gold_gain":0.0,"event_name":"Drug Dealer","player_choice":"Inject Mutagens","floor":20.0,"gold_loss":0.0,"damage_taken":0.0,"relics_obtained":["MutagenicStrength"]},{"damage_healed":0.0,"max_hp_gain":0.0,"max_hp_loss":0.0,"gold_gain":0.0,"event_name":"The Mausoleum","player_choice":"Ignored","floor":21.0,"gold_loss":0.0,"damage_taken":0.0},{"damage_healed":0.0,"max_hp_gain":0.0,"max_hp_loss":0.0,"gold_gain":0.0,"event_name":"Tomb of Lord Red Mask","player_choice":"Paid","floor":36.0,"gold_loss":151.0,"damage_taken":0.0,"relics_obtained":["Red Mask"]},{"damage_healed":0.0,"max_hp_gain":0.0,"max_hp_loss":4.0,"gold_gain":0.0,"event_name":"Winding Halls","player_choice":"Max HP","floor":37.0,"gold_loss":0.0,"damage_taken":0.0},{"damage_healed":0.0,"max_hp_gain":0.0,"max_hp_loss":0.0,"gold_gain":0.0,"cards_transformed":["Eviscerate"],"event_name":"Transmorgrifier","player_choice":"Transformed","floor":38.0,"gold_loss":0.0,"damage_taken":0.0,"cards_obtained":["Deadly Poison"]},{"cards_removed":["Phantasmal Killer"],"damage_healed":0.0,"max_hp_gain":0.0,"max_hp_loss":0.0,"gold_gain":0.0,"event_name":"WeMeetAgain","player_choice":"Gave Card","floor":47.0,"gold_loss":0.0,"damage_taken":0.0,"relics_obtained":["Singing Bowl"]}],"is_beta":false,"boss_relics":[{"not_picked":["Eternal Feather","Calling Bell"],"picked":"Cursed Key"},{"not_picked":["Fusion Hammer","Empty Cage"],"picked":"Pandora\u0027s Box"}],"items_purged_floors":[3,30],"is_endless":false,"potions_floor_spawned":[1,12,14,16,22,24,28,33,35,39,48],"killed_by":"The Heart","ascension_level":20}