{"gold_per_floor":[109,109,120,45,59,59,89,101,125,125,155,3,3,3,3,3],"floor_reached":16,"playtime":629,"items_purged":["Pain"],"score":216,"play_id":"cf5b5cb4-0467-42cb-b70d-861313c09dbd","local_time":"20190511235208","is_ascension_mode":true,"campfire_choices":[{"data":"Whirlwind","floor":6,"key":"SMITH"},{"floor":10,"key":"REST"},{"data":"Disarm","floor":15,"key":"SMITH"}],"neow_cost":"NONE","seed_source_timestamp":276879986927500,"circlet_count":0,"master_deck":["AscendersBane","Strike_R","Strike_R","Strike_R","Strike_R","Defend_R","Defend_R","Defend_R+1","Defend_R","Bash","Whirlwind+1","Disarm+1","Flame Barrier+1","Thunderclap","Dropkick","Feel No Pain","True Grit","Armaments"],"special_seed":0,"relics":["Burning Blood","WarpedTongs","War Paint","Dream Catcher","MawBank"],"potions_floor_usage":[8],"damage_taken":[{"damage":13.0,"enemies":"Cultist","floor":1.0,"turns":5.0},{"damage":10.0,"enemies":"Small Slimes","floor":3.0,"turns":4.0},{"damage":2,"enemies":"2 Louse","floor":5,"turns":3},{"damage":48,"enemies":"Gremlin Nob","floor":7,"turns":5},{"damage":14,"enemies":"Gremlin Gang","floor":8,"turns":6},{"damage":15,"enemies":"3 Sentries","floor":11,"turns":5},{"damage":46,"enemies":"Hexaghost","floor":16,"turns":14}],"seed_played":"7219753782968348790","potions_obtained":[{"floor":1.0,"key":"Regen Potion"},{"floor":3.0,"key":"SkillPotion"}],"is_trial":false,"path_per_floor":["M","?","M","$","M","R","E","M","T","R","E","$","?","$","R","B"],"character_chosen":"IRONCLAD","items_purchased":["Feel No Pain","True Grit","Armaments"],"campfire_rested":1,"item_purchase_floors":[12,12,12],"current_hp_per_floor":[68,68,64,64,68,68,26,33,33,57,48,48,41,41,41,0],"gold":3,"neow_bonus":"TEN_PERCENT_HP_BONUS","is_prod":false,"is_daily":false,"chose_seed":false,"campfire_upgraded":2,"win_rate":0,"timestamp":1557607928,"path_taken":["M","?","?","?","M","R","E","M","T","R","E","$","?","$","R","BOSS"],"build_version":"2019-01-23","purchased_purges":1,"victory":false,"max_hp_per_floor":[82,82,82,82,82,82,82,82,82,82,82,82,82,82,82,82],"card_choices":[{"not_picked":["Power Through","Anger"],"picked":"Whirlwind","floor":1.0},{"not_picked":["Anger","Fire Breathing","Heavy Blade"],"picked":"SKIP","floor":3.0},{"not_picked":["Pummel","Sword Boomerang"],"picked":"Disarm","floor":5},{"not_picked":["Anger","Seeing Red"],"picked":"Flame Barrier","floor":7},{"not_picked":["Reckless Charge","Pommel Strike"],"picked":"Thunderclap","floor":8},{"not_picked":["Bloodletting","Carnage"],"picked":"Dropkick","floor":10},{"not_picked":["Heavy Blade","Sever Soul","Wild Strike"],"picked":"SKIP","floor":11},{"not_picked":["Heavy Blade","Sever Soul","Wild Strike"],"picked":"SKIP","floor":11}],"player_experience":1004245,"relics_obtained":[{"floor":7,"key":"War Paint"},{"floor":9,"key":"Dream Catcher"},{"floor":11,"key":"MawBank"}],"event_choices":[{"damage_healed":0.0,"max_hp_gain":0.0,"max_hp_loss":0.0,"gold_gain":0.0,"event_name":"Accursed Blacksmith","player_choice":"Rummage","floor":2.0,"gold_loss":0.0,"damage_taken":0.0,"relics_obtained":["WarpedTongs"],"cards_obtained":["Pain"]},{"cards_removed":["Strike_R"],"damage_healed":0,"gold_gain":0,"player_choice":"Card Removal","damage_taken":7,"max_hp_gain":0,"max_hp_loss":0,"event_name":"Golden Wing","floor":13,"gold_loss":0}],"is_beta":false,"boss_relics":[],"items_purged_floors":[4],"is_endless":false,"potions_floor_spawned":[1,3,7],"killed_by":"Hexaghost","ascension_level":20}