{"gold_per_floor":[115,134,152,77,77,77,107,118,118,193,193,211,244,244,244,244],"floor_reached":16,"playtime":659,"items_purged":[],"score":220,"play_id":"8fe478fb-c654-4a35-9e30-c4056a024f36","local_time":"20190626183227","is_ascension_mode":true,"campfire_choices":[{"data":"Zap","floor":6,"key":"SMITH"},{"data":"Ball Lightning","floor":11,"key":"SMITH"},{"data":"Consume","floor":15,"key":"SMITH"}],"neow_cost":"NONE","seed_source_timestamp":1156811466277100,"circlet_count":0,"master_deck":["AscendersBane","Strike_B","Strike_B","Defend_B","Defend_B","Defend_B","Defend_B","Zap+1","Dualcast","Self Repair","Self Repair","Cold Snap","Echo Form","Ball Lightning+1","Gash","Consume+1"],"relics":["Cracked Core","Matryoshka","Dream Catcher","Shuriken","Singing Bowl","Golden Idol"],"potions_floor_usage":[7],"damage_taken":[{"damage":2,"enemies":"Jaw Worm","floor":1,"turns":3},{"damage":3,"enemies":"Small Slimes","floor":2,"turns":3},{"damage":6,"enemies":"2 Louse","floor":3,"turns":3},{"damage":39,"enemies":"3 Sentries","floor":7,"turns":10},{"damage":13,"enemies":"Looter","floor":8,"turns":4},{"damage":10,"enemies":"Blue Slaver","floor":12,"turns":10},{"damage":28,"enemies":"Gremlin Nob","floor":13,"turns":4},{"damage":57,"enemies":"Slime Boss","floor":16,"turns":6}],"seed_played":"6805068941820240438","potions_obtained":[{"floor":1,"key":"Explosive Potion"},{"floor":13,"key":"Poison Potion"}],"is_trial":false,"path_per_floor":["M","M","M","?","?","R","E","M","T","?","R","M","E","?","R","B"],"character_chosen":"DEFECT","items_purchased":[],"campfire_rested":0,"item_purchase_floors":[],"current_hp_per_floor":[69,73,78,78,71,71,46,61,61,50,50,68,54,54,54,0],"gold":244,"neow_bonus":"TEN_PERCENT_HP_BONUS","is_prod":false,"is_daily":false,"chose_seed":false,"campfire_upgraded":3,"win_rate":0,"timestamp":1561563147,"path_taken":["M","M","M","?","?","R","E","M","T","?","R","M","E","?","R","BOSS"],"build_version":"2019-01-23","purchased_purges":0,"victory":false,"max_hp_per_floor":[78,78,78,78,78,78,78,78,78,78,78,78,78,71,71,71],"card_choices":[{"not_picked":["Cold Snap","Chill"],"picked":"Self Repair","floor":1},{"not_picked":["Stack","Heatsinks"],"picked":"Self Repair","floor":2},{"not_picked":["BootSequence","Compile Driver"],"picked":"Cold Snap","floor":3},{"not_picked":["Scrape","Compile Driver"],"picked":"Echo Form","floor":7},{"not_picked":["Blizzard","Skim"],"picked":"Ball Lightning","floor":8},{"not_picked":["Steam","Rebound"],"picked":"Gash","floor":12},{"not_picked":["Force Field","Tempest"],"picked":"Consume","floor":13}],"player_experience":1180940,"relics_obtained":[{"floor":7,"key":"Matryoshka"},{"floor":9,"key":"Dream Catcher"},{"floor":9,"key":"Shuriken"},{"floor":13,"key":"Singing Bowl"}],"event_choices":[{"cards_removed":["Strike_B"],"damage_healed":0,"gold_gain":0,"player_choice":"Card Removal","damage_taken":0,"max_hp_gain":0,"max_hp_loss":0,"event_name":"The Cleric","floor":4,"gold_loss":75},{"cards_removed":["Strike_B"],"damage_healed":0,"gold_gain":0,"player_choice":"Card Removal","damage_taken":7,"max_hp_gain":0,"max_hp_loss":0,"event_name":"Golden Wing","floor":5,"gold_loss":0},{"damage_healed":0,"gold_gain":75,"player_choice":"Gather Gold","damage_taken":11,"max_hp_gain":0,"max_hp_loss":0,"event_name":"World of Goop","floor":10,"gold_loss":0},{"damage_healed":0,"gold_gain":0,"player_choice":"Lose Max HP","damage_taken":0,"relics_obtained":["Golden Idol"],"max_hp_gain":0,"max_hp_loss":7,"event_name":"Golden Idol","floor":14,"gold_loss":0}],"is_beta":false,"boss_relics":[],"items_purged_floors":[],"is_endless":false,"potions_floor_spawned":[1,13],"killed_by":"Slime Boss","ascension_level":20}