{"gold_per_floor":[115,40,40,315,338,338,351,395,395,395,413,313,313,313,313,442,442,461,484,484,484,484,484,507,521,545,545,569,444,444,469,469,589,652,665,665,681,531,545,545,561,561,561,894,904,951,966,46,46,46],"floor_reached":51,"playtime":931,"items_purged":["Dark Embrace","Regret","Hemokinesis","Body Slam","Rampage"],"score":747,"play_id":"a25f8209-d4fa-4158-bc61-302a403af19c","local_time":"20190630200729","is_ascension_mode":false,"campfire_choices":[{"data":"Searing Blow","floor":6.0,"key":"SMITH"},{"data":"Searing Blow+1","floor":10.0,"key":"SMITH"},{"data":"Searing Blow+2","floor":13.0,"key":"SMITH"},{"data":"Searing Blow+4","floor":15.0,"key":"SMITH"},{"data":"Searing Blow+5","floor":23,"key":"SMITH"},{"data":"Searing Blow+6","floor":27,"key":"SMITH"},{"data":"Searing Blow+7","floor":30,"key":"SMITH"},{"data":"Searing Blow+8","floor":32,"key":"SMITH"},{"data":"Searing Blow+10","floor":40,"key":"SMITH"},{"data":"Searing Blow+11","floor":42,"key":"SMITH"},{"data":"Searing Blow+12","floor":49,"key":"SMITH"}],"neow_cost":"NONE","seed_source_timestamp":10319769063457,"circlet_count":0,"master_deck":["Bash","Rage","Carnage","Searing Blow+13","Rage","Armaments+1","Double Tap","Armaments+1"],"special_seed":0,"relics":["Pandora\u0027s Box","Pantograph","Velvet Choker","Strawberry","Tiny House","Regal Pillow","Incense Burner","Self Forming Clay","Mummified Hand","Chemical X"],"potions_floor_usage":[24,35,50,50,50],"damage_taken":[{"damage":0.0,"enemies":"Cultist","floor":1.0,"turns":3.0},{"damage":11.0,"enemies":"2 Louse","floor":5.0,"turns":2.0},{"damage":2.0,"enemies":"Small Slimes","floor":7.0,"turns":2.0},{"damage":7.0,"enemies":"Gremlin Nob","floor":8.0,"turns":3.0},{"damage":5.0,"enemies":"Exordium Thugs","floor":11.0,"turns":3.0},{"damage":42.0,"enemies":"Hexaghost","floor":16.0,"turns":6.0},{"damage":10.0,"enemies":"Chosen","floor":18.0,"turns":2.0},{"damage":10.0,"enemies":"2 Thieves","floor":19.0,"turns":2.0},{"damage":3,"enemies":"Shelled Parasite and Fungi","floor":24,"turns":2},{"damage":10,"enemies":"3 Cultists","floor":25,"turns":4},{"damage":0,"enemies":"Snake Plant","floor":28,"turns":2},{"damage":0,"enemies":"Centurion and Healer","floor":31,"turns":3},{"damage":27,"enemies":"Collector","floor":33,"turns":4},{"damage":7,"enemies":"3 Shapes","floor":35,"turns":4},{"damage":0,"enemies":"Orb Walker","floor":37,"turns":2},{"damage":9,"enemies":"Sphere and 2 Shapes","floor":39,"turns":3},{"damage":0,"enemies":"Writhing Mass","floor":41,"turns":1},{"damage":0,"enemies":"Spire Growth","floor":45,"turns":2},{"damage":10,"enemies":"2 Orb Walkers","floor":46,"turns":3},{"damage":15,"enemies":"Jaw Worm Horde","floor":47,"turns":4},{"damage":0,"enemies":"Donu and Deca","floor":50,"turns":3}],"seed_played":"-7664455427165381859","potions_obtained":[{"floor":5.0,"key":"Strength Potion"},{"floor":8.0,"key":"Fire Potion"},{"floor":16.0,"key":"Strength Potion"},{"floor":19.0,"key":"Energy Potion"},{"floor":24,"key":"Ancient Potion"},{"floor":34,"key":"Fire Potion"},{"floor":39,"key":"LiquidBronze"},{"floor":41,"key":"SpeedPotion"}],"is_trial":false,"path_per_floor":["M","$","?","?","M","R","M","E","T","R","M","$","R","?","R","B",null,"M","M","?","?","?","R","M","M","T","R","M","$","R","M","R","B",null,"M","?","M","$","M","R","M","R","T","?","M","?","M","$","R","B",null],"character_chosen":"IRONCLAD","items_purchased":["Self Forming Clay","PowerPotion","Mummified Hand","Chemical X"],"campfire_rested":0,"item_purchase_floors":[48,48,48,48],"current_hp_per_floor":[80,80,74,74,63,63,61,54,54,54,49,49,49,49,49,32,74,64,54,54,54,74,74,71,61,68,68,68,68,68,68,68,54,86,79,79,79,79,70,70,70,70,70,70,70,60,45,45,45,70],"gold":46,"neow_bonus":"BOSS_RELIC","is_prod":false,"is_daily":false,"chose_seed":false,"campfire_upgraded":11,"win_rate":0,"timestamp":1561946849,"path_taken":["M","?","?","?","?","R","M","E","T","R","M","$","R","?","R","BOSS","M","M","?","?","?","R","?","M","T","R","M","$","R","M","R","BOSS","M","?","M","$","?","R","M","R","T","?","M","?","M","$","R","BOSS"],"build_version":"2019-01-23","purchased_purges":5,"victory":true,"max_hp_per_floor":[80,80,74,74,74,74,74,74,74,74,74,74,74,74,74,74,74,74,74,74,74,74,74,74,74,81,81,81,81,81,81,81,81,86,86,86,86,86,86,86,86,86,86,86,86,86,86,86,86,86],"card_choices":[{"not_picked":["Pommel Strike","Cleave","Heavy Blade"],"picked":"SKIP","floor":1.0},{"not_picked":["Headbutt","Pummel","Shrug It Off"],"picked":"SKIP","floor":5.0},{"not_picked":["Blood for Blood","Dual Wield","Sentinel"],"picked":"SKIP","floor":7.0},{"not_picked":["Inflame","Anger","Exhume"],"picked":"SKIP","floor":8.0},{"not_picked":["Combust","Reckless Charge"],"picked":"Armaments","floor":11.0},{"not_picked":["Havoc","Body Slam+1","Headbutt"],"picked":"SKIP","floor":18.0},{"not_picked":["Twin Strike","Rupture","Havoc+1"],"picked":"SKIP","floor":19.0},{"not_picked":["Perfected Strike","Thunderclap+1","Wild Strike"],"picked":"SKIP","floor":24},{"not_picked":["Warcry","Body Slam","Fire Breathing"],"picked":"SKIP","floor":25},{"not_picked":["Pommel Strike","Anger+1","Rampage+1"],"picked":"SKIP","floor":28},{"not_picked":["Spot Weakness","Juggernaut","Sentinel+1"],"picked":"SKIP","floor":31},{"not_picked":["Headbutt+1","Clash+1","Battle Trance"],"picked":"SKIP","floor":35},{"not_picked":["Carnage+1","Twin Strike+1","Shrug It Off+1"],"picked":"SKIP","floor":37},{"not_picked":["Flex+1","Twin Strike+1"],"picked":"Double Tap","floor":39},{"not_picked":["Wild Strike+1","Whirlwind","Power Through+1"],"picked":"SKIP","floor":41},{"not_picked":["Iron Wave+1","Flame Barrier","Anger"],"picked":"SKIP","floor":45},{"not_picked":["Flex+1","Power Through+1"],"picked":"Armaments+1","floor":46},{"not_picked":["Thunderclap","Clothesline+1","Dropkick+1"],"picked":"SKIP","floor":47}],"player_experience":1522600,"relics_obtained":[{"floor":9.0,"key":"Pantograph"},{"floor":26,"key":"Strawberry"},{"floor":43,"key":"Regal Pillow"},{"floor":46,"key":"Incense Burner"}],"event_choices":[{"damage_healed":0.0,"max_hp_gain":0.0,"max_hp_loss":6.0,"gold_gain":0.0,"event_name":"Golden Idol","player_choice":"Lose Max HP","floor":3.0,"gold_loss":0.0,"damage_taken":0.0,"relics_obtained":["Golden Idol"]},{"damage_healed":0.0,"max_hp_gain":0.0,"max_hp_loss":0.0,"gold_gain":275.0,"event_name":"Golden Shrine","player_choice":"Desecrate","floor":4.0,"gold_loss":0.0,"damage_taken":0.0,"cards_obtained":["Regret"]},{"damage_healed":0.0,"max_hp_gain":0.0,"max_hp_loss":0.0,"gold_gain":0.0,"event_name":"Upgrade Shrine","player_choice":"Upgraded","floor":14.0,"gold_loss":0.0,"damage_taken":0.0,"cards_upgraded":["Searing Blow"]},{"cards_removed":["Dark Embrace"],"damage_healed":0.0,"max_hp_gain":0.0,"max_hp_loss":0.0,"gold_gain":0.0,"event_name":"Back to Basics","player_choice":"Elegance","floor":20.0,"gold_loss":0.0,"damage_taken":0.0},{"damage_healed":0,"gold_gain":0,"player_choice":"Ignored","damage_taken":0,"max_hp_gain":0,"max_hp_loss":0,"event_name":"Cursed Tome","floor":21,"gold_loss":0},{"damage_healed":24,"gold_gain":0,"player_choice":"Heal","damage_taken":0,"max_hp_gain":0,"max_hp_loss":0,"event_name":"The Library","floor":22,"gold_loss":0},{"damage_healed":0,"gold_gain":0,"player_choice":"Upgraded","damage_taken":0,"max_hp_gain":0,"max_hp_loss":0,"event_name":"Upgrade Shrine","floor":36,"gold_loss":0,"cards_upgraded":["Searing Blow"]},{"damage_healed":0,"gold_gain":333,"player_choice":"Gave Idol","damage_taken":0,"max_hp_gain":0,"max_hp_loss":0,"event_name":"The Moai Head","floor":44,"relics_lost":["Golden Idol"],"gold_loss":0},{"damage_healed":0,"gold_gain":0,"player_choice":"Fight","damage_taken":0,"max_hp_gain":0,"max_hp_loss":0,"event_name":"Mysterious Sphere","floor":46,"gold_loss":0}],"is_beta":false,"boss_relics":[{"not_picked":["White Beast Statue","Ectoplasm"],"picked":"Velvet Choker"},{"not_picked":["Mark of Pain","Snecko Eye"],"picked":"Tiny House"}],"items_purged_floors":[2,12,29,38,48],"is_endless":false,"potions_floor_spawned":[5,8,16,19,24,39,41],"ascension_level":0}