{"gold_per_floor":[111,126,7,17,17,50,50,75,75,93,93,112,112,112,112,191,191,204,254,254,23,23,53,53,67,147,172,186,186,186],"floor_reached":30,"playtime":1436,"items_purged":["Strike_G"],"score":602,"play_id":"2859e491-d831-4ec9-a449-dc5cd283b712","local_time":"20190414095303","is_ascension_mode":true,"campfire_choices":[{"floor":7.0,"key":"REST"},{"data":"Noxious Fumes","floor":13.0,"key":"SMITH"},{"data":"Dash","floor":15.0,"key":"SMITH"},{"data":"Well Laid Plans","floor":24.0,"key":"SMITH"}],"neow_cost":"NONE","seed_source_timestamp":173453167919700,"circlet_count":0,"master_deck":["AscendersBane","Defend_G+1","Defend_G+1","Defend_G+1","Defend_G+1","Defend_G+1","Strike_G+1","Strike_G+1","Strike_G+1","Survivor","Neutralize+1","Dagger Throw","Poisoned Stab","Well Laid Plans+1","Deadly Poison","Dash+1","Noxious Fumes+1","After Image","Catalyst","Adrenaline","PiercingWail","Well Laid Plans+1","Backflip","Leg Sweep+1","Decay"],"special_seed":0,"relics":["Ring of the Snake","NeowsBlessing","Dodecahedron","Pantograph","Bottled Flame","Sozu","Ginger","Bottled Tornado","Frozen Egg 2"],"potions_floor_usage":[],"damage_taken":[{"damage":0.0,"enemies":"Cultist","floor":1.0,"turns":1.0},{"damage":0.0,"enemies":"Small Slimes","floor":2.0,"turns":1.0},{"damage":0.0,"enemies":"Jaw Worm","floor":4.0,"turns":1.0},{"damage":19.0,"enemies":"3 Sentries","floor":6.0,"turns":8.0},{"damage":32.0,"enemies":"Gremlin Nob","floor":8.0,"turns":5.0},{"damage":0.0,"enemies":"Large Slime","floor":10.0,"turns":5.0},{"damage":4.0,"enemies":"3 Louse","floor":12.0,"turns":4.0},{"damage":25.0,"enemies":"Slime Boss","floor":16.0,"turns":11.0},{"damage":1.0,"enemies":"Chosen","floor":18.0,"turns":5.0},{"damage":0.0,"enemies":"Gremlin Leader","floor":23.0,"turns":7.0},{"damage":14.0,"enemies":"2 Thieves","floor":25.0,"turns":4.0},{"damage":28,"enemies":"Slavers","floor":27,"turns":5},{"damage":1,"enemies":"Snecko","floor":28,"turns":5},{"damage":24,"enemies":"Gremlin Leader","floor":30,"turns":3}],"seed_played":"-1946280030795475705","potions_obtained":[{"floor":1.0,"key":"SpeedPotion"},{"floor":4.0,"key":"Fire Potion"},{"floor":6.0,"key":"Fruit Juice"},{"floor":10.0,"key":"Poison Potion"}],"is_trial":false,"path_per_floor":["M","M","$","M","?","E","R","E","T","M","?","M","R","?","R","B",null,"M","?","?","$","?","E","R","M","T","E","M","?","E"],"character_chosen":"THE_SILENT","items_purchased":["Well Laid Plans","Adrenaline","PiercingWail"],"campfire_rested":1,"item_purchase_floors":[3,21,21],"current_hp_per_floor":[59,59,59,59,39,20,39,7,7,7,29,25,25,18,18,18,54,53,53,53,53,53,53,53,39,39,11,10,10,0],"gold":186,"neow_bonus":"THREE_ENEMY_KILL","is_prod":false,"is_daily":false,"chose_seed":false,"campfire_upgraded":3,"win_rate":0,"timestamp":1555224783,"path_taken":["M","?","$","M","?","E","R","E","T","M","?","M","R","?","R","BOSS","M","?","?","$","?","E","R","M","T","E","?","?","E"],"build_version":"2019-01-23","purchased_purges":1,"victory":false,"max_hp_per_floor":[66,66,66,66,66,66,66,66,66,66,66,66,66,66,66,66,66,66,66,66,66,66,66,66,66,66,66,66,66,66],"card_choices":[{"not_picked":["Slice","Dodge and Roll"],"picked":"Dagger Throw","floor":1.0},{"not_picked":["Blade Dance","Grand Finale"],"picked":"Poisoned Stab","floor":2.0},{"not_picked":["Riddle With Holes","Caltrops"],"picked":"Deadly Poison","floor":4.0},{"not_picked":["Eviscerate","Underhanded Strike"],"picked":"Dash","floor":6.0},{"not_picked":["Concentrate","Glass Knife","Masterful Stab"],"picked":"SKIP","floor":8.0},{"not_picked":["Cloak And Dagger","Blade Dance","Calculated Gamble"],"picked":"SKIP","floor":10.0},{"not_picked":["Choke","Outmaneuver"],"picked":"Noxious Fumes","floor":12.0},{"not_picked":["Tools of the Trade","Glass Knife"],"picked":"After Image","floor":16.0},{"not_picked":["Slice","Dagger Spray"],"picked":"Catalyst","floor":18.0},{"not_picked":["Bane","Concentrate","Flechettes"],"picked":"SKIP","floor":23.0},{"not_picked":["Masterful Stab+1","Flying Knee"],"picked":"Well Laid Plans+1","floor":25.0},{"not_picked":["Prepared","Deflect"],"picked":"Backflip","floor":27},{"not_picked":["Slice","Bane"],"picked":"Leg Sweep+1","floor":28}],"player_experience":968006,"relics_obtained":[{"floor":6.0,"key":"Dodecahedron"},{"floor":8.0,"key":"Pantograph"},{"floor":9.0,"key":"Bottled Flame"},{"floor":23.0,"key":"Ginger"},{"floor":26.0,"key":"Bottled Tornado"},{"floor":27,"key":"Frozen Egg 2"}],"event_choices":[{"damage_healed":0.0,"max_hp_gain":0.0,"max_hp_loss":0.0,"gold_gain":0.0,"event_name":"Shining Light","player_choice":"Entered Light","floor":5.0,"gold_loss":0.0,"damage_taken":20.0,"cards_upgraded":["Defend_G","Defend_G"]},{"damage_healed":22.0,"max_hp_gain":0.0,"max_hp_loss":0.0,"gold_gain":0.0,"event_name":"Big Fish","player_choice":"Banana","floor":11.0,"gold_loss":0.0,"damage_taken":0.0},{"cards_removed":["Strike_G"],"damage_healed":0.0,"max_hp_gain":0.0,"max_hp_loss":0.0,"gold_gain":0.0,"event_name":"Golden Wing","player_choice":"Card Removal","floor":14.0,"gold_loss":0.0,"damage_taken":7.0},{"damage_healed":0.0,"max_hp_gain":0.0,"max_hp_loss":0.0,"gold_gain":50.0,"event_name":"Nest","player_choice":"Stole From Cult","floor":19.0,"gold_loss":0.0,"damage_taken":0.0},{"damage_healed":0.0,"max_hp_gain":0.0,"max_hp_loss":0.0,"gold_gain":0.0,"event_name":"Back to Basics","player_choice":"Simplicity","floor":20.0,"gold_loss":0.0,"damage_taken":0.0,"cards_upgraded":["Defend_G","Defend_G","Defend_G","Strike_G","Strike_G","Strike_G"]},{"damage_healed":0.0,"max_hp_gain":0.0,"max_hp_loss":0.0,"gold_gain":0.0,"event_name":"Accursed Blacksmith","player_choice":"Forge","floor":22.0,"gold_loss":0.0,"damage_taken":0.0,"cards_upgraded":["Neutralize"]},{"damage_healed":0,"gold_gain":0,"player_choice":"Smashed Altar","damage_taken":0,"max_hp_gain":0,"max_hp_loss":0,"event_name":"Forgotten Altar","floor":29,"gold_loss":0,"cards_obtained":["Decay"]}],"is_beta":false,"boss_relics":[{"not_picked":["Velvet Choker","Ectoplasm"],"picked":"Sozu"}],"items_purged_floors":[3],"is_endless":false,"potions_floor_spawned":[1,4,6,10,18,23,28],"killed_by":"Gremlin Leader","ascension_level":20}