{"gold_per_floor":[14,32,32,32,32,32,59,59,84,84,97,110,110,124,124,201,201,217,233,23,23,37,37,37],"floor_reached":24,"playtime":1365,"items_purged":[],"score":363,"play_id":"b73eaec1-461d-479b-bbc0-373d80619632","local_time":"20190121213647","is_ascension_mode":true,"campfire_choices":[{"data":"Deadly Poison","floor":6,"key":"SMITH"},{"floor":8,"key":"REST"},{"data":"Wraith Form v2","floor":10,"key":"SMITH"},{"data":"Neutralize","floor":13,"key":"SMITH"},{"floor":15,"key":"REST"},{"data":"Catalyst","floor":23,"key":"SMITH"}],"neow_cost":"NO_GOLD","seed_source_timestamp":46462795569100,"circlet_count":0,"master_deck":["AscendersBane","Defend_G","Defend_G","Defend_G","Defend_G+1","Defend_G","Strike_G","Strike_G","Strike_G","Strike_G","Survivor","Neutralize+1","Acrobatics+1","Deadly Poison+1","Wraith Form v2+1","Footwork","Dagger Throw","Predator","Corpse Explosion","Catalyst+1","Leg Sweep","PiercingWail+1"],"relics":["Ring of the Snake","Question Card","Regal Pillow","Velvet Choker","PrismaticShard"],"potions_floor_usage":[7,16,24,24,24,24],"damage_taken":[{"damage":7,"enemies":"Jaw Worm","floor":1,"turns":10},{"damage":7,"enemies":"Small Slimes","floor":2,"turns":5},{"damage":23,"enemies":"Lagavulin","floor":7,"turns":7},{"damage":0,"enemies":"2 Louse","floor":11,"turns":4},{"damage":2,"enemies":"Looter","floor":12,"turns":4},{"damage":18,"enemies":"Exordium Thugs","floor":14,"turns":7},{"damage":11,"enemies":"Hexaghost","floor":16,"turns":13},{"damage":2,"enemies":"Chosen","floor":18,"turns":6},{"damage":9,"enemies":"3 Byrds","floor":19,"turns":9},{"damage":14,"enemies":"Centurion and Healer","floor":22,"turns":6},{"damage":48,"enemies":"Gremlin Leader","floor":24,"turns":14}],"seed_played":"1791974122349220621","potions_obtained":[{"floor":2,"key":"Weak Potion"},{"floor":7,"key":"GamblersBrew"},{"floor":14,"key":"EssenceOfSteel"},{"floor":16,"key":"PowerPotion"},{"floor":22,"key":"EntropicBrew"}],"is_trial":false,"path_per_floor":["M","M","?","?","?","R","E","R","T","R","M","M","R","M","R","B",null,"M","M","$","?","M","R","E"],"character_chosen":"THE_SILENT","items_purchased":["PrismaticShard"],"campfire_rested":2,"item_purchase_floors":[20],"current_hp_per_floor":[64,57,34,34,27,27,4,27,27,27,27,25,25,7,45,34,67,65,56,56,56,42,42,0],"gold":37,"neow_bonus":"TWENTY_PERCENT_HP_BONUS","is_prod":false,"is_daily":false,"chose_seed":false,"campfire_upgraded":4,"win_rate":0,"timestamp":1548099407,"path_taken":["M","M","?","?","?","R","E","R","T","R","M","M","R","M","R","BOSS","M","M","$","?","M","R","E"],"build_version":"2019-01-17v2","purchased_purges":0,"victory":false,"max_hp_per_floor":[78,78,78,78,78,78,78,78,78,78,78,78,78,78,78,78,78,78,78,78,78,78,78,78],"card_choices":[{"not_picked":["Reflex","Concentrate"],"picked":"Acrobatics","floor":1},{"not_picked":["Accuracy","PiercingWail"],"picked":"Deadly Poison","floor":2},{"not_picked":["Flying Knee","Unload"],"picked":"Wraith Form v2","floor":7},{"not_picked":["Setup","Quick Slash","Blade Dance"],"picked":"Footwork","floor":11},{"not_picked":["Poisoned Stab","Caltrops","Dagger Spray"],"picked":"Dagger Throw","floor":12},{"not_picked":["Concentrate","Poisoned Stab","Slice"],"picked":"Predator","floor":14},{"not_picked":["Venomology","Storm of Steel","Unload"],"picked":"Corpse Explosion","floor":16},{"not_picked":["Prepared","Dodge and Roll","PiercingWail"],"picked":"Catalyst","floor":18},{"not_picked":["Cloak And Dagger","Infinite Blades","PiercingWail"],"picked":"Leg Sweep","floor":19},{"not_picked":["Setup","Deflect","Coolheaded"],"picked":"PiercingWail+1","floor":22}],"player_experience":831422,"relics_obtained":[{"floor":7,"key":"Question Card"},{"floor":9,"key":"Regal Pillow"}],"event_choices":[{"damage_healed":0,"gold_gain":0,"player_choice":"Entered Light","damage_taken":23,"max_hp_gain":0,"max_hp_loss":0,"event_name":"Shining Light","floor":3,"gold_loss":0,"cards_upgraded":["Acrobatics","Defend_G"]},{"damage_healed":0,"gold_gain":0,"player_choice":"Ignored","damage_taken":0,"max_hp_gain":0,"max_hp_loss":0,"event_name":"Liars Game","floor":4,"gold_loss":0},{"cards_removed":["Strike_G"],"damage_healed":0,"gold_gain":0,"player_choice":"Card Removal","damage_taken":7,"max_hp_gain":0,"max_hp_loss":0,"event_name":"Golden Wing","floor":5,"gold_loss":0},{"damage_healed":0,"gold_gain":0,"player_choice":"Ignored","damage_taken":0,"max_hp_gain":0,"max_hp_loss":0,"event_name":"Cursed Tome","floor":21,"gold_loss":0}],"is_beta":false,"boss_relics":[{"not_picked":["Runic Pyramid","Orrery"],"picked":"Velvet Choker"}],"items_purged_floors":[],"is_endless":false,"potions_floor_spawned":[2,7,14,16,18,22],"killed_by":"Gremlin Leader","ascension_level":17}