{"gold_per_floor":[115,20,33,83,101,129,94,94,150,176,176,209,209,240,240,312,312,324,324,42,71,71,71,83,83,83,83,83],"floor_reached":28,"playtime":1460,"items_purged":[],"score":505,"play_id":"0aa40612-0a5a-4d45-8c34-5c2865cd56ca","local_time":"20190615232632","is_ascension_mode":true,"campfire_choices":[{"data":"Riddle With Holes","floor":8.0,"key":"SMITH"},{"data":"Footwork","floor":11.0,"key":"SMITH"},{"floor":13.0,"key":"REST"},{"floor":15.0,"key":"REST"},{"floor":23,"key":"REST"},{"floor":25,"key":"REST"}],"neow_cost":"NONE","seed_source_timestamp":0,"circlet_count":0,"master_deck":["AscendersBane","Defend_G+1","Defend_G+1","Defend_G+1","Defend_G+1","Defend_G+1","Strike_G+1","Strike_G+1","Strike_G+1","Strike_G+1","Survivor","Neutralize","Riddle With Holes+1","Backflip","Caltrops","Backstab","Footwork+1","Leg Sweep","Dodge and Roll","Night Terror","Deflect","Bullet Time","Clumsy","Regret","Parasite","Cloak And Dagger","Deflect"],"special_seed":0,"relics":["Ring of the Snake","Whetstone","Tiny Chest","WingedGreaves","Darkstone Periapt","Bottled Flame","Calling Bell","Bag of Preparation","Frozen Egg 2","Nunchaku","Bottled Lightning","Red Mask","Pear"],"potions_floor_usage":[24],"damage_taken":[{"damage":0.0,"enemies":"2 Louse","floor":1.0,"turns":2.0},{"damage":2.0,"enemies":"Cultist","floor":3.0,"turns":4.0},{"damage":0.0,"enemies":"Jaw Worm","floor":5.0,"turns":4.0},{"damage":21.0,"enemies":"3 Sentries","floor":6.0,"turns":9.0},{"damage":8.0,"enemies":"Lagavulin","floor":10.0,"turns":7.0},{"damage":30.0,"enemies":"Gremlin Nob","floor":12.0,"turns":5.0},{"damage":21.0,"enemies":"Lagavulin","floor":14.0,"turns":12.0},{"damage":24.0,"enemies":"The Guardian","floor":16.0,"turns":16.0},{"damage":11,"enemies":"3 Byrds","floor":18,"turns":6},{"damage":53,"enemies":"Masked Bandits","floor":21,"turns":8},{"damage":23,"enemies":"Chosen","floor":24,"turns":11},{"damage":44,"enemies":"Gremlin Leader","floor":28,"turns":6}],"seed_played":"-1861415570287569359","potions_obtained":[{"floor":5.0,"key":"GhostInAJar"},{"floor":10.0,"key":"LiquidBronze"},{"floor":16.0,"key":"GhostInAJar"},{"floor":24,"key":"Energy Potion"}],"is_trial":false,"path_per_floor":["M","$","M","?","M","E","?","R","T","E","R","E","R","E","R","B",null,"M","?","$","?","$","R","M","R","T","?","E"],"character_chosen":"THE_SILENT","items_purchased":["Strength Potion","Caltrops","Bottled Lightning"],"campfire_rested":4,"item_purchase_floors":[2,2,20],"current_hp_per_floor":[59,59,57,51,51,30,46,46,46,38,38,8,27,6,25,1,68,57,57,57,4,4,29,6,31,41,41,0],"gold":83,"neow_bonus":"TRANSFORM_CARD","is_prod":false,"is_daily":false,"chose_seed":false,"campfire_upgraded":2,"win_rate":0,"timestamp":1560630392,"path_taken":["M","$","M","?","?","E","?","R","T","E","R","E","R","E","R","BOSS","M","?","$","?","$","R","M","R","T","?","E"],"build_version":"2019-01-23","purchased_purges":0,"victory":false,"max_hp_per_floor":[66,66,66,66,66,66,66,66,66,66,66,66,66,66,66,66,84,84,84,84,84,84,84,84,84,94,94,94],"card_choices":[{"not_picked":["Concentrate","Bane"],"picked":"Backflip","floor":1.0},{"not_picked":["Deadly Poison","Footwork"],"picked":"Backstab","floor":3.0},{"not_picked":["Cloak And Dagger","Bouncing Flask"],"picked":"Footwork","floor":5.0},{"not_picked":["Bane","Deflect"],"picked":"Leg Sweep","floor":6.0},{"not_picked":["Sucker Punch","PiercingWail"],"picked":"Dodge and Roll","floor":10.0},{"not_picked":["Dagger Throw","Blade Dance"],"picked":"Night Terror","floor":12.0},{"not_picked":["PiercingWail","Choke"],"picked":"Deflect","floor":14.0},{"not_picked":["Burst","Night Terror"],"picked":"Bullet Time","floor":16.0},{"not_picked":["Bane","Catalyst","Skewer"],"picked":"SKIP","floor":18},{"not_picked":["Bane","Acrobatics"],"picked":"Cloak And Dagger","floor":21},{"not_picked":["Finisher","Quick Slash"],"picked":"Deflect","floor":24}],"player_experience":1117964,"relics_obtained":[{"floor":6.0,"key":"Whetstone"},{"floor":9.0,"key":"Tiny Chest"},{"floor":10.0,"key":"WingedGreaves"},{"floor":12.0,"key":"Darkstone Periapt"},{"floor":14.0,"key":"Bottled Flame"},{"floor":17,"key":"Bag of Preparation"},{"floor":17,"key":"Frozen Egg 2"},{"floor":17,"key":"Nunchaku"},{"floor":21,"key":"Red Mask"},{"floor":26,"key":"Pear"}],"event_choices":[{"damage_healed":0.0,"max_hp_gain":0.0,"max_hp_loss":0.0,"gold_gain":50.0,"event_name":"FaceTrader","player_choice":"Touch","floor":4.0,"gold_loss":0.0,"damage_taken":6.0},{"damage_healed":16.0,"max_hp_gain":0.0,"max_hp_loss":0.0,"gold_gain":0.0,"event_name":"The Cleric","player_choice":"Healed","floor":7.0,"gold_loss":35.0,"damage_taken":0.0},{"damage_healed":0,"gold_gain":0,"player_choice":"Ignored","damage_taken":0,"max_hp_gain":0,"max_hp_loss":0,"event_name":"Vampires","floor":19,"gold_loss":0},{"damage_healed":0,"gold_gain":0,"player_choice":"Fought Bandits","damage_taken":0,"max_hp_gain":0,"max_hp_loss":0,"event_name":"Masked Bandits","floor":21,"gold_loss":0},{"damage_healed":0,"gold_gain":0,"player_choice":"Simplicity","damage_taken":0,"max_hp_gain":0,"max_hp_loss":0,"event_name":"Back to Basics","floor":27,"gold_loss":0,"cards_upgraded":["Defend_G","Defend_G","Defend_G","Defend_G","Defend_G","Strike_G","Strike_G"]}],"is_beta":false,"boss_relics":[{"not_picked":["Fusion Hammer","Philosopher\u0027s Stone"],"picked":"Calling Bell"}],"items_purged_floors":[],"is_endless":false,"potions_floor_spawned":[5,6,10,16,24],"killed_by":"Gremlin Leader","ascension_level":20}