{"gold_per_floor":[14,14,29,40,40,40,50,64,141,166,184,109,109,143,143,245,245,259,273,173,193,68,98,98,118,142,142,67,166,184,184,184,184],"floor_reached":33,"playtime":1268,"items_purged":["Strike_R","Strike_R","Defend_R"],"score":277,"play_id":"922194fd-515c-4263-b8ef-40c9a290017d","local_time":"20181217230551","is_ascension_mode":false,"campfire_choices":[{"data":"True Grit","floor":6,"key":"SMITH"},{"data":"Uppercut","floor":13,"key":"SMITH"},{"floor":15,"key":"RECALL"},{"data":"Double Tap","floor":24,"key":"SMITH"},{"data":"Power Through","floor":32,"key":"SMITH"}],"neow_cost":"NO_GOLD","seed_source_timestamp":21152857713619,"circlet_count":0,"master_deck":["Strike_R","Defend_R","Defend_R","Bash","True Grit+1","Power Through+1","Whirlwind+1","Clothesline","Uppercut+1","Immolate","Sentinel","Feed","Double Tap+1","Armaments+1","Feel No Pain","Spot Weakness","Battle Trance","Feed","Flame Barrier+1"],"relics":["Burning Blood","Question Card","Charon\u0027s Ashes","Strawberry","Mark of Pain","Bottled Flame"],"potions_floor_usage":[10,14,23,23,33,33],"damage_taken":[{"damage":0,"enemies":"Small Slimes","floor":1,"turns":6},{"damage":1,"enemies":"2 Louse","floor":3,"turns":4},{"damage":2,"enemies":"Cultist","floor":4,"turns":4},{"damage":4,"enemies":"Lots of Slimes","floor":7,"turns":2},{"damage":3,"enemies":"Blue Slaver","floor":8,"turns":3},{"damage":12,"enemies":"Lagavulin","floor":10,"turns":6},{"damage":7,"enemies":"3 Louse","floor":11,"turns":3},{"damage":10,"enemies":"Gremlin Nob","floor":14,"turns":3},{"damage":62,"enemies":"Slime Boss","floor":16,"turns":11},{"damage":5,"enemies":"Spheric Guardian","floor":18,"turns":3},{"damage":0,"enemies":"3 Byrds","floor":19,"turns":2},{"damage":0,"enemies":"3 Cultists","floor":21,"turns":3},{"damage":35,"enemies":"Book of Stabbing","floor":23,"turns":5},{"damage":3,"enemies":"Cultist and Chosen","floor":25,"turns":6},{"damage":25,"enemies":"Shelled Parasite and Fungi","floor":30,"turns":5},{"damage":64,"enemies":"Collector","floor":33,"turns":10}],"seed_played":"-4626709220135350873","potions_obtained":[{"floor":3,"key":"FearPotion"},{"floor":4,"key":"BloodPotion"},{"floor":7,"key":"AttackPotion"},{"floor":11,"key":"Poison Potion"},{"floor":14,"key":"Fire Potion"},{"floor":25,"key":"Regen Potion"},{"floor":30,"key":"Fire Potion"}],"is_trial":false,"path_per_floor":["M","?","M","M","?","R","M","M","T","E","M","$","R","E","R","B",null,"M","M","$","M","$","E","R","M","T","?","?","?","M","?","R","B"],"character_chosen":"IRONCLAD","items_purchased":[],"campfire_rested":0,"item_purchase_floors":[],"current_hp_per_floor":[80,80,80,80,80,80,80,80,80,74,73,73,73,76,76,23,90,93,93,93,93,93,73,73,76,76,76,76,76,57,57,57,0],"gold":184,"neow_bonus":"TRANSFORM_TWO_CARDS","is_prod":false,"is_daily":false,"chose_seed":false,"campfire_upgraded":4,"win_rate":0,"timestamp":1545055551,"path_taken":["M","?","M","M","?","R","?","M","T","E","M","?","R","E","R","BOSS","M","M","$","M","?","E","R","M","T","?","?","?","?","?","R","BOSS"],"build_version":"2018-12-13","purchased_purges":3,"victory":false,"max_hp_per_floor":[80,80,80,80,80,80,80,80,80,80,80,80,80,87,87,90,90,93,93,93,93,93,93,93,93,93,93,93,93,93,93,93,93],"card_choices":[{"not_picked":["Flex","Anger","Hemokinesis"],"picked":"SKIP","floor":1},{"not_picked":["Searing Blow","Clothesline"],"picked":"Whirlwind","floor":3},{"not_picked":["Sword Boomerang","Iron Wave"],"picked":"Clothesline","floor":4},{"not_picked":["Clash","Sword Boomerang"],"picked":"Uppercut","floor":7},{"not_picked":["Dropkick","Anger","Carnage"],"picked":"SKIP","floor":8},{"not_picked":["Entrench","Seeing Red","Clash"],"picked":"Immolate","floor":10},{"not_picked":["Pommel Strike","Anger","Ghostly Armor"],"picked":"Sentinel","floor":11},{"not_picked":["Pommel Strike","Power Through","Headbutt"],"picked":"Feed","floor":14},{"not_picked":["Demon Form","Juggernaut","Berserk"],"picked":"Double Tap","floor":16},{"not_picked":["Pommel Strike","Wild Strike","True Grit","Twin Strike"],"picked":"SKIP","floor":18},{"not_picked":["Seeing Red","Immolate","Warcry+1"],"picked":"Armaments+1","floor":19},{"not_picked":["Anger","Thunderclap","Iron Wave+1"],"picked":"Feel No Pain","floor":21},{"not_picked":["Whirlwind","Flex","Wild Strike"],"picked":"Spot Weakness","floor":23},{"not_picked":["Flex+1","Seeing Red","Dual Wield+1"],"picked":"Battle Trance","floor":25},{"not_picked":["True Grit+1","Disarm+1","Ghostly Armor"],"picked":"Flame Barrier","floor":30}],"player_experience":638350,"relics_obtained":[{"floor":9,"key":"Question Card"},{"floor":10,"key":"Charon\u0027s Ashes"},{"floor":14,"key":"Strawberry"},{"floor":23,"key":"Bottled Flame"}],"event_choices":[{"damage_healed":0,"gold_gain":0,"player_choice":"Leave","damage_taken":0,"max_hp_gain":0,"max_hp_loss":0,"event_name":"The Cleric","floor":2,"gold_loss":0},{"damage_healed":0,"gold_gain":0,"player_choice":"Upgraded","damage_taken":0,"max_hp_gain":0,"max_hp_loss":0,"event_name":"Upgrade Shrine","floor":5,"gold_loss":0,"cards_upgraded":["Whirlwind"]},{"damage_healed":0,"gold_gain":0,"player_choice":"Read","damage_taken":0,"max_hp_gain":0,"max_hp_loss":0,"event_name":"The Library","floor":27,"gold_loss":0,"cards_obtained":["Feed"]},{"cards_removed":["Defend_R"],"damage_healed":0,"gold_gain":0,"player_choice":"Gave Gold","damage_taken":0,"max_hp_gain":0,"max_hp_loss":0,"event_name":"Beggar","floor":28,"gold_loss":75},{"damage_healed":0,"gold_gain":99,"player_choice":"Stole From Cult","damage_taken":0,"max_hp_gain":0,"max_hp_loss":0,"event_name":"Nest","floor":29,"gold_loss":0},{"damage_healed":0,"gold_gain":0,"player_choice":"Forge","damage_taken":0,"max_hp_gain":0,"max_hp_loss":0,"event_name":"Accursed Blacksmith","floor":31,"gold_loss":0,"cards_upgraded":["Flame Barrier"]}],"is_beta":false,"boss_relics":[{"not_picked":["Eternal Feather","Busted Crown"],"picked":"Mark of Pain"}],"items_purged_floors":[12,20,22],"is_endless":false,"potions_floor_spawned":[3,4,7,11,14,19,25,30],"killed_by":"Collector","ascension_level":0}