{"path_per_floor":["M","?","M","M","?","E","M","R","T","?","R","M","R","E","R","B",null,"M","M","$","M","M","E","M","M","T","?"],"character_chosen":"IRONCLAD","items_purchased":["Blood for Blood"],"gold_per_floor":[115,115,125,143,143,168,184,184,211,286,286,304,304,335,335,433,433,433,433,280,280,280,280,280,280,280,280,280],"floor_reached":28,"campfire_rested":0,"playtime":1589,"current_hp_per_floor":[71,71,71,72,65,46,47,47,47,36,36,42,42,42,42,7,72,71,72,72,68,50,13,19,11,11,11,0],"items_purged":["Strike_R"],"gold":280,"score":252,"play_id":"ec77786f-5307-4ca1-a290-f28edb9d0d8f","local_time":"20180417182725","is_prod":false,"is_daily":false,"chose_seed":false,"is_ascension_mode":false,"campfire_upgraded":4,"timestamp":1523957245,"path_taken":["M","?","?","M","?","E","M","R","T","?","R","M","R","E","R","BOSS","M","M","$","M","M","E","M","M","T","?","?"],"build_version":"2018-04-12","seed_source_timestamp":78135996740298,"purchased_purges":1,"victory":false,"master_deck":["Strike_R","Strike_R","Defend_R","Defend_R","Defend_R","Bash","Blood for Blood","Clash+1","Pummel","Impervious+1","Clash","Pommel Strike+1","Immolate+1","Demon Form","Warcry","Metallicize","Blood for Blood","Hemokinesis+1","Flex","Sword Boomerang+1","Double Tap","Armaments+1","Brutality"],"max_hp_per_floor":[72,72,72,72,72,72,72,72,72,72,72,72,72,72,72,72,72,72,72,72,72,72,72,72,72,72,72,72],"relics":["Burning Blood","Ice Cream","Calipers","Bag of Preparation","Shuriken","Ectoplasm","Oddly Smooth Stone","Omamori"],"card_choices":[{"not_picked":["Headbutt","Perfected Strike"],"picked":"Blood for Blood","floor":1},{"not_picked":["Ghostly Armor","Shrug It Off"],"picked":"Clash","floor":3},{"not_picked":["Iron Wave","Perfected Strike"],"picked":"Pummel","floor":4},{"not_picked":["Wild Strike","Headbutt"],"picked":"Impervious","floor":6},{"not_picked":["Twin Strike","Anger"],"picked":"Clash","floor":7},{"not_picked":["Burning Pact","Clothesline"],"picked":"Pommel Strike","floor":12},{"not_picked":["Entrench","Clothesline"],"picked":"Immolate","floor":14},{"not_picked":["Bludgeon","Offering"],"picked":"Demon Form","floor":16},{"not_picked":["Headbutt","Twin Strike"],"picked":"Warcry","floor":18},{"not_picked":["Shrug It Off","Inflame"],"picked":"Metallicize","floor":19},{"not_picked":["Evolve","Twin Strike"],"picked":"Hemokinesis","floor":21},{"not_picked":["Power Through","True Grit"],"picked":"Flex","floor":22},{"not_picked":["Shockwave","Twin Strike"],"picked":"Sword Boomerang","floor":23},{"not_picked":["Evolve","Reckless Charge"],"picked":"Double Tap","floor":24},{"not_picked":["Infernal Blade","Reckless Charge"],"picked":"Armaments","floor":25}],"player_experience":77158,"potions_floor_usage":[16,16,16,23,23,23],"damage_taken":[{"damage":7,"enemies":"2 Louse","floor":1,"turns":3},{"damage":6,"enemies":"Jaw Worm","floor":3,"turns":3},{"damage":1,"enemies":"Cultist","floor":4,"turns":3},{"damage":25,"enemies":"3 Sentries","floor":6,"turns":7},{"damage":5,"enemies":"Looter","floor":7,"turns":2},{"damage":0,"enemies":"Blue Slaver","floor":12,"turns":3},{"damage":6,"enemies":"Gremlin Nob","floor":14,"turns":4},{"damage":41,"enemies":"The Guardian","floor":16,"turns":7},{"damage":7,"enemies":"Shell Parasite","floor":18,"turns":5},{"damage":0,"enemies":"Chosen","floor":19,"turns":4},{"damage":10,"enemies":"Centurion and Healer","floor":21,"turns":5},{"damage":24,"enemies":"Slaver and Parasite","floor":22,"turns":5},{"damage":43,"enemies":"Gremlin Leader","floor":23,"turns":6},{"damage":0,"enemies":"Snecko","floor":24,"turns":4},{"damage":14,"enemies":"3 Cultists","floor":25,"turns":3},{"damage":16,"enemies":"Slaver and Parasite","floor":28,"turns":2}],"event_choices":[{"event_name":"Living Wall","player_choice":"Forget","floor":2,"damage_taken":0},{"event_name":"Golden Wing","player_choice":"Card Removal","floor":5,"damage_taken":0},{"event_name":"World of Goop","player_choice":"Gather Gold","floor":10,"damage_taken":0},{"event_name":"Transmorgrifier","player_choice":"Transform","floor":27,"damage_taken":0}],"boss_relics":[{"not_picked":["Runic Dome","Lizard Tail"],"picked":"Ectoplasm"}],"potions_floor_spawned":[1,4,12,16,19,21,23,24],"seed_played":"1580871330338437713","killed_by":"Slaver and Parasite","ascension_level":0,"is_trial":false}