{"gold_per_floor":[115,115,190,115,132,166,182,182,209,227,127,127,127,127],"floor_reached":14,"playtime":240,"items_purged":["Strike_B","Strike_B"],"score":113,"play_id":"19986ad4-d4af-41a8-91b8-8df6cd6cf814","local_time":"20190702010559","is_ascension_mode":false,"campfire_choices":[],"neow_cost":"NONE","seed_source_timestamp":80773732879000,"circlet_count":0,"master_deck":["Strike_B","Defend_B","Defend_B","Defend_B","Defend_B","Zap","Dualcast","Gash+1","Gash+1"],"relics":["Cracked Core","NeowsBlessing","Orichalcum","Golden Idol","Strawberry","Smiling Mask"],"potions_floor_usage":[12,14],"damage_taken":[{"damage":0,"enemies":"2 Louse","floor":1,"turns":1},{"damage":0,"enemies":"Small Slimes","floor":5,"turns":1},{"damage":0,"enemies":"Gremlin Nob","floor":6,"turns":1},{"damage":3,"enemies":"Jaw Worm","floor":7,"turns":3},{"damage":15,"enemies":"Gremlin Gang","floor":10,"turns":5},{"damage":21,"enemies":"Lagavulin","floor":14,"turns":5}],"seed_played":"7754194603433583388","potions_obtained":[{"floor":1,"key":"GamblersBrew"},{"floor":10,"key":"Fruit Juice"}],"is_trial":false,"path_per_floor":["M","?","?","$","M","E","M","?","T","M","$","?","?","E"],"character_chosen":"DEFECT","items_purchased":[],"campfire_rested":0,"item_purchase_floors":[],"current_hp_per_floor":[75,68,57,57,57,57,54,36,43,28,28,33,16,0],"gold":127,"neow_bonus":"THREE_ENEMY_KILL","is_prod":false,"is_daily":false,"chose_seed":false,"campfire_upgraded":0,"win_rate":0,"timestamp":1561997159,"path_taken":["M","?","?","$","M","E","M","?","T","M","$","?","?","E"],"build_version":"2019-01-23","purchased_purges":2,"victory":false,"max_hp_per_floor":[75,75,75,75,75,75,75,75,82,82,82,87,87,87],"card_choices":[{"not_picked":["Force Field","Darkness","Auto Shields"],"picked":"SKIP","floor":1},{"not_picked":["Coolheaded","Steam"],"picked":"Gash","floor":5},{"not_picked":["Tempest","Reprogram"],"picked":"Gash","floor":6},{"not_picked":["Doom and Gloom","Defragment","Compile Driver"],"picked":"SKIP","floor":7},{"not_picked":["Aggregate","Redo","Beam Cell"],"picked":"SKIP","floor":10}],"player_experience":1078647,"relics_obtained":[{"floor":6,"key":"Orichalcum"},{"floor":9,"key":"Strawberry"}],"event_choices":[{"cards_removed":["Strike_B"],"damage_healed":0,"gold_gain":0,"player_choice":"Card Removal","damage_taken":7,"max_hp_gain":0,"max_hp_loss":0,"event_name":"Golden Wing","floor":2,"gold_loss":0},{"damage_healed":0,"gold_gain":75,"player_choice":"Gather Gold","damage_taken":11,"max_hp_gain":0,"max_hp_loss":0,"event_name":"World of Goop","floor":3,"gold_loss":0},{"damage_healed":0,"gold_gain":0,"player_choice":"Take Damage","damage_taken":18,"relics_obtained":["Golden Idol"],"max_hp_gain":0,"max_hp_loss":0,"event_name":"Golden Idol","floor":8,"gold_loss":0},{"damage_healed":0,"gold_gain":0,"player_choice":"Searched \u00271\u0027 times","damage_taken":0,"relics_obtained":["Smiling Mask"],"max_hp_gain":0,"max_hp_loss":0,"event_name":"Dead Adventurer","floor":12,"gold_loss":0},{"damage_healed":0,"gold_gain":0,"player_choice":"Entered Light","damage_taken":17,"max_hp_gain":0,"max_hp_loss":0,"event_name":"Shining Light","floor":13,"gold_loss":0,"cards_upgraded":["Gash","Gash"]}],"is_beta":false,"boss_relics":[],"items_purged_floors":[4,11],"is_endless":false,"potions_floor_spawned":[1,10],"killed_by":"Lagavulin","ascension_level":0}