{"gold_per_floor":[113,126,146,163,10,10,41,41,41,55,90,101,101,130,130,208,208,228,244,169,169,169],"floor_reached":22,"playtime":723,"items_purged":["Strike_R"],"score":412,"play_id":"8d24380b-1d8a-403d-997b-d60154d3141a","local_time":"20190515221004","is_ascension_mode":true,"campfire_choices":[{"data":"Perfected Strike","floor":6.0,"key":"SMITH"},{"floor":13.0,"key":"REST"},{"data":"Sword Boomerang","floor":15.0,"key":"SMITH"}],"neow_cost":"NONE","seed_source_timestamp":0,"circlet_count":0,"master_deck":["AscendersBane","Strike_R","Defend_R","Defend_R","Defend_R","Defend_R","Bash+1","Iron Wave","Metallicize","Perfected Strike+1","Twin Strike","Feel No Pain","Flame Barrier","Dropkick","Cleave","Sword Boomerang+1","Reckless Charge","Reaper","Corruption","Anger+1","Shockwave"],"special_seed":0,"relics":["Burning Blood","Boot","Darkstone Periapt","Unceasing Top","Incense Burner","Empty Cage"],"potions_floor_usage":[22],"damage_taken":[{"damage":2.0,"enemies":"Cultist","floor":1.0,"turns":4.0},{"damage":0.0,"enemies":"2 Louse","floor":2.0,"turns":3.0},{"damage":0.0,"enemies":"Jaw Worm","floor":3.0,"turns":4.0},{"damage":16.0,"enemies":"2 Fungi Beasts","floor":4.0,"turns":4.0},{"damage":17.0,"enemies":"Gremlin Nob","floor":7.0,"turns":5.0},{"damage":6.0,"enemies":"Looter","floor":10.0,"turns":4.0},{"damage":22.0,"enemies":"Lagavulin","floor":11.0,"turns":6.0},{"damage":21.0,"enemies":"Exordium Wildlife","floor":12.0,"turns":4.0},{"damage":3.0,"enemies":"Gremlin Nob","floor":14.0,"turns":3.0},{"damage":36.0,"enemies":"Hexaghost","floor":16.0,"turns":9.0},{"damage":42,"enemies":"Shell Parasite","floor":18,"turns":5},{"damage":42,"enemies":"3 Byrds","floor":19,"turns":5},{"damage":21,"enemies":"Snake Plant","floor":22,"turns":2}],"seed_played":"-4056482298614307931","potions_obtained":[{"floor":1.0,"key":"Block Potion"},{"floor":3.0,"key":"Ancient Potion"},{"floor":10.0,"key":"BloodPotion"},{"floor":14.0,"key":"Fruit Juice"},{"floor":16.0,"key":"Explosive Potion"}],"is_trial":false,"path_per_floor":["M","M","M","M","$","R","E","$","T","M","E","M","R","E","R","B",null,"M","M","$","?","M"],"character_chosen":"IRONCLAD","items_purchased":["Feel No Pain","Flame Barrier"],"campfire_rested":1,"item_purchase_floors":[5,5],"current_hp_per_floor":[72,75,75,65,65,65,54,54,54,54,38,23,45,48,48,23,66,30,8,8,8,0],"gold":169,"neow_bonus":"UPGRADE_CARD","is_prod":false,"is_daily":false,"chose_seed":false,"campfire_upgraded":2,"win_rate":0,"timestamp":1557947404,"path_taken":["M","M","M","M","$","R","E","?","T","M","E","M","R","E","R","BOSS","M","M","$","?","?"],"build_version":"2019-01-23","purchased_purges":1,"victory":false,"max_hp_per_floor":[75,75,75,75,75,75,75,75,75,75,75,75,75,75,75,80,80,80,80,80,80,80],"card_choices":[{"not_picked":["Blood for Blood","Twin Strike"],"picked":"Iron Wave","floor":1.0},{"not_picked":["Fire Breathing","Clash"],"picked":"Metallicize","floor":2.0},{"not_picked":["Flex","Iron Wave"],"picked":"Perfected Strike","floor":3.0},{"not_picked":["Sword Boomerang","Headbutt"],"picked":"Twin Strike","floor":4.0},{"not_picked":["Rage","Intimidate"],"picked":"Dropkick","floor":7.0},{"not_picked":["Infernal Blade","Rage"],"picked":"Cleave","floor":10.0},{"not_picked":["Second Wind","Exhume"],"picked":"Sword Boomerang","floor":11.0},{"not_picked":["Havoc","Sword Boomerang"],"picked":"Reckless Charge","floor":12.0},{"not_picked":["Clothesline","Twin Strike","Rampage"],"picked":"SKIP","floor":14.0},{"not_picked":["Offering","Double Tap"],"picked":"Reaper","floor":16.0},{"not_picked":["Burning Pact+1","Iron Wave"],"picked":"Corruption","floor":18},{"not_picked":["Infernal Blade","Twin Strike"],"picked":"Anger+1","floor":19}],"player_experience":1010070,"relics_obtained":[{"floor":7.0,"key":"Boot"},{"floor":9.0,"key":"Darkstone Periapt"},{"floor":11.0,"key":"Unceasing Top"},{"floor":14.0,"key":"Incense Burner"}],"event_choices":[{"damage_healed":0,"gold_gain":0,"cards_transformed":["Strike_R"],"player_choice":"Transformed","damage_taken":0,"max_hp_gain":0,"max_hp_loss":0,"event_name":"Transmorgrifier","floor":21,"gold_loss":0,"cards_obtained":["Shockwave"]}],"is_beta":false,"boss_relics":[{"not_picked":["Ectoplasm","Orrery"],"picked":"Empty Cage"}],"items_purged_floors":[20],"is_endless":false,"potions_floor_spawned":[1,3,10,14,16,18],"killed_by":"Snake Plant","ascension_level":20}