{"gold_per_floor":[17,17,40,40,115,136,167,20,77,77,91,91,115,138,138,138],"floor_reached":16,"playtime":1554,"items_purged":[],"score":102,"play_id":"79211bf5-8b9e-4f53-9194-80e1cea0ba39","local_time":"20181130010648","is_ascension_mode":false,"campfire_choices":[{"data":"Infernal Blade","floor":12,"key":"SMITH"},{"data":"Cleave","floor":15,"key":"SMITH"}],"neow_cost":"NO_GOLD","seed_source_timestamp":653228623776238,"circlet_count":0,"master_deck":["Strike_R","Strike_R","Strike_R+1","Strike_R","Defend_R","Defend_R","Defend_R","Defend_R","Bash+1","Cleave+1","Metallicize","Cleave","Armaments","Defend_G","Infernal Blade+1","Perfected Strike","Carnage"],"relics":["Burning Blood","Bird Faced Urn","Golden Idol","Omamori","Whetstone","Tiny Chest"],"potions_floor_usage":[16,16,16,16],"damage_taken":[{"damage":3,"enemies":"2 Louse","floor":1,"turns":3},{"damage":0,"enemies":"Small Slimes","floor":3,"turns":4},{"damage":1,"enemies":"Cultist","floor":6,"turns":4},{"damage":22,"enemies":"3 Sentries","floor":7,"turns":7},{"damage":1,"enemies":"Exordium Thugs","floor":11,"turns":4},{"damage":6,"enemies":"2 Fungi Beasts","floor":13,"turns":3},{"damage":5,"enemies":"Lots of Slimes","floor":14,"turns":2},{"damage":97,"enemies":"Hexaghost","floor":16,"turns":14}],"seed_played":"8712914910102526558","potions_obtained":[{"floor":11,"key":"SneckoOil"},{"floor":14,"key":"EntropicBrew"}],"is_trial":false,"path_per_floor":["M","?","M","?","?","M","E","$","T","?","M","R","M","M","R","B"],"character_chosen":"IRONCLAD","items_purchased":["Whetstone"],"campfire_rested":0,"item_purchase_floors":[8],"current_hp_per_floor":[80,80,80,80,69,76,62,62,62,62,69,69,71,72,72,0],"gold":138,"neow_bonus":"ONE_RARE_RELIC","is_prod":false,"is_daily":false,"chose_seed":false,"campfire_upgraded":2,"win_rate":0.0,"timestamp":1543540008,"path_taken":["M","?","M","?","?","M","E","$","T","?","?","R","M","M","R","BOSS"],"build_version":"2018-11-15","purchased_purges":0,"victory":false,"max_hp_per_floor":[80,80,80,80,80,80,80,80,80,80,80,80,80,80,80,80],"card_choices":[{"not_picked":["Heavy Blade","Entrench"],"picked":"Cleave","floor":1},{"not_picked":["Perfected Strike","Hemokinesis"],"picked":"Metallicize","floor":3},{"not_picked":["Hemokinesis","Body Slam"],"picked":"Cleave","floor":6},{"not_picked":["Warcry","Dual Wield"],"picked":"Armaments","floor":7},{"not_picked":["Cleave","Reckless Charge"],"picked":"Infernal Blade","floor":11},{"not_picked":["Dark Embrace","Seeing Red"],"picked":"Perfected Strike","floor":13},{"not_picked":["Sword Boomerang","Thunderclap"],"picked":"Carnage","floor":14}],"player_experience":55710,"relics_obtained":[{"floor":7,"key":"Omamori"},{"floor":9,"key":"Tiny Chest"}],"event_choices":[{"damage_healed":0,"gold_gain":0,"player_choice":"Take Wound","damage_taken":0,"relics_obtained":["Golden Idol"],"max_hp_gain":0,"max_hp_loss":0,"event_name":"Golden Idol","floor":2,"gold_loss":0,"cards_obtained":["Injury"]},{"cards_removed":["Injury"],"damage_healed":0,"gold_gain":0,"player_choice":"Forget","damage_taken":0,"max_hp_gain":0,"max_hp_loss":0,"event_name":"Living Wall","floor":4,"gold_loss":0},{"damage_healed":0,"gold_gain":75,"player_choice":"Gather Gold","damage_taken":11,"max_hp_gain":0,"max_hp_loss":0,"event_name":"World of Goop","floor":5,"gold_loss":0},{"cards_removed":["Strike_R"],"damage_healed":0,"gold_gain":0,"player_choice":"Took Card","damage_taken":0,"max_hp_gain":0,"max_hp_loss":0,"event_name":"NoteForYourself","floor":10,"gold_loss":0,"cards_obtained":["Defend_G"]}],"is_beta":false,"boss_relics":[],"items_purged_floors":[],"is_endless":false,"potions_floor_spawned":[11,14],"killed_by":"Hexaghost","ascension_level":0}