{"gold_per_floor":[113,124,124,144,17,17,31,31,31,59,59,71,71,100,112,198,210,195,227,139,152,152,186,186,186,186,215,215,215,225,244,244,321,321,338,338,351,626,79,79],"floor_reached":40,"playtime":2269,"items_purged":["Strike_G","Strike_G","Regret"],"score":868,"play_id":"8d5c5ebe-7cc8-4079-910d-8be468f68ae1","local_time":"20190616170121","is_ascension_mode":true,"campfire_choices":[{"data":"Poisoned Stab","floor":6.0,"key":"SMITH"},{"data":"Sucker Punch","floor":8.0,"key":"SMITH"},{"data":"Choke","floor":11.0,"key":"SMITH"},{"data":"Deadly Poison","floor":15.0,"key":"SMITH"},{"floor":24.0,"key":"REST"},{"floor":28.0,"key":"REST"},{"floor":32.0,"key":"REST"}],"neow_cost":"PERCENT_DAMAGE","seed_source_timestamp":0,"circlet_count":0,"master_deck":["AscendersBane","Defend_G+1","Defend_G+1","Defend_G+1","Defend_G+1","Defend_G+1","Strike_G+1","Strike_G+1","Survivor","Bullet Time","Leg Sweep","Cloak And Dagger","Sucker Punch+1","Poisoned Stab+1","Choke+1","Dash","Endless Agony+1","Deadly Poison+1","After Image","Flechettes","Backflip","PiercingWail","Blade Dance","Catalyst","Catalyst","Catalyst","A Thousand Cuts+1","Well Laid Plans+1"],"special_seed":0,"relics":["Ring of the Snake","Pocketwatch","Mango","MawBank","Black Star","Oddly Smooth Stone","Whetstone","Frozen Egg 2","StoneCalendar","Question Card","Nilry\u0027s Codex","Runic Dome","Tough Bandages"],"potions_floor_usage":[],"damage_taken":[{"damage":1.0,"enemies":"Small Slimes","floor":1.0,"turns":6.0},{"damage":0.0,"enemies":"Cultist","floor":2.0,"turns":5.0},{"damage":0.0,"enemies":"Jaw Worm","floor":4.0,"turns":7.0},{"damage":0.0,"enemies":"2 Fungi Beasts","floor":7.0,"turns":4.0},{"damage":9.0,"enemies":"3 Sentries","floor":10.0,"turns":7.0},{"damage":8.0,"enemies":"Large Slime","floor":12.0,"turns":3.0},{"damage":2.0,"enemies":"Gremlin Nob","floor":14.0,"turns":3.0},{"damage":22.0,"enemies":"The Guardian","floor":16.0,"turns":9.0},{"damage":14.0,"enemies":"2 Thieves","floor":18.0,"turns":4.0},{"damage":0.0,"enemies":"3 Byrds","floor":19.0,"turns":4.0},{"damage":17.0,"enemies":"Snake Plant","floor":21.0,"turns":3.0},{"damage":15.0,"enemies":"Gremlin Leader","floor":23.0,"turns":5.0},{"damage":25.0,"enemies":"Book of Stabbing","floor":27.0,"turns":7.0},{"damage":10.0,"enemies":"3 Cultists","floor":30.0,"turns":6.0},{"damage":4.0,"enemies":"Centurion and Healer","floor":31.0,"turns":7.0},{"damage":11.0,"enemies":"Champ","floor":33.0,"turns":7.0},{"damage":0.0,"enemies":"3 Shapes","floor":35.0,"turns":3.0},{"damage":0,"enemies":"Orb Walker","floor":37,"turns":3},{"damage":81,"enemies":"Reptomancer","floor":40,"turns":2}],"seed_played":"-4012360347737843433","potions_obtained":[{"floor":1.0,"key":"PowerPotion"},{"floor":2.0,"key":"Regen Potion"},{"floor":12.0,"key":"Energy Potion"},{"floor":14.0,"key":"Swift Potion"},{"floor":33.0,"key":"Weak Potion"},{"floor":35.0,"key":"Dexterity Potion"}],"is_trial":false,"path_per_floor":["M","M","?","M","$","R","M","R","T","E","R","M","$","E","R","B",null,"M","M","$","M","?","E","R","?","T","E","R","?","M","M","R","B",null,"M","?","M","?","$","E"],"character_chosen":"THE_SILENT","items_purchased":["Poisoned Stab","Well Laid Plans+1","Tough Bandages"],"campfire_rested":3,"item_purchase_floors":[5,39,39],"current_hp_per_floor":[43,43,43,58,58,58,58,58,58,63,63,55,55,53,53,31,68,54,54,54,37,37,22,46,46,46,21,45,24,14,10,34,23,66,66,66,66,66,66,0],"gold":79,"neow_bonus":"THREE_RARE_CARDS","is_prod":false,"is_daily":false,"chose_seed":false,"campfire_upgraded":4,"win_rate":0,"timestamp":1560693681,"path_taken":["M","M","?","M","$","R","M","R","T","E","R","M","?","E","R","BOSS","M","M","$","M","?","E","R","?","T","E","R","?","M","M","R","BOSS","M","?","M","?","$","E"],"build_version":"2019-01-23","purchased_purges":3,"victory":false,"max_hp_per_floor":[66,66,66,66,66,66,66,66,66,80,80,80,80,80,80,80,80,80,80,80,80,80,80,80,80,80,80,80,80,80,80,80,80,80,80,80,80,80,80,80],"card_choices":[{"not_picked":["Phantasmal Killer","Grand Finale"],"picked":"Bullet Time","floor":0.0},{"not_picked":["Bane","Slice"],"picked":"Leg Sweep","floor":1.0},{"not_picked":["Prepared","Tactician"],"picked":"Cloak And Dagger","floor":2.0},{"not_picked":["Tactician","Escape Plan"],"picked":"Sucker Punch","floor":4.0},{"not_picked":["Deflect","Deadly Poison"],"picked":"Choke","floor":7.0},{"not_picked":["Quick Slash","Slice"],"picked":"Dash","floor":10.0},{"not_picked":["Slice","Underhanded Strike"],"picked":"Endless Agony","floor":12.0},{"not_picked":["Storm of Steel","Accuracy"],"picked":"Deadly Poison","floor":14.0},{"not_picked":["Doppelganger","Die Die Die"],"picked":"After Image","floor":16.0},{"not_picked":["Cloak And Dagger","Bane"],"picked":"Flechettes","floor":18.0},{"not_picked":["Quick Slash","Blur"],"picked":"Backflip","floor":19.0},{"not_picked":["Outmaneuver","Acrobatics+1"],"picked":"PiercingWail","floor":21.0},{"not_picked":["Deadly Poison","Grand Finale"],"picked":"Blade Dance","floor":23.0},{"not_picked":["Deflect","Outmaneuver"],"picked":"Catalyst","floor":27.0},{"not_picked":["Reflex+1","Bane","Dodge and Roll"],"picked":"Catalyst","floor":30.0},{"not_picked":["Underhanded Strike","Slice","Blade Dance"],"picked":"Catalyst","floor":31.0},{"not_picked":["Corpse Explosion","Tools of the Trade+1","Envenom+1"],"picked":"A Thousand Cuts+1","floor":33.0},{"not_picked":["Dodge and Roll","Flying Knee","Dash","Concentrate"],"picked":"SKIP","floor":35.0},{"not_picked":["Prepared","Expertise+1","Acrobatics","Dagger Spray"],"picked":"SKIP","floor":37}],"player_experience":1124623,"relics_obtained":[{"floor":9.0,"key":"Pocketwatch"},{"floor":10.0,"key":"Mango"},{"floor":14.0,"key":"MawBank"},{"floor":23.0,"key":"Oddly Smooth Stone"},{"floor":23.0,"key":"Whetstone"},{"floor":26.0,"key":"Frozen Egg 2"},{"floor":27.0,"key":"StoneCalendar"},{"floor":27.0,"key":"Question Card"},{"floor":29.0,"key":"Nilry\u0027s Codex"}],"event_choices":[{"cards_removed":["Strike_G"],"damage_healed":0.0,"max_hp_gain":0.0,"max_hp_loss":0.0,"gold_gain":0.0,"event_name":"Bonfire Elementals","player_choice":"Offered Basic","floor":3.0,"gold_loss":0.0,"damage_taken":0.0},{"damage_healed":0.0,"max_hp_gain":0.0,"max_hp_loss":0.0,"gold_gain":0.0,"event_name":"The Mausoleum","player_choice":"Ignored","floor":22.0,"gold_loss":0.0,"damage_taken":0.0},{"damage_healed":0.0,"max_hp_gain":0.0,"max_hp_loss":0.0,"gold_gain":0.0,"event_name":"Back to Basics","player_choice":"Simplicity","floor":25.0,"gold_loss":0.0,"damage_taken":0.0,"cards_upgraded":["Defend_G","Defend_G","Defend_G","Defend_G","Defend_G","Strike_G","Strike_G"]},{"damage_healed":0.0,"max_hp_gain":0.0,"max_hp_loss":0.0,"gold_gain":0.0,"event_name":"Cursed Tome","player_choice":"Obtained Book","floor":29.0,"gold_loss":0.0,"damage_taken":21.0},{"cards_removed":["Neutralize"],"damage_healed":0.0,"max_hp_gain":0.0,"max_hp_loss":0.0,"gold_gain":0.0,"event_name":"Falling","player_choice":"Removed Attack","floor":36.0,"gold_loss":0.0,"damage_taken":0.0},{"damage_healed":0,"gold_gain":275,"player_choice":"Desecrate","damage_taken":0,"max_hp_gain":0,"max_hp_loss":0,"event_name":"Golden Shrine","floor":38,"gold_loss":0,"cards_obtained":["Regret"]}],"is_beta":false,"boss_relics":[{"not_picked":["WristBlade","Velvet Choker"],"picked":"Black Star"},{"not_picked":["White Beast Statue","Philosopher\u0027s Stone"],"picked":"Runic Dome"}],"items_purged_floors":[5,20,39],"is_endless":false,"potions_floor_spawned":[1,2,12,14,16,18,21,33,35],"killed_by":"Reptomancer","ascension_level":20}