{"gold_per_floor":[118,129,146,146,27,27,56,76,76,102,102,102,82,7,7,7],"floor_reached":16,"playtime":564,"items_purged":["Strike_R"],"score":216,"play_id":"86388ee5-f102-4382-b96b-84526bca8a5b","local_time":"20190408112803","is_ascension_mode":true,"campfire_choices":[{"data":"Bash","floor":6,"key":"SMITH"},{"data":"Battle Trance","floor":12,"key":"SMITH"},{"data":"Rampage","floor":15,"key":"SMITH"}],"neow_cost":"NONE","seed_source_timestamp":1091481696109100,"circlet_count":0,"master_deck":["AscendersBane","Strike_R","Strike_R","Strike_R","Defend_R","Defend_R","Defend_R","Defend_R","Bash+1","Iron Wave","Clothesline","Pummel","Rampage+1","Feel No Pain","Battle Trance+1","Combust","Burning Pact"],"relics":["Burning Blood","Bronze Scales","Pear","Gremlin Horn"],"potions_floor_usage":[10,16],"damage_taken":[{"damage":7,"enemies":"Cultist","floor":1,"turns":4},{"damage":7,"enemies":"Small Slimes","floor":2,"turns":4},{"damage":2,"enemies":"Jaw Worm","floor":3,"turns":5},{"damage":29,"enemies":"3 Sentries","floor":7,"turns":15},{"damage":5,"enemies":"2 Fungi Beasts","floor":8,"turns":3},{"damage":34,"enemies":"Lagavulin","floor":10,"turns":6},{"damage":28,"enemies":"Slime Boss","floor":16,"turns":3}],"seed_played":"-2530284271115643461","potions_obtained":[{"floor":2,"key":"PowerPotion"},{"floor":7,"key":"Weak Potion"},{"floor":8,"key":"AttackPotion"},{"floor":13,"key":"Strength Potion"}],"is_trial":false,"path_per_floor":["M","M","M","?","$","R","E","M","T","E","?","R","?","$","R","B"],"character_chosen":"IRONCLAD","items_purchased":["Feel No Pain","Battle Trance"],"campfire_rested":0,"item_purchase_floors":[5,5],"current_hp_per_floor":[67,66,70,75,75,75,52,53,63,35,28,28,28,28,28,0],"gold":7,"neow_bonus":"THREE_CARDS","is_prod":false,"is_daily":false,"chose_seed":false,"campfire_upgraded":3,"win_rate":0,"timestamp":1554712083,"path_taken":["M","M","?","?","$","R","E","M","T","E","?","R","?","$","R","BOSS"],"build_version":"2019-01-23","purchased_purges":1,"victory":false,"max_hp_per_floor":[75,75,75,80,80,80,80,80,90,90,90,90,90,90,90,90],"card_choices":[{"not_picked":["Sword Boomerang","Infernal Blade"],"picked":"Iron Wave","floor":0},{"not_picked":["Flex","Evolve"],"picked":"Clothesline","floor":1},{"not_picked":["Infernal Blade","Burning Pact"],"picked":"Pummel","floor":2},{"not_picked":["Pommel Strike","Clothesline"],"picked":"Rampage","floor":3},{"not_picked":["Rampage","Body Slam"],"picked":"Combust","floor":7},{"not_picked":["Evolve","Power Through"],"picked":"Burning Pact","floor":8},{"not_picked":["Entrench","Hemokinesis","Anger"],"picked":"SKIP","floor":10}],"player_experience":964409,"relics_obtained":[{"floor":7,"key":"Bronze Scales"},{"floor":9,"key":"Pear"},{"floor":10,"key":"Gremlin Horn"}],"event_choices":[{"damage_healed":0,"gold_gain":0,"player_choice":"Donut","damage_taken":0,"max_hp_gain":5,"max_hp_loss":0,"event_name":"Big Fish","floor":4,"gold_loss":0},{"cards_removed":["Strike_R"],"damage_healed":0,"gold_gain":0,"player_choice":"Card Removal","damage_taken":7,"max_hp_gain":0,"max_hp_loss":0,"event_name":"Golden Wing","floor":11,"gold_loss":0},{"damage_healed":0,"gold_gain":0,"player_choice":"Bought 1 Potion","damage_taken":0,"max_hp_gain":0,"max_hp_loss":0,"event_name":"The Woman in Blue","floor":13,"gold_loss":0}],"is_beta":false,"boss_relics":[],"items_purged_floors":[14],"is_endless":false,"potions_floor_spawned":[2,7,8],"killed_by":"Slime Boss","ascension_level":20}