{"gold_per_floor":[113,126,143,193,209,235,281,281,331,351,376,442,473,489,489,566,566,582,602,602,622,637,637],"floor_reached":23,"playtime":1985,"items_purged":[],"score":409,"play_id":"170ff92d-ad1d-40c8-94d5-acafb7eedd34","local_time":"20190308165243","is_ascension_mode":true,"campfire_choices":[{"data":"Dualcast","floor":8.0,"key":"SMITH"},{"data":"Consume","floor":15.0,"key":"SMITH"}],"neow_cost":"NONE","seed_source_timestamp":0,"circlet_count":0,"master_deck":["AscendersBane","Strike_B","Strike_B","Defend_B","Defend_B","Defend_B","Defend_B","Zap+1","Dualcast+1","Cold Snap","Compile Driver","Coolheaded","Compile Driver","Self Repair","Streamline","Consume+1","Hologram","Redo","Machine Learning","Coolheaded+1","Cold Snap","Storm","Aggregate","Steam"],"special_seed":0,"relics":["Cracked Core","Shuriken","Anchor","Blood Vial","Lantern","Bottled Flame","Runic Pyramid"],"potions_floor_usage":[],"damage_taken":[{"damage":2.0,"enemies":"Jaw Worm","floor":1.0,"turns":3.0},{"damage":0.0,"enemies":"Cultist","floor":2.0,"turns":3.0},{"damage":0.0,"enemies":"2 Louse","floor":3.0,"turns":3.0},{"damage":5.0,"enemies":"Looter","floor":5.0,"turns":3.0},{"damage":9.0,"enemies":"Gremlin Nob","floor":6.0,"turns":4.0},{"damage":3.0,"enemies":"Blue Slaver","floor":10.0,"turns":2.0},{"damage":35.0,"enemies":"Lagavulin","floor":11.0,"turns":6.0},{"damage":2.0,"enemies":"3 Sentries","floor":13.0,"turns":7.0},{"damage":2.0,"enemies":"Red Slaver","floor":14.0,"turns":2.0},{"damage":11.0,"enemies":"Hexaghost","floor":16.0,"turns":10.0},{"damage":9,"enemies":"Shell Parasite","floor":18,"turns":6},{"damage":24,"enemies":"2 Thieves","floor":19,"turns":5},{"damage":15,"enemies":"Sentry and Sphere","floor":21,"turns":11},{"damage":5,"enemies":"Centurion and Healer","floor":22,"turns":16},{"damage":46,"enemies":"Slavers","floor":23,"turns":9}],"seed_played":"-3422727510507787863","potions_obtained":[{"floor":1.0,"key":"Strength Potion"},{"floor":5.0,"key":"FocusPotion"},{"floor":10.0,"key":"Dexterity Potion"},{"floor":19,"key":"Dexterity Potion"}],"is_trial":false,"path_per_floor":["M","M","M","?","M","E","T","R","T","M","E","?","E","M","R","B",null,"M","M","?","M","M","E"],"character_chosen":"DEFECT","items_purchased":[],"campfire_rested":0,"item_purchase_floors":[],"current_hp_per_floor":[62,62,62,55,50,41,41,41,41,47,14,14,21,28,28,26,60,60,45,45,39,43,0],"gold":637,"neow_bonus":"UPGRADE_CARD","is_prod":false,"is_daily":false,"chose_seed":false,"campfire_upgraded":2,"win_rate":0,"timestamp":1552056763,"path_taken":["M","M","M","?","?","E","?","R","T","?","E","?","E","M","R","BOSS","M","M","?","M","M","E"],"build_version":"2019-01-23","purchased_purges":0,"victory":false,"max_hp_per_floor":[71,71,71,71,71,71,71,71,71,71,71,71,71,71,71,71,71,71,71,71,71,71,71],"card_choices":[{"not_picked":["Scrape","Compile Driver"],"picked":"Cold Snap","floor":1.0},{"not_picked":["Static Discharge","Reinforced Body"],"picked":"Compile Driver","floor":2.0},{"not_picked":["Stack","Barrage"],"picked":"Coolheaded","floor":3.0},{"not_picked":["Rainbow","Hologram"],"picked":"Compile Driver","floor":5.0},{"not_picked":["Genetic Algorithm","Barrage"],"picked":"Self Repair","floor":6.0},{"not_picked":["Compile Driver","Lockon"],"picked":"Streamline","floor":10.0},{"not_picked":["Storm","Recycle"],"picked":"Consume","floor":11.0},{"not_picked":["Redo","Recycle"],"picked":"Hologram","floor":13.0},{"not_picked":["Stack","Compile Driver"],"picked":"Redo","floor":14.0},{"not_picked":["Amplify","All For One"],"picked":"Machine Learning","floor":16.0},{"not_picked":["Gash","Undo"],"picked":"Coolheaded+1","floor":18},{"not_picked":["Lockon","Chaos"],"picked":"Cold Snap","floor":19},{"not_picked":["Sweeping Beam","Hologram"],"picked":"Steam","floor":21},{"not_picked":["Reprogram+1","Genetic Algorithm","Leap"],"picked":"SKIP","floor":22}],"player_experience":907876,"relics_obtained":[{"floor":6.0,"key":"Shuriken"},{"floor":7.0,"key":"Anchor"},{"floor":9.0,"key":"Blood Vial"},{"floor":11.0,"key":"Lantern"},{"floor":13.0,"key":"Bottled Flame"}],"event_choices":[{"damage_healed":0.0,"max_hp_gain":0.0,"max_hp_loss":0.0,"gold_gain":50.0,"event_name":"FaceTrader","player_choice":"Touch","floor":4.0,"gold_loss":0.0,"damage_taken":7.0},{"damage_healed":0.0,"max_hp_gain":0.0,"max_hp_loss":0.0,"gold_gain":66.0,"event_name":"Golden Wing","player_choice":"Gained Gold","floor":12.0,"gold_loss":0.0,"damage_taken":0.0},{"damage_healed":0,"gold_gain":0,"cards_transformed":["Strike_B","Strike_B"],"player_choice":"Became Test Subject","damage_taken":0,"max_hp_gain":0,"max_hp_loss":0,"event_name":"Drug Dealer","floor":20,"gold_loss":0,"cards_obtained":["Storm","Aggregate"]}],"is_beta":false,"boss_relics":[{"not_picked":["Velvet Choker","Eternal Feather"],"picked":"Runic Pyramid"}],"items_purged_floors":[],"is_endless":false,"potions_floor_spawned":[1,5,10,19],"killed_by":"Slavers","ascension_level":18}