{"gold_per_floor":[110,110,110,125,136,61,78,95,95,95,110,110,110,135,135,135],"floor_reached":16,"playtime":1581,"items_purged":["Regret"],"score":102,"play_id":"66a0c437-6d9b-4cbd-b95d-66101de13c02","local_time":"20190105122208","is_ascension_mode":false,"campfire_choices":[{"data":"Cloak And Dagger","floor":10,"key":"SMITH"},{"data":"Dagger Spray","floor":12,"key":"SMITH"},{"floor":15,"key":"REST"}],"neow_cost":"NONE","seed_source_timestamp":1623779061483110,"circlet_count":0,"master_deck":["Defend_G","Defend_G","Defend_G","Defend_G","Defend_G","Strike_G","Strike_G","Strike_G","Strike_G","Strike_G","Survivor+1","Neutralize+1","Blade Dance","Flying Knee","Cloak And Dagger+1","Phantasmal Killer","Blade Dance","Dagger Spray+1"],"relics":["Snecko Eye","Ninja Scroll","Dodecahedron","Shuriken"],"potions_floor_usage":[14,16],"damage_taken":[{"damage":0,"enemies":"Jaw Worm","floor":1,"turns":4},{"damage":5,"enemies":"Small Slimes","floor":4,"turns":3},{"damage":4,"enemies":"2 Louse","floor":5,"turns":4},{"damage":0,"enemies":"Exordium Thugs","floor":7,"turns":4},{"damage":7,"enemies":"Gremlin Gang","floor":8,"turns":6},{"damage":1,"enemies":"3 Louse","floor":11,"turns":2},{"damage":27,"enemies":"Gremlin Nob","floor":14,"turns":4},{"damage":28,"enemies":"Hexaghost","floor":16,"turns":9}],"seed_played":"7234636111671410776","potions_obtained":[{"floor":7,"key":"Ancient Potion"},{"floor":11,"key":"GamblersBrew"},{"floor":14,"key":"SkillPotion"}],"is_trial":false,"path_per_floor":["M","?","?","M","M","$","M","M","T","R","M","R","?","E","R","B"],"character_chosen":"THE_SILENT","items_purchased":[],"campfire_rested":1,"item_purchase_floors":[],"current_hp_per_floor":[70,70,56,51,47,47,47,40,40,40,39,39,32,5,26,0],"gold":135,"neow_bonus":"BOSS_RELIC","is_prod":false,"is_daily":false,"chose_seed":false,"campfire_upgraded":2,"win_rate":0,"timestamp":1546658528,"path_taken":["M","?","?","M","M","$","M","M","T","R","M","R","?","E","R","BOSS"],"build_version":"2019-01-03v4","purchased_purges":1,"victory":false,"max_hp_per_floor":[70,70,70,70,70,70,70,70,70,70,70,70,70,70,70,70],"card_choices":[{"not_picked":["Dagger Throw","Sucker Punch"],"picked":"Blade Dance","floor":1},{"not_picked":["Dodge and Roll","Acrobatics"],"picked":"Flying Knee","floor":4},{"not_picked":["Flying Knee","Bane"],"picked":"Cloak And Dagger","floor":5},{"not_picked":["Tactician","Cloak And Dagger"],"picked":"Phantasmal Killer","floor":7},{"not_picked":["Quick Slash","Blur"],"picked":"Blade Dance","floor":8},{"not_picked":["Deadly Poison","Terror"],"picked":"Dagger Spray","floor":11},{"not_picked":["Finisher","Masterful Stab","Dagger Throw"],"picked":"SKIP","floor":14}],"player_experience":754899,"relics_obtained":[{"floor":9,"key":"Dodecahedron"},{"floor":14,"key":"Shuriken"}],"event_choices":[{"damage_healed":0,"gold_gain":0,"player_choice":"Box","damage_taken":0,"relics_obtained":["Ninja Scroll"],"max_hp_gain":0,"max_hp_loss":0,"event_name":"Big Fish","floor":2,"gold_loss":0,"cards_obtained":["Regret"]},{"damage_healed":0,"gold_gain":0,"player_choice":"Entered Light","damage_taken":14,"max_hp_gain":0,"max_hp_loss":0,"event_name":"Shining Light","floor":3,"gold_loss":0,"cards_upgraded":["Neutralize","Survivor"]},{"damage_healed":0,"gold_gain":0,"player_choice":"Damaged","damage_taken":7,"max_hp_gain":0,"max_hp_loss":0,"event_name":"Wheel of Change","floor":13,"gold_loss":0}],"is_beta":false,"boss_relics":[],"items_purged_floors":[6],"is_endless":false,"potions_floor_spawned":[7,11,14],"killed_by":"Hexaghost","ascension_level":0}