{"gold_per_floor":[11,27,42,53,64,64,92,92,92,107,107,124,143,155,155,253,253,272,252,262,278,292,302,302],"floor_reached":24,"playtime":1705,"items_purged":[],"score":208,"play_id":"776e00cc-a2bc-4c13-bf22-767c1377ad70","local_time":"20190603033849","is_ascension_mode":false,"campfire_choices":[{"data":"Zap","floor":6,"key":"SMITH"},{"data":"Dualcast","floor":8,"key":"SMITH"},{"data":"Barrage","floor":11,"key":"SMITH"},{"data":"Redo","floor":15,"key":"SMITH"}],"neow_cost":"NO_GOLD","seed_source_timestamp":246684757031804,"circlet_count":0,"master_deck":["Strike_B","Strike_B","Defend_B","Defend_B","Defend_B","Defend_B","Zap+1","Dualcast+1","Self Repair","Gash","Cold Snap","Barrage+1","Gash","Coolheaded","Ball Lightning","Redo+1","All For One","Turbo","Creative AI","Beam Cell","Cold Snap","Gash","Fission","FTL","All For One"],"relics":["Cracked Core","Bottled Flame","Singing Bowl","Orrery"],"potions_floor_usage":[16,23],"damage_taken":[{"damage":1,"enemies":"Cultist","floor":1,"turns":4},{"damage":10,"enemies":"Jaw Worm","floor":2,"turns":4},{"damage":5,"enemies":"Small Slimes","floor":3,"turns":4},{"damage":20,"enemies":"Exordium Wildlife","floor":4,"turns":5},{"damage":15,"enemies":"Large Slime","floor":5,"turns":6},{"damage":28,"enemies":"Gremlin Nob","floor":7,"turns":5},{"damage":20,"enemies":"3 Louse","floor":10,"turns":3},{"damage":4,"enemies":"Red Slaver","floor":12,"turns":3},{"damage":12,"enemies":"Large Slime","floor":13,"turns":4},{"damage":8,"enemies":"Looter","floor":14,"turns":2},{"damage":3,"enemies":"Hexaghost","floor":16,"turns":7},{"damage":29,"enemies":"2 Thieves","floor":18,"turns":4},{"damage":11,"enemies":"3 Byrds","floor":20,"turns":5},{"damage":33,"enemies":"Shelled Parasite and Fungi","floor":21,"turns":5},{"damage":6,"enemies":"Centurion and Healer","floor":22,"turns":4},{"damage":28,"enemies":"3 Cultists","floor":23,"turns":6},{"damage":20,"enemies":"Book of Stabbing","floor":24,"turns":2}],"seed_played":"-5428622567677783189","potions_obtained":[{"floor":3,"key":"Dexterity Potion"},{"floor":5,"key":"Regen Potion"},{"floor":10,"key":"SteroidPotion"},{"floor":19,"key":"Energy Potion"},{"floor":20,"key":"Regen Potion"},{"floor":23,"key":"Fire Potion"}],"is_trial":false,"path_per_floor":["M","M","M","M","M","R","E","R","T","M","R","M","M","M","R","B",null,"M","?","M","M","M","M","E"],"character_chosen":"DEFECT","items_purchased":[],"campfire_rested":0,"item_purchase_floors":[],"current_hp_per_floor":[74,71,73,60,52,52,31,31,31,18,18,21,16,15,15,28,77,55,55,53,29,32,20,0],"gold":302,"neow_bonus":"REMOVE_TWO","is_prod":false,"is_daily":false,"chose_seed":false,"campfire_upgraded":4,"win_rate":0,"timestamp":1559500729,"path_taken":["M","M","M","M","M","R","E","R","T","M","R","M","M","M","R","BOSS","M","?","?","M","M","?","E"],"build_version":"2019-01-23","purchased_purges":0,"victory":false,"max_hp_per_floor":[75,75,75,75,75,75,75,75,75,75,75,75,75,75,75,75,77,77,77,79,81,83,83,83],"card_choices":[{"not_picked":["Cold Snap","Chaos"],"picked":"Self Repair","floor":1},{"not_picked":["Turbo","Beam Cell"],"picked":"Gash","floor":2},{"not_picked":["Static Discharge","Redo"],"picked":"Cold Snap","floor":3},{"not_picked":["Storm","Doom and Gloom"],"picked":"Barrage","floor":4},{"not_picked":["Compile Driver","Beam Cell"],"picked":"Gash","floor":5},{"not_picked":["Turbo","Barrage"],"picked":"Coolheaded","floor":7},{"not_picked":["Undo","Streamline"],"picked":"Ball Lightning","floor":10},{"not_picked":["Chill","Stack"],"picked":"Redo","floor":12},{"not_picked":["Coolheaded","Beam Cell"],"picked":"All For One","floor":13},{"not_picked":["Stack","Sweeping Beam"],"picked":"Turbo","floor":14},{"not_picked":["Reboot","Seek"],"picked":"Creative AI","floor":16},{"not_picked":["Conserve Battery","Stack"],"picked":"Beam Cell","floor":17},{"not_picked":["Leap","Hologram"],"picked":"Cold Snap","floor":17},{"not_picked":["Hello World","Barrage","Rebound"],"picked":"Singing Bowl","floor":17},{"not_picked":["Beam Cell","Leap"],"picked":"Gash","floor":17},{"not_picked":["Cold Snap","Melter"],"picked":"Fission","floor":17},{"not_picked":["Storm+1","Sweeping Beam"],"picked":"FTL","floor":18},{"not_picked":["Genetic Algorithm+1","Compile Driver","Double Energy"],"picked":"Singing Bowl","floor":20},{"not_picked":["Barrage","Blizzard","Turbo"],"picked":"Singing Bowl","floor":21},{"not_picked":["Barrage","Hologram","Chaos"],"picked":"Singing Bowl","floor":22},{"not_picked":["Glacier","Compile Driver"],"picked":"All For One","floor":23}],"player_experience":968298,"relics_obtained":[{"floor":7,"key":"Bottled Flame"},{"floor":9,"key":"Singing Bowl"}],"event_choices":[{"damage_healed":0,"gold_gain":0,"player_choice":"Bought 1 Potion","damage_taken":0,"max_hp_gain":0,"max_hp_loss":0,"event_name":"The Woman in Blue","floor":19,"gold_loss":0}],"is_beta":false,"boss_relics":[{"not_picked":["Astrolabe","FrozenCore"],"picked":"Orrery"}],"items_purged_floors":[],"is_endless":false,"potions_floor_spawned":[3,5,10,12,20,23],"killed_by":"Book of Stabbing","ascension_level":0}