{"gold_per_floor":[111,61,79,79,92,92,128,128,128,128,163,188,209,57,57,147,147,167,167,191,150,150],"floor_reached":22,"playtime":872,"items_purged":["Strike_B"],"score":388,"play_id":"68ef37bf-6223-47b9-82a0-a6e552b309f8","local_time":"20190625005311","is_ascension_mode":true,"campfire_choices":[{"data":"Sunder","floor":6.0,"key":"SMITH"},{"floor":10.0,"key":"REST"},{"data":"Darkness","floor":15.0,"key":"SMITH"}],"neow_cost":"NONE","seed_source_timestamp":0,"circlet_count":0,"master_deck":["AscendersBane","Defend_B","Defend_B","Defend_B","Defend_B","Zap","Dualcast","Darkness+1","Coolheaded","Compile Driver","Sunder+1","Doom and Gloom","Steam","Conserve Battery","Compile Driver","Loop","Core Surge","Redo+1","Core Surge+1","Rip and Tear+1","Reinforced Body","Defragment"],"special_seed":0,"relics":["Cracked Core","Golden Idol","Nunchaku","Thread and Needle","Dream Catcher","Astrolabe"],"potions_floor_usage":[],"damage_taken":[{"damage":4.0,"enemies":"Jaw Worm","floor":1.0,"turns":4.0},{"damage":11.0,"enemies":"2 Louse","floor":3.0,"turns":3.0},{"damage":0.0,"enemies":"Cultist","floor":5.0,"turns":3.0},{"damage":26.0,"enemies":"Lagavulin","floor":7.0,"turns":7.0},{"damage":8.0,"enemies":"Gremlin Nob","floor":11.0,"turns":3.0},{"damage":3.0,"enemies":"Exordium Wildlife","floor":12.0,"turns":3.0},{"damage":0.0,"enemies":"Looter","floor":13.0,"turns":3.0},{"damage":5.0,"enemies":"Hexaghost","floor":16.0,"turns":9.0},{"damage":7,"enemies":"Spheric Guardian","floor":18,"turns":3},{"damage":18,"enemies":"3 Byrds","floor":20,"turns":4},{"damage":31,"enemies":"Snake Plant","floor":22,"turns":3}],"seed_played":"-7101166352386715391","potions_obtained":[{"floor":0.0,"key":"EssenceOfSteel"},{"floor":0.0,"key":"SkillPotion"},{"floor":3.0,"key":"Fire Potion"},{"floor":11.0,"key":"GamblersBrew"}],"is_trial":false,"path_per_floor":["M","$","M","?","M","R","E","?","T","R","E","M","M","$","R","B",null,"M","$","M","$","M"],"character_chosen":"DEFECT","items_purchased":["Coolheaded","Loop","Defragment"],"campfire_rested":1,"item_purchase_floors":[2,14,21],"current_hp_per_floor":[60,60,49,49,49,49,23,23,23,42,34,31,31,31,31,26,55,48,48,30,30,0],"gold":150,"neow_bonus":"THREE_SMALL_POTIONS","is_prod":false,"is_daily":false,"chose_seed":false,"campfire_upgraded":2,"win_rate":0,"timestamp":1561413191,"path_taken":["M","$","M","?","M","R","E","?","T","R","E","M","M","?","R","BOSS","M","$","?","$","M"],"build_version":"2019-01-23","purchased_purges":1,"victory":false,"max_hp_per_floor":[71,71,71,64,64,64,64,64,64,64,64,64,64,64,64,64,64,64,64,64,64,64],"card_choices":[{"not_picked":["Consume","Streamline"],"picked":"Darkness","floor":1.0},{"not_picked":["Rebound","White Noise"],"picked":"Compile Driver","floor":3.0},{"not_picked":["Double Energy","Storm"],"picked":"Sunder","floor":5.0},{"not_picked":["Hologram","Loop"],"picked":"Doom and Gloom","floor":7.0},{"not_picked":["Melter","BootSequence"],"picked":"Steam","floor":11.0},{"not_picked":["Turbo","Gash"],"picked":"Conserve Battery","floor":12.0},{"not_picked":["Barrage","Go for the Eyes"],"picked":"Compile Driver","floor":13.0},{"not_picked":["Thunder Strike","Hyperbeam"],"picked":"Core Surge","floor":16.0},{"not_picked":["Rebound+1","Skim","Gash"],"picked":"SKIP","floor":18},{"not_picked":["Rebound+1","Skim","Gash"],"picked":"SKIP","floor":18},{"not_picked":["Gash","Barrage"],"picked":"Reinforced Body","floor":20}],"player_experience":1176736,"relics_obtained":[{"floor":7.0,"key":"Nunchaku"},{"floor":9.0,"key":"Thread and Needle"},{"floor":11.0,"key":"Dream Catcher"}],"event_choices":[{"damage_healed":0.0,"max_hp_gain":0.0,"max_hp_loss":7.0,"gold_gain":0.0,"event_name":"Golden Idol","player_choice":"Lose Max HP","floor":4.0,"gold_loss":0.0,"damage_taken":0.0,"relics_obtained":["Golden Idol"]},{"damage_healed":0.0,"max_hp_gain":0.0,"max_hp_loss":0.0,"gold_gain":0.0,"event_name":"Liars Game","player_choice":"Ignored","floor":8.0,"gold_loss":0.0,"damage_taken":0.0}],"is_beta":false,"boss_relics":[{"not_picked":["Runic Pyramid","Empty Cage"],"picked":"Astrolabe"}],"items_purged_floors":[14],"is_endless":false,"potions_floor_spawned":[3,11,13,16,20],"killed_by":"Snake Plant","ascension_level":20}