{"gold_per_floor":[119,60,73,84,11,11,38,38,63,93,110,110,128,163,163,236,236,252,266,282,294,294,294,294,319,373,388,176,188,188,200,200,278,278,294,313,313,328,341,341],"floor_reached":40,"playtime":2477,"items_purged":["Writhe"],"score":868,"play_id":"577a035b-257e-4298-9d6e-9a4ec1e73ea3","local_time":"20190303101152","is_ascension_mode":true,"campfire_choices":[{"data":"Sunder","floor":6,"key":"SMITH"},{"data":"Zap","floor":8,"key":"SMITH"},{"floor":12,"key":"REST"},{"data":"Beam Cell","floor":15,"key":"SMITH"},{"floor":23,"key":"REST"},{"floor":30,"key":"REST"},{"floor":32,"key":"RECALL"}],"neow_cost":"NONE","seed_source_timestamp":658741609933400,"circlet_count":0,"master_deck":["AscendersBane","Strike_B","Strike_B+1","Strike_B+1","Strike_B","Defend_B","Defend_B","Defend_B","Defend_B","Zap+1","Dualcast","Sunder+1","Ball Lightning","Go for the Eyes","Skim","Biased Cognition","Undo","FTL","Genetic Algorithm","Beam Cell+1","Biased Cognition","Ball Lightning+1","FTL+1","Reinforced Body","Auto Shields","Defragment","Undo","Cold Snap","Compile Driver","Biased Cognition","Conserve Battery+1","Undo","Sweeping Beam","Ball Lightning+1"],"relics":["Cracked Core","PreservedInsect","Bottled Lightning","Anchor","Whetstone","Letter Opener","Fusion Hammer","Smiling Mask","Dead Branch","Happy Flower","Regal Pillow","Philosopher\u0027s Stone"],"potions_floor_usage":[7,33],"damage_taken":[{"damage":1,"enemies":"Cultist","floor":1,"turns":4},{"damage":8,"enemies":"Small Slimes","floor":3,"turns":2},{"damage":3,"enemies":"2 Louse","floor":4,"turns":2},{"damage":20,"enemies":"Lagavulin","floor":7,"turns":3},{"damage":0,"enemies":"3 Sentries","floor":10,"turns":3},{"damage":0,"enemies":"Exordium Wildlife","floor":11,"turns":2},{"damage":5,"enemies":"Gremlin Gang","floor":13,"turns":3},{"damage":7,"enemies":"Gremlin Nob","floor":14,"turns":3},{"damage":29,"enemies":"Hexaghost","floor":16,"turns":8},{"damage":0,"enemies":"Chosen","floor":18,"turns":3},{"damage":1,"enemies":"Spheric Guardian","floor":19,"turns":3},{"damage":2,"enemies":"Snake Plant","floor":20,"turns":4},{"damage":21,"enemies":"Chosen and Byrds","floor":21,"turns":6},{"damage":16,"enemies":"Gremlin Leader","floor":25,"turns":5},{"damage":0,"enemies":"Cultist and Chosen","floor":27,"turns":3},{"damage":1,"enemies":"3 Cultists","floor":29,"turns":3},{"damage":0,"enemies":"Snecko","floor":31,"turns":4},{"damage":39,"enemies":"Champ","floor":33,"turns":9},{"damage":3,"enemies":"3 Shapes","floor":35,"turns":5},{"damage":6,"enemies":"Orb Walker","floor":36,"turns":4},{"damage":0,"enemies":"Jaw Worm Horde","floor":38,"turns":5},{"damage":10,"enemies":"Transient","floor":39,"turns":6},{"damage":45,"enemies":"Giant Head","floor":40,"turns":6}],"seed_played":"-6489568041166173323","potions_obtained":[{"floor":1,"key":"Poison Potion"},{"floor":14,"key":"Energy Potion"},{"floor":16,"key":"AttackPotion"},{"floor":24,"key":"FocusPotion"},{"floor":31,"key":"PowerPotion"},{"floor":33,"key":"Energy Potion"}],"is_trial":false,"path_per_floor":["M","$","M","M","?","R","E","R","T","E","M","R","M","E","R","B",null,"M","M","M","M","?","R","?","E","T","M","$","M","R","M","R","B",null,"M","M","?","M","M","E"],"character_chosen":"DEFECT","items_purchased":["Ball Lightning","Regal Pillow"],"campfire_rested":3,"item_purchase_floors":[2,28],"current_hp_per_floor":[70,70,62,59,59,59,39,39,39,39,39,62,57,50,50,21,64,64,63,61,40,40,63,63,47,47,47,47,46,78,78,78,39,68,65,59,48,48,38,0],"gold":341,"neow_bonus":"TEN_PERCENT_HP_BONUS","is_prod":false,"is_daily":false,"chose_seed":false,"campfire_upgraded":3,"win_rate":0,"timestamp":1551600712,"path_taken":["M","?","M","M","?","R","E","R","T","E","M","R","M","E","R","BOSS","M","M","M","?","?","R","?","E","T","M","$","M","R","M","R","BOSS","M","?","?","M","?","E"],"build_version":"2019-01-23","purchased_purges":1,"victory":false,"max_hp_per_floor":[78,78,78,78,78,78,78,78,78,78,78,78,78,78,78,78,78,78,78,78,78,78,78,78,78,78,78,78,78,78,78,78,78,78,78,78,78,78,78,78],"card_choices":[{"not_picked":["Genetic Algorithm","Chaos"],"picked":"Sunder","floor":1},{"not_picked":["Coolheaded","Streamline"],"picked":"Go for the Eyes","floor":3},{"not_picked":["Sweeping Beam","Streamline"],"picked":"Skim","floor":4},{"not_picked":["Barrage","Hologram"],"picked":"Biased Cognition","floor":7},{"not_picked":["Ball Lightning","Lockon"],"picked":"Undo","floor":10},{"not_picked":["Chaos","Rebound"],"picked":"FTL","floor":11},{"not_picked":["Go for the Eyes","Static Discharge"],"picked":"Genetic Algorithm","floor":13},{"not_picked":["Barrage","Meteor Strike"],"picked":"Beam Cell","floor":14},{"not_picked":["Fission","Creative AI"],"picked":"Biased Cognition","floor":16},{"not_picked":["Leap","Go for the Eyes"],"picked":"Ball Lightning+1","floor":18},{"not_picked":["Gash","Turbo"],"picked":"FTL+1","floor":19},{"not_picked":["Ball Lightning","Rip and Tear"],"picked":"Reinforced Body","floor":20},{"not_picked":["Darkness","Streamline"],"picked":"Auto Shields","floor":21},{"not_picked":["Melter","Turbo"],"picked":"Defragment","floor":25},{"not_picked":["Beam Cell","Sunder"],"picked":"Undo","floor":27},{"not_picked":["BootSequence","Steam Power"],"picked":"Cold Snap","floor":29},{"not_picked":["Scrape","Beam Cell"],"picked":"Compile Driver","floor":31},{"not_picked":["Multi-Cast","Fission"],"picked":"Biased Cognition","floor":33},{"not_picked":["Rebound","Reinforced Body"],"picked":"Conserve Battery+1","floor":35},{"not_picked":["Gash","Reprogram"],"picked":"Undo","floor":36},{"not_picked":["Streamline","Gash+1"],"picked":"Sweeping Beam","floor":38},{"not_picked":["Melter","Genetic Algorithm+1"],"picked":"Ball Lightning+1","floor":39}],"player_experience":899015,"relics_obtained":[{"floor":7,"key":"Bottled Lightning"},{"floor":9,"key":"Anchor"},{"floor":10,"key":"Whetstone"},{"floor":14,"key":"Letter Opener"},{"floor":25,"key":"Dead Branch"},{"floor":26,"key":"Happy Flower"}],"event_choices":[{"damage_healed":0,"gold_gain":0,"player_choice":"Paid Gold","damage_taken":0,"relics_obtained":["PreservedInsect"],"max_hp_gain":0,"max_hp_loss":0,"event_name":"WeMeetAgain","floor":5,"gold_loss":73},{"damage_healed":0,"gold_gain":0,"player_choice":"Opened","damage_taken":0,"relics_obtained":["Smiling Mask"],"max_hp_gain":0,"max_hp_loss":0,"event_name":"The Mausoleum","floor":22,"gold_loss":0,"cards_obtained":["Writhe"]},{"damage_healed":0,"gold_gain":0,"player_choice":"Got Potions","damage_taken":0,"max_hp_gain":0,"max_hp_loss":0,"event_name":"Lab","floor":24,"gold_loss":0},{"damage_healed":0,"gold_gain":0,"player_choice":"Damaged","damage_taken":11,"max_hp_gain":0,"max_hp_loss":0,"event_name":"Wheel of Change","floor":37,"gold_loss":0}],"is_beta":false,"boss_relics":[{"not_picked":["Calling Bell","Busted Crown"],"picked":"Fusion Hammer"},{"not_picked":["Runic Pyramid","Eternal Feather"],"picked":"Philosopher\u0027s Stone"}],"items_purged_floors":[28],"is_endless":false,"potions_floor_spawned":[1,14,16,20,21,29,31,33,38,39],"killed_by":"Giant Head","ascension_level":18}