{"gold_per_floor":[116,116,136,152,152,183,183,254,254,254,285,285,308,322,322,322],"floor_reached":16,"playtime":885,"items_purged":[],"score":224,"play_id":"74851fed-720f-49aa-bc52-0a5e4a157f7f","local_time":"20190618152031","is_ascension_mode":true,"campfire_choices":[{"data":"Skewer","floor":7,"key":"SMITH"},{"data":"Well Laid Plans","floor":10,"key":"SMITH"},{"data":"Bullet Time","floor":12,"key":"SMITH"},{"data":"Neutralize","floor":15,"key":"SMITH"}],"neow_cost":"TEN_PERCENT_HP_LOSS","seed_source_timestamp":453856499747600,"circlet_count":0,"master_deck":["AscendersBane","Defend_G","Defend_G","Defend_G","Defend_G","Defend_G","Strike_G","Strike_G","Strike_G","Strike_G","Strike_G","Survivor","Neutralize+1","Bullet Time+1","Skewer+1","Choke","Deadly Poison","Well Laid Plans+1","Acrobatics","Die Die Die","Quick Slash"],"relics":["Ring of the Snake","Golden Idol","SsserpentHead","Strawberry","Lantern","Frozen Egg 2"],"potions_floor_usage":[16,16],"damage_taken":[{"damage":2,"enemies":"Jaw Worm","floor":1,"turns":4},{"damage":5,"enemies":"Small Slimes","floor":3,"turns":3},{"damage":1,"enemies":"Cultist","floor":4,"turns":4},{"damage":27,"enemies":"3 Sentries","floor":6,"turns":10},{"damage":2,"enemies":"Red Slaver","floor":8,"turns":3},{"damage":13,"enemies":"Lagavulin","floor":11,"turns":8},{"damage":4,"enemies":"Exordium Thugs","floor":13,"turns":5},{"damage":4,"enemies":"Looter","floor":14,"turns":3},{"damage":7,"enemies":"Hexaghost","floor":16,"turns":9}],"seed_played":"-6814201366421418935","potions_obtained":[{"floor":4,"key":"Block Potion"},{"floor":11,"key":"LiquidBronze"}],"is_trial":false,"path_per_floor":["M","?","M","M","?","E","R","M","T","R","E","R","M","M","R","B"],"character_chosen":"THE_SILENT","items_purchased":[],"campfire_rested":0,"item_purchase_floors":[],"current_hp_per_floor":[57,54,49,48,48,28,28,26,26,26,13,13,9,5,5,0],"gold":322,"neow_bonus":"THREE_RARE_CARDS","is_prod":false,"is_daily":false,"chose_seed":false,"campfire_upgraded":4,"win_rate":0,"timestamp":1560860431,"path_taken":["M","?","M","M","?","E","R","?","T","R","E","R","M","M","R","BOSS"],"build_version":"2019-01-23","purchased_purges":0,"victory":false,"max_hp_per_floor":[60,54,54,54,54,61,61,61,61,61,61,61,61,61,61,61],"card_choices":[{"not_picked":["Doppelganger","Envenom"],"picked":"Bullet Time","floor":0},{"not_picked":["Dodge and Roll","Masterful Stab"],"picked":"Skewer","floor":1},{"not_picked":["Backflip","PiercingWail"],"picked":"Choke","floor":3},{"not_picked":["Escape Plan","Deflect"],"picked":"Deadly Poison","floor":4},{"not_picked":["Blur","Prepared"],"picked":"Well Laid Plans","floor":6},{"not_picked":["Heel Hook","Predator","Flying Knee"],"picked":"SKIP","floor":8},{"not_picked":["Outmaneuver","Deflect"],"picked":"Acrobatics","floor":11},{"not_picked":["Sucker Punch","Poisoned Stab"],"picked":"Die Die Die","floor":13},{"not_picked":["Accuracy+1","Prepared"],"picked":"Quick Slash","floor":14}],"player_experience":1139451,"relics_obtained":[{"floor":6,"key":"Strawberry"},{"floor":9,"key":"Lantern"},{"floor":11,"key":"Frozen Egg 2"}],"event_choices":[{"damage_healed":0,"gold_gain":0,"player_choice":"Lose Max HP","damage_taken":0,"relics_obtained":["Golden Idol"],"max_hp_gain":0,"max_hp_loss":6,"event_name":"Golden Idol","floor":2,"gold_loss":0},{"damage_healed":0,"gold_gain":0,"player_choice":"Trade","damage_taken":0,"relics_obtained":["SsserpentHead"],"max_hp_gain":0,"max_hp_loss":0,"event_name":"FaceTrader","floor":5,"gold_loss":0}],"is_beta":false,"boss_relics":[],"items_purged_floors":[],"is_endless":false,"potions_floor_spawned":[4,11,14],"killed_by":"Hexaghost","ascension_level":20}