{"gold_per_floor":[115,190,190,217,22,22,56,74,74,134,134,145,177,195,195,292,292,305,336,336,261,261,261,110,129,129,141,161,25,25,35,35,137,137,148,148,370,350,370,370,386,420,469,503,26,46,56,56,56,56],"floor_reached":51,"playtime":4238,"items_purged":["Normality"],"score":850,"play_id":"74d57ab0-5ceb-4a61-bd8d-ba9b43aad5cd","local_time":"20190222002951","is_ascension_mode":true,"campfire_choices":[{"data":"Armaments","floor":6.0,"key":"SMITH"},{"data":"1","floor":11,"key":"LIFT"},{"data":"2","floor":15,"key":"LIFT"},{"data":"3","floor":23,"key":"LIFT"},{"data":"Limit Break","floor":32,"key":"SMITH"},{"floor":40,"key":"RECALL"},{"floor":49,"key":"REST"}],"neow_cost":"NONE","seed_source_timestamp":0,"circlet_count":0,"master_deck":["Strike_R","Strike_R","Strike_R+1","Strike_R","Defend_R","Defend_R","Defend_R","Bash","Armaments+1","Second Wind","Headbutt","Shrug It Off","Heavy Blade","Pommel Strike","Flex","Impervious","Heavy Blade","Pommel Strike","Intimidate+1","Decay","Clothesline","Limit Break+1","Headbutt","Heavy Blade","Madness","Madness","Heavy Blade+1","Anger+1","Mayhem+1","Body Slam+1"],"special_seed":0,"relics":["Burning Blood","NeowsBlessing","Orichalcum","TheAbacus","StoneCalendar","Girya","Paper Frog","Unceasing Top","Cursed Key","Red Mask","Frozen Egg 2","Ancient Tea Set","Mercury Hourglass","Fusion Hammer","Blue Candle","Whetstone","Smiling Mask","Bottled Lightning"],"potions_floor_usage":[13,18,25,33,39,41,42,47,47],"damage_taken":[{"damage":0.0,"enemies":"Small Slimes","floor":1.0,"turns":1.0},{"damage":0.0,"enemies":"Gremlin Nob","floor":7.0,"turns":1.0},{"damage":0.0,"enemies":"2 Louse","floor":8.0,"turns":1.0},{"damage":16.0,"enemies":"Lagavulin Event","floor":10.0,"turns":7.0},{"damage":0,"enemies":"Jaw Worm","floor":12,"turns":3},{"damage":0,"enemies":"3 Sentries","floor":13,"turns":7},{"damage":0,"enemies":"2 Fungi Beasts","floor":14,"turns":2},{"damage":14,"enemies":"Slime Boss","floor":16,"turns":9},{"damage":6,"enemies":"Shell Parasite","floor":18,"turns":4},{"damage":13,"enemies":"Masked Bandits","floor":19,"turns":5},{"damage":18,"enemies":"3 Byrds","floor":25,"turns":5},{"damage":2,"enemies":"3 Cultists","floor":27,"turns":6},{"damage":6,"enemies":"Sentry and Sphere","floor":28,"turns":4},{"damage":0,"enemies":"Cultist and Chosen","floor":31,"turns":4},{"damage":49,"enemies":"Automaton","floor":33,"turns":8},{"damage":7,"enemies":"3 Darklings","floor":35,"turns":4},{"damage":1,"enemies":"3 Shapes","floor":39,"turns":7},{"damage":0,"enemies":"3 Darklings","floor":41,"turns":2},{"damage":21,"enemies":"Giant Head","floor":42,"turns":7},{"damage":39,"enemies":"Nemesis","floor":44,"turns":3},{"damage":0,"enemies":"Sphere and 2 Shapes","floor":46,"turns":4},{"damage":3,"enemies":"Transient","floor":47,"turns":5},{"damage":56,"enemies":"Time Eater","floor":50,"turns":7}],"seed_played":"7379478614525760527","potions_obtained":[{"floor":8.0,"key":"EssenceOfSteel"},{"floor":10.0,"key":"SpeedPotion"},{"floor":12,"key":"EssenceOfSteel"},{"floor":16,"key":"PowerPotion"},{"floor":18,"key":"GamblersBrew"},{"floor":31,"key":"EssenceOfSteel"},{"floor":33,"key":"Dexterity Potion"},{"floor":35,"key":"GamblersBrew"},{"floor":38,"key":"Fruit Juice"},{"floor":39,"key":"FearPotion"},{"floor":46,"key":"BloodPotion"},{"floor":47,"key":"GamblersBrew"}],"is_trial":false,"path_per_floor":["M","?","?","T","$","R","E","M","T","?","R","M","E","M","R","B",null,"M","?","?","?","?","R","$","M","T","M","M","$","?","M","R","B",null,"M","?","?","?","M","R","M","E","T","E","$","M","M","?","R","B",null],"character_chosen":"IRONCLAD","items_purchased":["TheAbacus","Ancient Tea Set","Limit Break","Mayhem+1","Bottled Lightning"],"campfire_rested":1,"item_purchase_floors":[5,24,29,45,45],"current_hp_per_floor":[80,69,69,69,69,69,75,80,80,70,70,76,80,80,80,72,80,80,73,73,73,73,73,73,61,61,65,65,65,65,71,71,28,80,79,69,69,69,79,79,85,70,70,37,37,43,54,54,79,29],"gold":56,"neow_bonus":"THREE_ENEMY_KILL","is_prod":false,"is_daily":false,"chose_seed":false,"campfire_upgraded":2,"win_rate":0,"timestamp":1550795391,"path_taken":["M","?","?","?","$","R","E","M","T","?","R","M","E","M","R","BOSS","M","?","?","?","?","R","$","M","T","M","?","?","?","M","R","BOSS","M","?","?","?","?","R","M","E","T","E","$","M","M","?","R","BOSS"],"build_version":"2019-01-23","purchased_purges":1,"victory":true,"max_hp_per_floor":[80,80,80,80,80,80,80,80,80,80,80,80,80,80,80,80,80,80,80,80,80,80,80,80,80,80,80,80,80,80,80,80,80,80,80,80,80,80,85,85,85,85,85,85,85,85,85,85,85,85],"card_choices":[{"not_picked":["Havoc","Shrug It Off"],"picked":"Armaments","floor":1.0},{"not_picked":["True Grit","Fiend Fire"],"picked":"Metallicize","floor":7.0},{"not_picked":["Clothesline","Hemokinesis"],"picked":"Headbutt","floor":8.0},{"not_picked":["True Grit","Fiend Fire"],"picked":"Shrug It Off","floor":10.0},{"not_picked":["Entrench","Headbutt"],"picked":"Heavy Blade","floor":12},{"not_picked":["Hemokinesis","Havoc"],"picked":"Pommel Strike","floor":13},{"not_picked":["True Grit","Body Slam"],"picked":"Flex","floor":14},{"not_picked":["Barricade","Exhume"],"picked":"Impervious","floor":16},{"not_picked":["Body Slam","Shrug It Off+1"],"picked":"Heavy Blade","floor":18},{"not_picked":["Sword Boomerang+1","Rampage"],"picked":"Pommel Strike","floor":19},{"not_picked":["Dual Wield+1","Power Through"],"picked":"Intimidate+1","floor":25},{"not_picked":["Wild Strike","Dropkick+1","Searing Blow"],"picked":"SKIP","floor":27},{"not_picked":["Bloodletting","Feel No Pain+1"],"picked":"Clothesline","floor":28},{"not_picked":["Twin Strike+1","Dark Embrace+1"],"picked":"Headbutt","floor":31},{"not_picked":["Thunderclap+1","Cleave+1"],"picked":"Heavy Blade","floor":35},{"not_picked":["Clothesline+1","Headbutt+1"],"picked":"Heavy Blade+1","floor":39},{"not_picked":["Evolve+1","Dual Wield"],"picked":"Anger","floor":41},{"not_picked":["Iron Wave+1","True Grit","Exhume"],"picked":"SKIP","floor":42},{"not_picked":["Warcry","Havoc+1","Uppercut+1"],"picked":"SKIP","floor":44},{"not_picked":["Blood for Blood","Dropkick"],"picked":"Body Slam+1","floor":46},{"not_picked":["Shrug It Off","Body Slam+1","Shockwave"],"picked":"SKIP","floor":47}],"player_experience":149054,"relics_obtained":[{"floor":4.0,"key":"Orichalcum"},{"floor":7.0,"key":"StoneCalendar"},{"floor":9.0,"key":"Girya"},{"floor":10.0,"key":"Paper Frog"},{"floor":13,"key":"Unceasing Top"},{"floor":19,"key":"Red Mask"},{"floor":42,"key":"Blue Candle"},{"floor":43,"key":"Whetstone"},{"floor":44,"key":"Smiling Mask"}],"event_choices":[{"damage_healed":0.0,"max_hp_gain":0.0,"max_hp_loss":0.0,"gold_gain":75.0,"event_name":"World of Goop","player_choice":"Gather Gold","floor":2.0,"gold_loss":0.0,"damage_taken":11.0},{"damage_healed":0.0,"max_hp_gain":0.0,"max_hp_loss":0.0,"gold_gain":0.0,"cards_transformed":["Defend_R"],"event_name":"Living Wall","player_choice":"Change","floor":3.0,"gold_loss":0.0,"damage_taken":0.0,"cards_obtained":["Second Wind"]},{"damage_healed":0.0,"max_hp_gain":0.0,"max_hp_loss":0.0,"gold_gain":0.0,"event_name":"Dead Adventurer","player_choice":"Searched \u00271\u0027 times","floor":10.0,"gold_loss":0.0,"damage_taken":0.0},{"damage_healed":0,"gold_gain":0,"player_choice":"Fought Bandits","damage_taken":0,"max_hp_gain":0,"max_hp_loss":0,"event_name":"Masked Bandits","floor":19,"gold_loss":0},{"cards_removed":["Metallicize"],"damage_healed":0,"gold_gain":0,"player_choice":"Elegance","damage_taken":0,"max_hp_gain":0,"max_hp_loss":0,"event_name":"Back to Basics","floor":20,"gold_loss":0},{"cards_removed":["Strike_R"],"damage_healed":0,"gold_gain":0,"player_choice":"Gave Gold","damage_taken":0,"max_hp_gain":0,"max_hp_loss":0,"event_name":"Beggar","floor":21,"gold_loss":75},{"damage_healed":0,"gold_gain":0,"player_choice":"Opened","damage_taken":0,"relics_obtained":["Frozen Egg 2"],"max_hp_gain":0,"max_hp_loss":0,"event_name":"The Mausoleum","floor":22,"gold_loss":0},{"damage_healed":0,"gold_gain":0,"player_choice":"Gave Potion","damage_taken":0,"relics_obtained":["Mercury Hourglass"],"max_hp_gain":0,"max_hp_loss":0,"event_name":"WeMeetAgain","floor":30,"gold_loss":0},{"damage_healed":0,"gold_gain":0,"player_choice":"Embrace Madness","damage_taken":10,"max_hp_gain":0,"max_hp_loss":0,"event_name":"Winding Halls","floor":36,"gold_loss":0,"cards_obtained":["Madness","Madness"]},{"damage_healed":0,"gold_gain":222,"player_choice":"Wore Mask","damage_taken":0,"max_hp_gain":0,"max_hp_loss":0,"event_name":"Tomb of Lord Red Mask","floor":37,"gold_loss":0},{"damage_healed":0,"gold_gain":0,"player_choice":"Bought 1 Potion","damage_taken":0,"max_hp_gain":0,"max_hp_loss":0,"event_name":"The Woman in Blue","floor":38,"gold_loss":0},{"damage_healed":0,"gold_gain":0,"player_choice":"Ignored","damage_taken":0,"max_hp_gain":0,"max_hp_loss":0,"event_name":"SecretPortal","floor":48,"gold_loss":0}],"is_beta":false,"boss_relics":[{"not_picked":["White Beast Statue","Velvet Choker"],"picked":"Cursed Key"},{"not_picked":["Black Blood","Tiny House"],"picked":"Fusion Hammer"}],"items_purged_floors":[45],"is_endless":false,"potions_floor_spawned":[8,10,12,16,18,31,33,35,39,46,47],"ascension_level":1}