{"gold_per_floor":[117,19,33,49,49,49,66,66,66,76,3,35,52,72,72,172,172,188,200,200,200,210,210,210],"floor_reached":24,"playtime":968,"items_purged":["Parasite"],"score":200,"play_id":"fd786141-ec53-4e9d-9119-584ec6a6f428","local_time":"20190610235244","is_ascension_mode":false,"campfire_choices":[{"data":"Defragment","floor":6.0,"key":"SMITH"},{"data":"Consume","floor":8.0,"key":"SMITH"},{"data":"Seek","floor":15.0,"key":"SMITH"},{"data":"Zap","floor":23,"key":"SMITH"}],"neow_cost":"CURSE","seed_source_timestamp":0,"circlet_count":0,"master_deck":["Strike_B","Strike_B","Strike_B","Strike_B","Defend_B","Defend_B","Defend_B","Defend_B","Zap+1","Dualcast","Echo Form","Barrage","Cold Snap","Redo","Defragment+1","Consume+1","White Noise","Seek+1","Melter","Ball Lightning","FTL","Core Surge","Reinforced Body+1","Hologram","Echo Form","Core Surge"],"special_seed":0,"relics":["Cracked Core","Potion Belt","The Courier","Philosopher\u0027s Stone","Blue Candle"],"potions_floor_usage":[],"damage_taken":[{"damage":3.0,"enemies":"Jaw Worm","floor":1.0,"turns":3.0},{"damage":0.0,"enemies":"Cultist","floor":3.0,"turns":3.0},{"damage":2.0,"enemies":"Small Slimes","floor":4.0,"turns":3.0},{"damage":17.0,"enemies":"Blue Slaver","floor":7.0,"turns":4.0},{"damage":12.0,"enemies":"Exordium Wildlife","floor":10.0,"turns":5.0},{"damage":2.0,"enemies":"Gremlin Nob","floor":12.0,"turns":3.0},{"damage":10.0,"enemies":"Exordium Thugs","floor":13.0,"turns":4.0},{"damage":11.0,"enemies":"3 Louse","floor":14.0,"turns":2.0},{"damage":13.0,"enemies":"The Guardian","floor":16.0,"turns":9.0},{"damage":41,"enemies":"3 Byrds","floor":18,"turns":4},{"damage":6,"enemies":"Spheric Guardian","floor":19,"turns":4},{"damage":6,"enemies":"Snecko","floor":22,"turns":5},{"damage":19,"enemies":"Cultist and Chosen","floor":24,"turns":2}],"seed_played":"-245445999407608662","potions_obtained":[{"floor":1.0,"key":"AttackPotion"},{"floor":12.0,"key":"Ancient Potion"},{"floor":13.0,"key":"Dexterity Potion"},{"floor":19,"key":"FocusPotion"}],"is_trial":false,"path_per_floor":["M","$","M","M","?","R","M","R","T","M","$","E","M","M","R","B",null,"M","M","?","?","M","R","M"],"character_chosen":"DEFECT","items_purchased":["Cold Snap","Seek"],"campfire_rested":0,"item_purchase_floors":[2,11],"current_hp_per_floor":[72,72,72,70,70,70,53,53,53,41,41,39,29,18,18,5,72,31,25,25,25,19,19,0],"gold":210,"neow_bonus":"THREE_RARE_CARDS","is_prod":false,"is_daily":false,"chose_seed":false,"campfire_upgraded":4,"win_rate":0,"timestamp":1560178364,"path_taken":["M","$","M","M","?","R","M","R","T","M","$","E","M","?","R","BOSS","M","M","?","?","M","R","M"],"build_version":"2019-01-23","purchased_purges":1,"victory":false,"max_hp_per_floor":[75,72,72,72,72,72,72,72,72,72,72,72,72,72,72,72,72,72,72,72,72,72,72,72],"card_choices":[{"not_picked":["All For One","Multi-Cast"],"picked":"Echo Form","floor":0.0},{"not_picked":["Rip and Tear","Redo"],"picked":"Barrage","floor":1.0},{"not_picked":["Barrage","Gash"],"picked":"Redo","floor":3.0},{"not_picked":["Beam Cell","Compile Driver"],"picked":"Defragment","floor":4.0},{"not_picked":["Chill","Beam Cell"],"picked":"Consume","floor":7.0},{"not_picked":["Heatsinks","Hologram"],"picked":"White Noise","floor":10.0},{"not_picked":["Heatsinks","Beam Cell"],"picked":"Melter","floor":12.0},{"not_picked":["Beam Cell","Conserve Battery"],"picked":"Ball Lightning","floor":13.0},{"not_picked":["Leap","Skim"],"picked":"FTL","floor":14.0},{"not_picked":["All For One","Reboot"],"picked":"Core Surge","floor":16.0},{"not_picked":["Turbo","Recycle"],"picked":"Reinforced Body+1","floor":18},{"not_picked":["Double Energy","Beam Cell+1"],"picked":"Hologram","floor":19},{"not_picked":["Rebound+1","Melter"],"picked":"Core Surge","floor":22}],"player_experience":1008748,"relics_obtained":[{"floor":9.0,"key":"Potion Belt"},{"floor":12.0,"key":"The Courier"}],"event_choices":[{"damage_healed":0.0,"max_hp_gain":0.0,"max_hp_loss":0.0,"gold_gain":0.0,"event_name":"NoteForYourself","player_choice":"Ignored","floor":5.0,"gold_loss":0.0,"damage_taken":0.0},{"damage_healed":0,"gold_gain":0,"player_choice":"Opened","damage_taken":0,"relics_obtained":["Blue Candle"],"max_hp_gain":0,"max_hp_loss":0,"event_name":"The Mausoleum","floor":20,"gold_loss":0},{"damage_healed":0,"gold_gain":0,"player_choice":"Read","damage_taken":0,"max_hp_gain":0,"max_hp_loss":0,"event_name":"The Library","floor":21,"gold_loss":0,"cards_obtained":["Echo Form"]}],"is_beta":false,"boss_relics":[{"not_picked":["Sozu","Astrolabe"],"picked":"Philosopher\u0027s Stone"}],"items_purged_floors":[2],"is_endless":false,"potions_floor_spawned":[1,12,13,19],"killed_by":"Cultist and Chosen","ascension_level":0}