{"gold_per_floor":[118,118,28,45,65,65,84,118,164,164,175,175,186,217,217,217],"floor_reached":16,"playtime":700,"items_purged":[],"score":224,"play_id":"1863a1e4-9a3e-4974-ae2b-6eb0f5a67f7c","local_time":"20190627084507","is_ascension_mode":true,"campfire_choices":[{"data":"Zap","floor":6,"key":"SMITH"},{"data":"Defragment","floor":10,"key":"SMITH"},{"floor":12,"key":"REST"},{"floor":15,"key":"REST"}],"neow_cost":"NONE","seed_source_timestamp":1207933212874400,"circlet_count":0,"master_deck":["AscendersBane","Strike_B","Strike_B","Strike_B","Strike_B","Defend_B","Defend_B","Defend_B","Defend_B","Zap+1","Dualcast","Defragment+1","Genetic Algorithm","Gash","Ball Lightning","Compile Driver","Hologram","Go for the Eyes","Beam Cell"],"relics":["Cracked Core","Anchor","Kunai","DataDisk","Art of War","Juzu Bracelet"],"potions_floor_usage":[8,11,14],"damage_taken":[{"damage":0,"enemies":"Jaw Worm","floor":1,"turns":3},{"damage":2,"enemies":"Cultist","floor":4,"turns":4},{"damage":7,"enemies":"Small Slimes","floor":5,"turns":3},{"damage":9,"enemies":"2 Fungi Beasts","floor":7,"turns":4},{"damage":33,"enemies":"Lagavulin","floor":8,"turns":8},{"damage":21,"enemies":"Gremlin Gang","floor":11,"turns":4},{"damage":12,"enemies":"Lots of Slimes","floor":13,"turns":4},{"damage":11,"enemies":"Gremlin Nob","floor":14,"turns":3},{"damage":28,"enemies":"Slime Boss","floor":16,"turns":7}],"seed_played":"4293022835930309139","potions_obtained":[{"floor":4,"key":"Regen Potion"},{"floor":7,"key":"Fire Potion"},{"floor":8,"key":"SkillPotion"}],"is_trial":false,"path_per_floor":["M","?","$","M","M","R","M","E","T","R","M","R","M","E","R","B"],"character_chosen":"DEFECT","items_purchased":["Defragment"],"campfire_rested":2,"item_purchase_floors":[3],"current_hp_per_floor":[64,64,64,62,55,55,46,28,28,28,7,28,16,5,26,0],"gold":217,"neow_bonus":"RANDOM_COMMON_RELIC","is_prod":false,"is_daily":false,"chose_seed":false,"campfire_upgraded":2,"win_rate":0,"timestamp":1561614307,"path_taken":["M","?","$","?","M","R","M","E","T","R","M","R","M","E","R","BOSS"],"build_version":"2019-01-23","purchased_purges":0,"victory":false,"max_hp_per_floor":[71,71,71,71,71,71,71,71,71,71,71,71,71,71,71,71],"card_choices":[{"not_picked":["Turbo","Chaos"],"picked":"Gash","floor":1},{"not_picked":["Hologram","Beam Cell"],"picked":"Genetic Algorithm","floor":4},{"not_picked":["Beam Cell","Go for the Eyes"],"picked":"Gash","floor":5},{"not_picked":["Compile Driver","Steam"],"picked":"Ball Lightning","floor":7},{"not_picked":["BootSequence","Loop"],"picked":"Compile Driver","floor":8},{"not_picked":["Turbo","Rip and Tear"],"picked":"Hologram","floor":11},{"not_picked":["Scrape","Leap"],"picked":"Go for the Eyes","floor":13},{"not_picked":["Barrage","BootSequence"],"picked":"Beam Cell","floor":14}],"player_experience":1181599,"relics_obtained":[{"floor":8,"key":"DataDisk"},{"floor":9,"key":"Art of War"},{"floor":14,"key":"Juzu Bracelet"}],"event_choices":[{"cards_removed":["Gash"],"damage_healed":0,"gold_gain":0,"player_choice":"Gave Card","damage_taken":0,"relics_obtained":["Kunai"],"max_hp_gain":0,"max_hp_loss":0,"event_name":"WeMeetAgain","floor":2,"gold_loss":0}],"is_beta":false,"boss_relics":[],"items_purged_floors":[],"is_endless":false,"potions_floor_spawned":[4,7,8],"killed_by":"Slime Boss","ascension_level":20}