{"gold_per_floor":[19,19,33,33,33,76,109,109,139,180,75,113,38,38,38,131,131,156,170,170,8,8],"floor_reached":22,"playtime":856,"items_purged":["Strike_B","Strike_B"],"score":376,"play_id":"98896570-a836-4f3d-8a8f-f06422f64e82","local_time":"20190224162002","is_ascension_mode":true,"campfire_choices":[{"data":"Hyperbeam","floor":8,"key":"SMITH"},{"floor":15,"key":"REST"}],"neow_cost":"NO_GOLD","seed_source_timestamp":77644407155800,"circlet_count":0,"master_deck":["AscendersBane","Defend_B","Defend_B","Defend_B","Defend_B","Dualcast","Hyperbeam+1","Beam Cell","Double Energy","Sunder","Steam","Glacier","Go for the Eyes","Leap","Leap","Parasite","Creative AI","Hyperbeam","Blizzard+1","Static Discharge+1","Stack+1","Undo","Steam"],"relics":["Cracked Core","Golden Idol","Smiling Mask","Odd Mushroom","Tiny Chest","Cables","WingedGreaves","Astrolabe","DataDisk","Bag of Preparation"],"potions_floor_usage":[16],"damage_taken":[{"damage":0,"enemies":"Small Slimes","floor":1,"turns":1},{"damage":0,"enemies":"Cultist","floor":3,"turns":2},{"damage":25,"enemies":"Lagavulin","floor":6,"turns":6},{"damage":1,"enemies":"The Mushroom Lair","floor":7,"turns":2},{"damage":28,"enemies":"Gremlin Nob","floor":10,"turns":4},{"damage":7,"enemies":"3 Sentries","floor":12,"turns":3},{"damage":19,"enemies":"Slime Boss","floor":16,"turns":9},{"damage":26,"enemies":"Shell Parasite","floor":18,"turns":6},{"damage":17,"enemies":"2 Thieves","floor":19,"turns":3},{"damage":8,"enemies":"Cultist and Chosen","floor":22,"turns":5}],"seed_played":"-6145465236501648046","potions_obtained":[{"floor":2,"key":"SmokeBomb"},{"floor":2,"key":"Ancient Potion"},{"floor":3,"key":"Block Potion"}],"is_trial":false,"path_per_floor":["M","?","M","$","?","E","?","R","T","E","$","E","$","?","R","B",null,"M","M","T","$","M"],"character_chosen":"DEFECT","items_purchased":["Go for the Eyes","Leap","Bag of Preparation"],"campfire_rested":1,"item_purchase_floors":[11,13,21],"current_hp_per_floor":[64,64,64,64,64,39,38,38,38,10,10,3,3,3,22,3,49,23,6,6,6,0],"gold":8,"neow_bonus":"THREE_RARE_CARDS","is_prod":false,"is_daily":false,"chose_seed":false,"campfire_upgraded":1,"win_rate":0,"timestamp":1551018002,"path_taken":["M","?","M","?","?","E","?","R","T","E","$","E","$","?","R","BOSS","M","M","?","$","M"],"build_version":"2019-01-23","purchased_purges":2,"victory":false,"max_hp_per_floor":[71,71,71,71,64,64,64,64,64,64,64,64,64,64,64,64,64,64,64,64,64,64],"card_choices":[{"not_picked":["Thunder Strike","Fission"],"picked":"Hyperbeam","floor":0},{"not_picked":["Streamline","Sweeping Beam"],"picked":"Beam Cell","floor":1},{"not_picked":["Cold Snap","Stack"],"picked":"Double Energy","floor":3},{"not_picked":["Loop","Storm"],"picked":"Sunder","floor":6},{"not_picked":["Hello World","Hologram"],"picked":"Steam","floor":7},{"not_picked":["Hologram","Aggregate"],"picked":"Glacier","floor":10},{"not_picked":["Ball Lightning","Compile Driver"],"picked":"Leap","floor":12},{"not_picked":["Electrodynamics","Seek"],"picked":"Hyperbeam","floor":16},{"not_picked":["Redo","Scrape"],"picked":"Undo","floor":18},{"not_picked":["Redo+1","Undo"],"picked":"Steam","floor":19}],"player_experience":892817,"relics_obtained":[{"floor":6,"key":"Smiling Mask"},{"floor":7,"key":"Odd Mushroom"},{"floor":9,"key":"Tiny Chest"},{"floor":10,"key":"Cables"},{"floor":12,"key":"WingedGreaves"},{"floor":20,"key":"DataDisk"}],"event_choices":[{"damage_healed":0,"gold_gain":0,"player_choice":"Got Potions","damage_taken":0,"max_hp_gain":0,"max_hp_loss":0,"event_name":"Lab","floor":2,"gold_loss":0},{"damage_healed":0,"gold_gain":0,"player_choice":"Lose Max HP","damage_taken":0,"relics_obtained":["Golden Idol"],"max_hp_gain":0,"max_hp_loss":7,"event_name":"Golden Idol","floor":5,"gold_loss":0},{"damage_healed":0,"gold_gain":0,"player_choice":"Fought Mushrooms","damage_taken":0,"max_hp_gain":0,"max_hp_loss":0,"event_name":"Mushrooms","floor":7,"gold_loss":0},{"damage_healed":0,"gold_gain":0,"player_choice":"2 cards matched","damage_taken":0,"max_hp_gain":0,"max_hp_loss":0,"event_name":"Match and Keep!","floor":14,"gold_loss":0,"cards_obtained":["Parasite","Creative AI"]}],"is_beta":false,"boss_relics":[{"not_picked":["Inserter","Eternal Feather"],"picked":"Astrolabe"}],"items_purged_floors":[11,13],"is_endless":false,"potions_floor_spawned":[3,12],"killed_by":"Cultist and Chosen","ascension_level":18}