{"gold_per_floor":[113,113,133,133,133,160,171,171,171,171,184,203,214,57,57,128,128,147,147,164,178,91,91,123,123,123,123,123,154,165,180,180,257,257,273,286,286,286,286,286,305,358,406,420,437,437,471,485,485,485],"floor_reached":50,"playtime":4713,"items_purged":["Strike_G"],"score":1053,"play_id":"127f6654-10e0-48ed-b2c7-35245a2fb51e","local_time":"20190603201609","is_ascension_mode":true,"campfire_choices":[{"floor":8.0,"key":"REST"},{"data":"Caltrops","floor":10.0,"key":"SMITH"},{"data":"Survivor","floor":15.0,"key":"SMITH"},{"data":"Footwork","floor":23.0,"key":"SMITH"},{"floor":25.0,"key":"REST"},{"data":"Poisoned Stab","floor":28.0,"key":"SMITH"},{"data":"Strike_G","floor":32,"key":"PURGE"},{"floor":40,"key":"REST"},{"floor":46,"key":"REST"},{"floor":49,"key":"RECALL"}],"neow_cost":"NONE","seed_source_timestamp":0,"circlet_count":0,"master_deck":["AscendersBane","Defend_G","Defend_G","Defend_G","Defend_G","Defend_G","Survivor+1","Neutralize+1","Dagger Throw+1","Backflip","Cloak And Dagger+1","Caltrops+1","Crippling Poison+1","Backstab","Poisoned Stab+1","PiercingWail+1","Doppelganger+1","Prepared+1","Skewer+1","Footwork+1","Deflect+1","Footwork","Flying Knee+1","Deadly Poison+1","Grand Finale+1","Storm of Steel+1","Burst+1","Escape Plan+1","PiercingWail+1","Dark Shackles+1","Blind+1","Impatience+1","Deflect+1"],"special_seed":0,"relics":["Ring of the Snake","Toxic Egg 2","Pear","Pocketwatch","Runic Pyramid","Molten Egg 2","Bottled Lightning","FaceOfCleric","Peace Pipe","Astrolabe","Snake Skull","Dream Catcher"],"potions_floor_usage":[33],"damage_taken":[{"damage":9.0,"enemies":"Small Slimes","floor":1.0,"turns":6.0},{"damage":5.0,"enemies":"Jaw Worm","floor":3.0,"turns":3.0},{"damage":42.0,"enemies":"Gremlin Nob","floor":6.0,"turns":5.0},{"damage":0.0,"enemies":"Cultist","floor":7.0,"turns":3.0},{"damage":4.0,"enemies":"Exordium Wildlife","floor":11.0,"turns":4.0},{"damage":17.0,"enemies":"Gremlin Gang","floor":12.0,"turns":3.0},{"damage":0.0,"enemies":"Red Slaver","floor":13.0,"turns":4.0},{"damage":16.0,"enemies":"The Guardian","floor":16.0,"turns":10.0},{"damage":19.0,"enemies":"Spheric Guardian","floor":18.0,"turns":5.0},{"damage":3.0,"enemies":"3 Byrds","floor":20.0,"turns":4.0},{"damage":4.0,"enemies":"Snecko","floor":21.0,"turns":6.0},{"damage":2.0,"enemies":"Book of Stabbing","floor":24.0,"turns":6.0},{"damage":16.0,"enemies":"Slavers","floor":29.0,"turns":6.0},{"damage":2.0,"enemies":"Chosen and Byrds","floor":30.0,"turns":6.0},{"damage":16.0,"enemies":"Centurion and Healer","floor":31.0,"turns":8.0},{"damage":21,"enemies":"Collector","floor":33,"turns":12},{"damage":7,"enemies":"Orb Walker","floor":35,"turns":4},{"damage":10,"enemies":"3 Darklings","floor":36,"turns":4},{"damage":44,"enemies":"Transient","floor":41,"turns":6},{"damage":0,"enemies":"Writhing Mass","floor":44,"turns":7},{"damage":1,"enemies":"Maw","floor":45,"turns":8},{"damage":25,"enemies":"Reptomancer","floor":47,"turns":5},{"damage":4,"enemies":"Jaw Worm Horde","floor":48,"turns":5},{"damage":36,"enemies":"Awakened One","floor":50,"turns":15}],"seed_played":"-3949532193906550029","potions_obtained":[{"floor":3.0,"key":"Regen Potion"},{"floor":11.0,"key":"GhostInAJar"},{"floor":13.0,"key":"GhostInAJar"},{"floor":29.0,"key":"Poison Potion"},{"floor":31.0,"key":"SteroidPotion"},{"floor":35,"key":"Weak Potion"},{"floor":44,"key":"SpeedPotion"}],"is_trial":false,"path_per_floor":["M","?","M","T","?","E","M","R","T","R","M","M","M","$","R","B",null,"M","?","M","M","$","R","E","R","T","?","R","E","M","M","R","B",null,"M","M","?","?","?","R","M","T","T","M","M","R","E","M","R","B"],"character_chosen":"THE_SILENT","items_purchased":["Poisoned Stab","PiercingWail+1","Footwork"],"campfire_rested":4,"item_purchase_floors":[14,14,22],"current_hp_per_floor":[56,56,51,51,51,19,19,43,43,43,39,34,34,34,34,18,66,47,47,44,40,40,40,38,62,62,62,62,47,46,31,31,11,67,61,52,52,42,42,68,25,25,25,26,26,53,29,26,26,0],"gold":485,"neow_bonus":"TEN_PERCENT_HP_BONUS","is_prod":false,"is_daily":false,"chose_seed":false,"campfire_upgraded":4,"win_rate":0,"timestamp":1559582169,"path_taken":["M","?","M","?","?","E","M","R","T","R","M","?","M","$","R","BOSS","M","?","M","?","?","R","E","R","T","?","R","E","M","?","R","BOSS","M","M","?","?","?","R","M","?","T","M","M","R","E","M","R","BOSS"],"build_version":"2019-01-23","purchased_purges":1,"victory":false,"max_hp_per_floor":[72,72,72,72,72,82,82,82,82,82,82,82,82,82,82,82,82,82,82,82,82,82,82,82,82,82,82,82,83,84,85,85,86,86,87,88,88,88,88,88,89,89,89,90,91,91,92,93,93,93],"card_choices":[{"not_picked":["Bane","Blade Dance"],"picked":"Dagger Throw","floor":1.0},{"not_picked":["Deflect","Sucker Punch"],"picked":"Backflip","floor":3.0},{"not_picked":["Poisoned Stab","Bane"],"picked":"Cloak And Dagger+1","floor":6.0},{"not_picked":["Outmaneuver+1","Unload"],"picked":"Caltrops","floor":7.0},{"not_picked":["Caltrops","Poisoned Stab"],"picked":"Crippling Poison+1","floor":11.0},{"not_picked":["Dagger Spray","Cloak And Dagger+1"],"picked":"Backstab","floor":12.0},{"not_picked":["Caltrops","Terror+1","Sucker Punch"],"picked":"SKIP","floor":13.0},{"not_picked":["After Image","Die Die Die"],"picked":"Doppelganger+1","floor":16.0},{"not_picked":["Cloak And Dagger+1","Bane","Acrobatics+1"],"picked":"SKIP","floor":18.0},{"not_picked":["Terror+1","Outmaneuver+1"],"picked":"Prepared+1","floor":20.0},{"not_picked":["Bane","Flying Knee"],"picked":"Skewer+1","floor":21.0},{"not_picked":["Flying Knee","Blade Dance+1"],"picked":"Deflect+1","floor":24.0},{"not_picked":["Slice+1","Doppelganger+1"],"picked":"Footwork","floor":29.0},{"not_picked":["Infinite Blades","Concentrate+1"],"picked":"Flying Knee+1","floor":30.0},{"not_picked":["Blade Dance+1","Prepared+1"],"picked":"Deadly Poison+1","floor":31.0},{"not_picked":["Tools of the Trade","Glass Knife+1"],"picked":"Grand Finale+1","floor":33},{"not_picked":["Bane+1","Flying Knee+1"],"picked":"Prepared+1","floor":35},{"not_picked":["Dagger Throw+1","Poisoned Stab+1"],"picked":"PiercingWail+1","floor":36},{"not_picked":["PanicButton+1","Magnetism"],"picked":"Dark Shackles+1","floor":38},{"not_picked":["Good Instincts+1","Madness+1"],"picked":"Blind+1","floor":38},{"not_picked":["PanicButton+1","Violence+1"],"picked":"Impatience+1","floor":38},{"not_picked":["Calculated Gamble+1","Heel Hook+1"],"picked":"Deflect+1","floor":41},{"not_picked":["Prepared+1","Cloak And Dagger+1","PiercingWail+1"],"picked":"SKIP","floor":44},{"not_picked":["Bane+1","Bouncing Flask+1","Underhanded Strike+1"],"picked":"SKIP","floor":45},{"not_picked":["Backstab+1","Infinite Blades+1","Slice+1"],"picked":"SKIP","floor":47},{"not_picked":["Slice+1","Flying Knee+1","Underhanded Strike+1"],"picked":"SKIP","floor":48}],"player_experience":1050415,"relics_obtained":[{"floor":4.0,"key":"Toxic Egg 2"},{"floor":6.0,"key":"Pear"},{"floor":9.0,"key":"Pocketwatch"},{"floor":24.0,"key":"Molten Egg 2"},{"floor":26.0,"key":"Bottled Lightning"},{"floor":29.0,"key":"Peace Pipe"},{"floor":43,"key":"Snake Skull"},{"floor":47,"key":"Dream Catcher"}],"event_choices":[{"damage_healed":0.0,"max_hp_gain":0.0,"max_hp_loss":0.0,"gold_gain":0.0,"event_name":"Living Wall","player_choice":"Grow","floor":2.0,"gold_loss":0.0,"damage_taken":0.0,"cards_upgraded":["Neutralize"]},{"damage_healed":0.0,"max_hp_gain":0.0,"max_hp_loss":0.0,"gold_gain":0.0,"event_name":"Upgrade Shrine","player_choice":"Upgraded","floor":5.0,"gold_loss":0.0,"damage_taken":0.0,"cards_upgraded":["Dagger Throw"]},{"damage_healed":0.0,"max_hp_gain":0.0,"max_hp_loss":0.0,"gold_gain":0.0,"cards_transformed":["Strike_G"],"event_name":"Transmorgrifier","player_choice":"Transformed","floor":19.0,"gold_loss":0.0,"damage_taken":0.0,"cards_obtained":["Blade Dance"]},{"damage_healed":0.0,"max_hp_gain":0.0,"max_hp_loss":0.0,"gold_gain":0.0,"event_name":"FaceTrader","player_choice":"Trade","floor":27.0,"gold_loss":0.0,"damage_taken":0.0,"relics_obtained":["FaceOfCleric"]},{"cards_removed":["Prepared"],"damage_healed":0,"gold_gain":0,"player_choice":"Removed Skill","damage_taken":0,"max_hp_gain":0,"max_hp_loss":0,"event_name":"Falling","floor":37,"gold_loss":0},{"damage_healed":0,"gold_gain":0,"player_choice":"Memory 3","damage_taken":10,"max_hp_gain":0,"max_hp_loss":0,"event_name":"SensoryStone","floor":38,"gold_loss":0},{"damage_healed":0,"gold_gain":0,"player_choice":"Ignored","damage_taken":0,"max_hp_gain":0,"max_hp_loss":0,"event_name":"The Moai Head","floor":39,"gold_loss":0}],"is_beta":false,"boss_relics":[{"not_picked":["WristBlade","Ectoplasm"],"picked":"Runic Pyramid"},{"not_picked":["Orrery","Empty Cage"],"picked":"Astrolabe"}],"items_purged_floors":[14],"is_endless":false,"potions_floor_spawned":[3,11,13,16,20,29,31,35,44,47],"killed_by":"Awakened One","ascension_level":20}