{"gold_per_floor":[114,31,46,56,131,161,161,186,237,237,162,179,179,179,179,254,254,269,194,204,220,49,49,106,123,123,123,123,123,156,174,174,174],"floor_reached":33,"playtime":1347,"items_purged":["Defend_B"],"score":571,"play_id":"1e6db40f-09c9-4819-b3e6-493a131ebb80","local_time":"20190320104957","is_ascension_mode":true,"campfire_choices":[{"floor":7.0,"key":"REST"},{"floor":10.0,"key":"REST"},{"data":"Zap","floor":15.0,"key":"SMITH"},{"floor":23.0,"key":"REST"},{"floor":28.0,"key":"REST"},{"floor":32,"key":"REST"}],"neow_cost":"NONE","seed_source_timestamp":440504600787500,"circlet_count":0,"master_deck":["AscendersBane","Strike_B+1","Defend_B","Defend_B","Defend_B","Zap+1","Dualcast","Ball Lightning+1","Sweeping Beam","Conserve Battery","Electrodynamics","Ball Lightning","Go for the Eyes","Cold Snap","FTL","Gash","Auto Shields","Seek","Genetic Algorithm+1","Decay","Ball Lightning","Hologram"],"special_seed":0,"relics":["Cracked Core","Darkstone Periapt","Pen Nib","Whetstone","DataDisk","Sozu","Tiny Chest","Art of War","Nilry\u0027s Codex","Symbiotic Virus"],"potions_floor_usage":[30,33],"damage_taken":[{"damage":7.0,"enemies":"Small Slimes","floor":1.0,"turns":3.0},{"damage":9.0,"enemies":"Jaw Worm","floor":3.0,"turns":5.0},{"damage":0.0,"enemies":"2 Louse","floor":4.0,"turns":3.0},{"damage":29.0,"enemies":"Lagavulin","floor":6.0,"turns":6.0},{"damage":25.0,"enemies":"3 Sentries","floor":8.0,"turns":7.0},{"damage":3.0,"enemies":"Blue Slaver","floor":12.0,"turns":3.0},{"damage":11.0,"enemies":"The Guardian","floor":16.0,"turns":11.0},{"damage":1.0,"enemies":"3 Byrds","floor":18.0,"turns":2.0},{"damage":15.0,"enemies":"Spheric Guardian","floor":20.0,"turns":4.0},{"damage":23.0,"enemies":"Snecko","floor":21.0,"turns":4.0},{"damage":24.0,"enemies":"Book of Stabbing","floor":24.0,"turns":5.0},{"damage":0.0,"enemies":"Chosen and Byrds","floor":25.0,"turns":3.0},{"damage":4,"enemies":"Gremlin Leader","floor":30,"turns":4},{"damage":0,"enemies":"Centurion and Healer","floor":31,"turns":4},{"damage":48,"enemies":"Champ","floor":33,"turns":9}],"seed_played":"-3432085606947415742","potions_obtained":[{"floor":1.0,"key":"Block Potion"},{"floor":6.0,"key":"SkillPotion"},{"floor":12.0,"key":"Swift Potion"},{"floor":16.0,"key":"SpeedPotion"}],"is_trial":false,"path_per_floor":["M","$","M","M","?","E","R","E","T","R","?","M","T","?","R","B",null,"M","$","M","M","$","R","E","M","T","?","R","?","E","M","R","B"],"character_chosen":"DEFECT","items_purchased":["Regen Potion","FTL","Gash","Auto Shields"],"campfire_rested":5,"item_purchase_floors":[2,22,22,22],"current_hp_per_floor":[57,57,62,62,51,22,43,18,18,39,39,36,36,29,29,18,58,57,57,42,19,19,40,16,16,16,22,45,24,20,20,43,0],"gold":174,"neow_bonus":"REMOVE_CARD","is_prod":false,"is_daily":false,"chose_seed":false,"campfire_upgraded":1,"win_rate":0,"timestamp":1553071797,"path_taken":["M","$","M","M","?","E","R","E","T","R","?","M","?","?","R","BOSS","M","$","M","M","$","R","E","M","T","?","R","?","E","M","R","BOSS"],"build_version":"2019-01-23","purchased_purges":1,"victory":false,"max_hp_per_floor":[71,71,71,71,71,71,71,71,71,71,71,71,71,71,71,71,71,71,71,71,71,71,71,71,71,71,77,77,77,77,77,77,77],"card_choices":[{"not_picked":["Hello World","Barrage","Recycle"],"picked":"SKIP","floor":1.0},{"not_picked":["Redo","Go for the Eyes"],"picked":"Ball Lightning","floor":3.0},{"not_picked":["Hologram","Steam"],"picked":"Sweeping Beam","floor":4.0},{"not_picked":["Force Field","Storm","Steam Power"],"picked":"SKIP","floor":6.0},{"not_picked":["Rainbow","Redo","Rebound"],"picked":"SKIP","floor":8.0},{"not_picked":["Steam","Recycle"],"picked":"Conserve Battery","floor":12.0},{"not_picked":["Rainbow","Thunder Strike"],"picked":"Electrodynamics","floor":16.0},{"not_picked":["Beam Cell+1","Hologram"],"picked":"Ball Lightning","floor":18.0},{"not_picked":["Aggregate","Redo+1"],"picked":"Go for the Eyes","floor":20.0},{"not_picked":["Force Field+1","Rebound"],"picked":"Cold Snap","floor":21.0},{"not_picked":["Turbo+1","Aggregate"],"picked":"Seek","floor":24.0},{"not_picked":["Redo+1","Steam"],"picked":"Genetic Algorithm+1","floor":25.0},{"not_picked":["All For One","Steam Power"],"picked":"Ball Lightning","floor":30},{"not_picked":["Rebound","Turbo"],"picked":"Hologram","floor":31}],"player_experience":933109,"relics_obtained":[{"floor":6.0,"key":"Darkstone Periapt"},{"floor":8.0,"key":"Pen Nib"},{"floor":9.0,"key":"Whetstone"},{"floor":13.0,"key":"DataDisk"},{"floor":24.0,"key":"Tiny Chest"},{"floor":26.0,"key":"Art of War"},{"floor":29,"key":"Nilry\u0027s Codex"},{"floor":30,"key":"Symbiotic Virus"}],"event_choices":[{"damage_healed":0.0,"max_hp_gain":0.0,"max_hp_loss":0.0,"gold_gain":75.0,"event_name":"World of Goop","player_choice":"Gather Gold","floor":5.0,"gold_loss":0.0,"damage_taken":11.0},{"cards_removed":["Strike_B"],"damage_healed":0.0,"max_hp_gain":0.0,"max_hp_loss":0.0,"gold_gain":0.0,"event_name":"The Cleric","player_choice":"Card Removal","floor":11.0,"gold_loss":75.0,"damage_taken":0.0},{"cards_removed":["Strike_B"],"damage_healed":0.0,"max_hp_gain":0.0,"max_hp_loss":0.0,"gold_gain":0.0,"event_name":"Golden Wing","player_choice":"Card Removal","floor":14.0,"gold_loss":0.0,"damage_taken":7.0},{"damage_healed":0.0,"max_hp_gain":0.0,"max_hp_loss":0.0,"gold_gain":0.0,"event_name":"Forgotten Altar","player_choice":"Smashed Altar","floor":27.0,"gold_loss":0.0,"damage_taken":0.0,"cards_obtained":["Decay"]},{"damage_healed":0,"gold_gain":0,"player_choice":"Obtained Book","damage_taken":21,"max_hp_gain":0,"max_hp_loss":0,"event_name":"Cursed Tome","floor":29,"gold_loss":0}],"is_beta":false,"boss_relics":[{"not_picked":["Coffee Dripper","FrozenCore"],"picked":"Sozu"}],"items_purged_floors":[19],"is_endless":false,"potions_floor_spawned":[1,6,12,16,20,24,25],"killed_by":"Champ","ascension_level":19}