{"gold_per_floor":[99,99,99,99,99,99,99,99,99,99,99,99,99,69,69,69,69,69,69,69,69,49,49,49,49,49,49,49,49,49,49,49,49,49,49,0,0,0,0,0,0,0,0,0,0,0,0,0,0,0,0,0,0,0,0],"floor_reached":55,"playtime":2466,"items_purged":[],"score":828,"play_id":"f3800408-2454-431c-872b-fe285bb031b7","local_time":"20181215204254","is_ascension_mode":false,"campfire_choices":[{"data":"Rage","floor":8,"key":"SMITH"},{"floor":15,"key":"RECALL"},{"data":"Limit Break","floor":23,"key":"SMITH"},{"data":"Entrench","floor":27,"key":"SMITH"},{"floor":32,"key":"REST"},{"data":"Limit Break","floor":40,"key":"SMITH"},{"data":"Uppercut","floor":42,"key":"SMITH"},{"data":"Disarm","floor":44,"key":"SMITH"},{"data":"Shockwave","floor":49,"key":"SMITH"},{"data":"Clothesline","floor":52,"key":"SMITH"}],"neow_cost":"NONE","seed_source_timestamp":1400087207295726,"circlet_count":0,"master_deck":["Strike_R","Strike_R","Strike_R","Strike_R","Defend_R+1","Defend_R","Defend_R","Defend_R+1","Bash","Clothesline+1","Battle Trance","Shockwave+1","Rage+1","Entrench+1","Regret","Inflame","Limit Break+1","Parasite","Normality","Shame","Necronomicurse","Disarm+1","Armaments+1","Limit Break+1","Iron Wave","Ghostly Armor+1","Uppercut+1","Reaper","Clothesline+1","Warcry","Evolve"],"relics":["Ectoplasm","Du-Vu Doll","Darkstone Periapt","CultistMask","StoneCalendar","Calling Bell","Orichalcum","Gremlin Horn","Bird Faced Urn","Necronomicon","Blue Candle","Mark of Pain","Red Mask","FossilizedHelix","Boot","Oddly Smooth Stone"],"potions_floor_usage":[16,20,41,54,54,54,55],"damage_taken":[{"damage":1,"enemies":"Cultist","floor":1,"turns":3},{"damage":1,"enemies":"Jaw Worm","floor":3,"turns":3},{"damage":0,"enemies":"Small Slimes","floor":4,"turns":3},{"damage":0,"enemies":"Blue Slaver","floor":5,"turns":4},{"damage":34,"enemies":"3 Sentries","floor":6,"turns":11},{"damage":3,"enemies":"3 Louse","floor":7,"turns":4},{"damage":0,"enemies":"2 Fungi Beasts","floor":12,"turns":3},{"damage":2,"enemies":"Looter","floor":14,"turns":3},{"damage":14,"enemies":"The Guardian","floor":16,"turns":7},{"damage":7,"enemies":"Shell Parasite","floor":18,"turns":4},{"damage":0,"enemies":"Spheric Guardian","floor":20,"turns":2},{"damage":12,"enemies":"Chosen and Byrds","floor":24,"turns":5},{"damage":1,"enemies":"3 Cultists","floor":25,"turns":4},{"damage":17,"enemies":"Shelled Parasite and Fungi","floor":28,"turns":4},{"damage":10,"enemies":"Snecko","floor":31,"turns":4},{"damage":41,"enemies":"Automaton","floor":33,"turns":7},{"damage":25,"enemies":"3 Darklings","floor":35,"turns":4},{"damage":6,"enemies":"Orb Walker","floor":37,"turns":3},{"damage":30,"enemies":"2 Orb Walkers","floor":38,"turns":5},{"damage":4,"enemies":"Sphere and 2 Shapes","floor":41,"turns":4},{"damage":18,"enemies":"Jaw Worm Horde","floor":46,"turns":6},{"damage":17,"enemies":"3 Darklings","floor":47,"turns":4},{"damage":7,"enemies":"Spire Growth","floor":48,"turns":3},{"damage":79,"enemies":"Awakened One","floor":50,"turns":10},{"damage":24,"enemies":"Shield and Spear","floor":54,"turns":5},{"damage":115,"enemies":"The Heart","floor":55,"turns":6}],"seed_played":"-4750406690785313548","potions_obtained":[{"floor":4,"key":"SpeedPotion"},{"floor":7,"key":"AttackPotion"},{"floor":12,"key":"Explosive Potion"},{"floor":16,"key":"Fire Potion"},{"floor":22,"key":"FearPotion"},{"floor":41,"key":"Explosive Potion"},{"floor":46,"key":"BloodPotion"},{"floor":54,"key":"Dexterity Potion"}],"is_trial":false,"path_per_floor":["M","?","M","M","M","E","M","R","T","?","?","M","?","M","R","B",null,"M","?","M","?","?","R","M","M","T","R","M","?","$","M","R","B",null,"M","?","M","?","$","R","M","R","T","R","T","M","M","M","R","B",null,"R","$","E","B"],"character_chosen":"IRONCLAD","items_purchased":[],"campfire_rested":1,"item_purchase_floors":[],"current_hp_per_floor":[79,79,78,78,78,44,41,41,41,25,25,25,31,29,29,15,104,97,87,89,89,89,89,79,78,78,78,61,61,61,53,86,47,110,86,86,80,52,52,52,50,50,50,50,50,34,102,97,97,110,110,110,110,110,0],"gold":0,"neow_bonus":"BOSS_RELIC","is_prod":false,"is_daily":false,"chose_seed":false,"campfire_upgraded":8,"win_rate":0,"timestamp":1544874174,"path_taken":["M","?","M","?","M","E","M","R","T","?","?","?","?","M","R","BOSS","M","?","M","?","?","R","M","M","T","R","?","?","?","M","R","BOSS","M","?","M","?","?","R","M","R","T","R","?","M","M","M","R","BOSS","R","$","E","BOSS"],"build_version":"2018-12-13","purchased_purges":0,"victory":false,"max_hp_per_floor":[80,80,80,80,80,80,80,80,80,80,80,80,86,86,86,86,104,104,110,110,110,110,110,110,110,110,110,110,110,110,110,110,110,110,110,110,110,110,110,110,110,110,110,110,110,110,110,110,110,110,110,110,110,110,110],"card_choices":[{"not_picked":["Perfected Strike","Intimidate"],"picked":"Clothesline","floor":1},{"not_picked":["Warcry","Clothesline"],"picked":"Battle Trance","floor":3},{"not_picked":["Searing Blow","Rupture"],"picked":"Shockwave","floor":4},{"not_picked":["True Grit","Thunderclap","Anger"],"picked":"SKIP","floor":5},{"not_picked":["Thunderclap","Sword Boomerang"],"picked":"Rage","floor":6},{"not_picked":["Wild Strike","Havoc","Rampage"],"picked":"SKIP","floor":7},{"not_picked":["Perfected Strike","Sever Soul"],"picked":"Entrench","floor":12},{"not_picked":["True Grit","Seeing Red"],"picked":"Inflame","floor":14},{"not_picked":["Impervious","Exhume"],"picked":"Limit Break","floor":16},{"not_picked":["Clash","Burning Pact","Anger"],"picked":"SKIP","floor":18},{"not_picked":["Fire Breathing","True Grit+1","Rupture"],"picked":"SKIP","floor":20},{"not_picked":["Havoc","Pommel Strike","Burning Pact+1"],"picked":"SKIP","floor":24},{"not_picked":["Perfected Strike","Pommel Strike","Sword Boomerang"],"picked":"SKIP","floor":25},{"not_picked":["Flex","Cleave","Thunderclap+1"],"picked":"SKIP","floor":28},{"not_picked":["Flex","Iron Wave"],"picked":"Armaments+1","floor":31},{"not_picked":["Brutality","Immolate"],"picked":"Limit Break","floor":33},{"not_picked":["Twin Strike+1","Armaments+1"],"picked":"Iron Wave","floor":35},{"not_picked":["Anger","Wild Strike+1"],"picked":"Ghostly Armor+1","floor":37},{"not_picked":["Shockwave","Thunderclap+1"],"picked":"Uppercut","floor":38},{"not_picked":["Wild Strike+1","Flex+1"],"picked":"Reaper","floor":41},{"not_picked":["Dual Wield","Feel No Pain"],"picked":"Clothesline+1","floor":46},{"not_picked":["Twin Strike","Body Slam"],"picked":"Warcry","floor":47},{"not_picked":["Searing Blow+1","Clothesline","Sword Boomerang+1"],"picked":"SKIP","floor":48},{"not_picked":["Body Slam","Juggernaut"],"picked":"Evolve","floor":54}],"player_experience":631992,"relics_obtained":[{"floor":6,"key":"Du-Vu Doll"},{"floor":9,"key":"Darkstone Periapt"},{"floor":17,"key":"Orichalcum"},{"floor":17,"key":"Gremlin Horn"},{"floor":17,"key":"Bird Faced Urn"},{"floor":19,"key":"Necronomicon"},{"floor":26,"key":"Blue Candle"},{"floor":38,"key":"FossilizedHelix"},{"floor":45,"key":"Boot"},{"floor":54,"key":"Oddly Smooth Stone"}],"event_choices":[{"cards_removed":["Strike_R"],"damage_healed":0,"gold_gain":0,"player_choice":"Offered Basic","damage_taken":0,"max_hp_gain":0,"max_hp_loss":0,"event_name":"Bonfire Elementals","floor":2,"gold_loss":0},{"damage_healed":0,"gold_gain":0,"player_choice":"Entered Light","damage_taken":16,"max_hp_gain":0,"max_hp_loss":0,"event_name":"Shining Light","floor":10,"gold_loss":0,"cards_upgraded":["Defend_R","Defend_R"]},{"damage_healed":0,"gold_gain":0,"player_choice":"Trade","damage_taken":0,"relics_obtained":["CultistMask"],"max_hp_gain":0,"max_hp_loss":0,"event_name":"FaceTrader","floor":11,"gold_loss":0},{"damage_healed":0,"gold_gain":0,"player_choice":"Box","damage_taken":0,"relics_obtained":["StoneCalendar"],"max_hp_gain":0,"max_hp_loss":0,"event_name":"Big Fish","floor":13,"gold_loss":0,"cards_obtained":["Regret"]},{"damage_healed":0,"gold_gain":0,"player_choice":"Obtained Book","damage_taken":16,"max_hp_gain":0,"max_hp_loss":0,"event_name":"Cursed Tome","floor":19,"gold_loss":0},{"damage_healed":0,"gold_gain":0,"player_choice":"Read","damage_taken":0,"max_hp_gain":0,"max_hp_loss":0,"event_name":"The Library","floor":21,"gold_loss":0,"cards_obtained":["Disarm"]},{"damage_healed":0,"gold_gain":0,"player_choice":"Bought 1 Potion","damage_taken":0,"max_hp_gain":0,"max_hp_loss":0,"event_name":"The Woman in Blue","floor":22,"gold_loss":0},{"damage_healed":0,"gold_gain":0,"player_choice":"Ignored","damage_taken":0,"max_hp_gain":0,"max_hp_loss":0,"event_name":"Ghosts","floor":29,"gold_loss":0},{"damage_healed":0,"gold_gain":0,"player_choice":"Paid","damage_taken":0,"relics_obtained":["Red Mask"],"max_hp_gain":0,"max_hp_loss":0,"event_name":"Tomb of Lord Red Mask","floor":36,"gold_loss":49},{"damage_healed":0,"gold_gain":0,"player_choice":"Fight","damage_taken":0,"max_hp_gain":0,"max_hp_loss":0,"event_name":"Mysterious Sphere","floor":38,"gold_loss":0}],"is_beta":false,"boss_relics":[{"not_picked":["Black Star","Eternal Feather"],"picked":"Calling Bell"},{"not_picked":["Fusion Hammer","Orrery"],"picked":"Mark of Pain"}],"items_purged_floors":[],"is_endless":false,"potions_floor_spawned":[4,7,12,16,18,24,28,31,41,46,47,54],"killed_by":"The Heart","ascension_level":0}