{"gold_per_floor":[12,12,0,12,31,66,11,346,346,346,365,365,400,400,400,400],"floor_reached":16,"playtime":761,"items_purged":[],"score":236,"play_id":"a49be28e-b3df-410d-a8b5-611bc8b9b31c","local_time":"20190607093139","is_ascension_mode":true,"campfire_choices":[{"floor":12,"key":"REST"},{"floor":15,"key":"REST"}],"neow_cost":"NO_GOLD","seed_source_timestamp":136070098044699,"circlet_count":0,"master_deck":["AscendersBane","Defend_G","Defend_G","Defend_G","Defend_G","Defend_G","Strike_G","Strike_G","Strike_G","Strike_G","Survivor","Neutralize","Leg Sweep","Dagger Spray","Dagger Throw","Slice","Deadly Poison","Well Laid Plans"],"relics":["Ring of the Snake","Nunchaku","Blue Candle","Old Coin","Ninja Scroll","Potion Belt"],"potions_floor_usage":[8,13,16],"damage_taken":[{"damage":0,"enemies":"2 Louse","floor":1,"turns":2},{"damage":0,"enemies":"Small Slimes","floor":4,"turns":6},{"damage":0,"enemies":"Jaw Worm","floor":5,"turns":9},{"damage":19,"enemies":"3 Sentries","floor":6,"turns":14},{"damage":32,"enemies":"Gremlin Nob","floor":8,"turns":5},{"damage":0,"enemies":"2 Fungi Beasts","floor":11,"turns":2},{"damage":8,"enemies":"Lagavulin","floor":13,"turns":6},{"damage":20,"enemies":"Hexaghost","floor":16,"turns":8}],"seed_played":"-5089747511594455543","potions_obtained":[{"floor":4,"key":"Weak Potion"},{"floor":5,"key":"Poison Potion"},{"floor":8,"key":"FearPotion"}],"is_trial":false,"path_per_floor":["M","?","?","M","M","E","$","E","T","?","M","R","E","?","R","B"],"character_chosen":"THE_SILENT","items_purchased":["Slice"],"campfire_rested":2,"item_purchase_floors":[7],"current_hp_per_floor":[59,52,52,52,52,33,33,1,1,1,1,20,12,1,20,0],"gold":400,"neow_bonus":"ONE_RARE_RELIC","is_prod":false,"is_daily":false,"chose_seed":false,"campfire_upgraded":0,"win_rate":0,"timestamp":1559889099,"path_taken":["M","?","?","M","M","E","$","E","T","?","M","R","E","?","R","BOSS"],"build_version":"2019-01-23","purchased_purges":0,"victory":false,"max_hp_per_floor":[66,66,66,66,66,66,66,66,66,66,66,66,66,66,66,66],"card_choices":[{"not_picked":["Slice","Riddle With Holes"],"picked":"Leg Sweep","floor":1},{"not_picked":["Dodge and Roll","Deadly Poison"],"picked":"Dagger Spray","floor":4},{"not_picked":["Setup","Heel Hook"],"picked":"Dagger Throw","floor":5},{"not_picked":["Catalyst","Accuracy","Dodge and Roll"],"picked":"SKIP","floor":6},{"not_picked":["Tools of the Trade","Tactician"],"picked":"Deadly Poison","floor":8},{"not_picked":["Underhanded Strike","Bane","Prepared"],"picked":"SKIP","floor":11},{"not_picked":["Dagger Spray","Distraction"],"picked":"Well Laid Plans","floor":13}],"player_experience":1061758,"relics_obtained":[{"floor":6,"key":"Blue Candle"},{"floor":8,"key":"Old Coin"},{"floor":9,"key":"Ninja Scroll"},{"floor":13,"key":"Potion Belt"}],"event_choices":[{"cards_removed":["Strike_G"],"damage_healed":0,"gold_gain":0,"player_choice":"Card Removal","damage_taken":7,"max_hp_gain":0,"max_hp_loss":0,"event_name":"Golden Wing","floor":2,"gold_loss":0},{"damage_healed":0,"gold_gain":0,"player_choice":"Left Gold","damage_taken":0,"max_hp_gain":0,"max_hp_loss":0,"event_name":"World of Goop","floor":3,"gold_loss":12},{"damage_healed":0,"gold_gain":0,"player_choice":"Ignored","damage_taken":0,"max_hp_gain":0,"max_hp_loss":0,"event_name":"Shining Light","floor":10,"gold_loss":0},{"damage_healed":0,"gold_gain":0,"player_choice":"Fled","damage_taken":11,"max_hp_gain":0,"max_hp_loss":0,"event_name":"Scrap Ooze","floor":14,"gold_loss":0}],"is_beta":false,"boss_relics":[],"items_purged_floors":[],"is_endless":false,"potions_floor_spawned":[4,5,8],"killed_by":"Hexaghost","ascension_level":20}