{"gold_per_floor":[119,50,50,60,60,60,83,83,83,83,98,117,117,128,128,229,229,243,243,263,263,281,281,299,299,375,392,392,392,412,428,428,526,526,543,563,563,81,81],"floor_reached":39,"playtime":3323,"items_purged":["Defend_B"],"score":398,"play_id":"2c1bb2ab-b575-4177-aa43-0e5911e0ecb8","local_time":"20190609014227","is_ascension_mode":false,"campfire_choices":[{"data":"Zap","floor":6,"key":"SMITH"},{"data":"Dualcast","floor":10,"key":"SMITH"},{"data":"Loop","floor":13,"key":"SMITH"},{"data":"Capacitor","floor":15,"key":"SMITH"},{"data":"Recycle","floor":23,"key":"SMITH"},{"data":"Coolheaded","floor":25,"key":"SMITH"},{"data":"Coolheaded","floor":28,"key":"SMITH"},{"data":"Multi-Cast","floor":32,"key":"SMITH"}],"neow_cost":"PERCENT_DAMAGE","seed_source_timestamp":756466835357024,"circlet_count":0,"master_deck":["Defend_B","Defend_B","Defend_B","Zap+1","Dualcast+1","Conserve Battery","Capacitor+1","Coolheaded+1","Loop+1","Glacier","All For One","Bite","Bite","Bite","Bite","Coolheaded+1","Recycle+1","Auto Shields+1","Chill+1","Multi-Cast+1","Echo Form","Reinforced Body+1","Tempest+1","Apotheosis","Cold Snap","Coolheaded"],"relics":["Cracked Core","Emotion Chip","Dream Catcher","Bag of Preparation","Eternal Feather","Mercury Hourglass","Inserter","Vajra"],"potions_floor_usage":[33],"damage_taken":[{"damage":0,"enemies":"Small Slimes","floor":1,"turns":3},{"damage":7,"enemies":"Jaw Worm","floor":4,"turns":4},{"damage":0,"enemies":"2 Louse","floor":11,"turns":2},{"damage":3,"enemies":"Red Slaver","floor":12,"turns":3},{"damage":12,"enemies":"3 Louse","floor":14,"turns":4},{"damage":7,"enemies":"The Guardian","floor":16,"turns":11},{"damage":7,"enemies":"Shell Parasite","floor":18,"turns":8},{"damage":2,"enemies":"3 Byrds","floor":20,"turns":8},{"damage":15,"enemies":"Snake Plant","floor":22,"turns":8},{"damage":22,"enemies":"Cultist and Chosen","floor":24,"turns":9},{"damage":9,"enemies":"Centurion and Healer","floor":27,"turns":9},{"damage":17,"enemies":"Snecko","floor":30,"turns":6},{"damage":2,"enemies":"Sentry and Sphere","floor":31,"turns":10},{"damage":97,"enemies":"Automaton","floor":33,"turns":16},{"damage":11,"enemies":"Orb Walker","floor":35,"turns":5},{"damage":3,"enemies":"3 Shapes","floor":36,"turns":5},{"damage":79,"enemies":"2 Orb Walkers","floor":39,"turns":4}],"seed_played":"7244849313729698995","potions_obtained":[{"floor":4,"key":"SkillPotion"},{"floor":14,"key":"Strength Potion"},{"floor":16,"key":"FairyPotion"},{"floor":29,"key":"Fire Potion"},{"floor":33,"key":"SteroidPotion"},{"floor":35,"key":"Swift Potion"}],"is_trial":false,"path_per_floor":["M","$","?","M","?","R","T","?","T","R","M","M","R","M","R","B",null,"M","?","M","?","M","R","M","R","T","M","R","?","M","M","R","B",null,"M","M","?","$","?"],"character_chosen":"DEFECT","items_purchased":["Capacitor","Vajra","Apotheosis","Cold Snap","Coolheaded"],"campfire_rested":0,"item_purchase_floors":[2,38,38,38,38],"current_hp_per_floor":[54,54,54,47,47,47,47,47,47,47,49,48,48,38,38,33,75,68,68,75,75,72,75,66,75,75,75,75,75,62,75,75,15,75,69,75,75,75,0],"gold":81,"neow_bonus":"ONE_RARE_RELIC","is_prod":false,"is_daily":false,"chose_seed":false,"campfire_upgraded":8,"win_rate":0,"timestamp":1560012147,"path_taken":["M","$","?","M","?","R","?","?","T","R","M","?","R","M","R","BOSS","M","?","M","?","M","R","M","R","T","M","R","?","?","M","R","BOSS","M","M","?","$","?"],"build_version":"2019-01-23","purchased_purges":1,"victory":false,"max_hp_per_floor":[75,75,75,75,75,75,75,75,75,75,75,75,75,75,75,75,75,75,75,75,75,75,75,75,75,75,75,75,75,75,75,75,75,75,75,75,75,75,75],"card_choices":[{"not_picked":["Sweeping Beam","Barrage"],"picked":"Conserve Battery","floor":1},{"not_picked":["Streamline","Reinforced Body"],"picked":"Coolheaded","floor":4},{"not_picked":["Undo","Auto Shields"],"picked":"Loop","floor":11},{"not_picked":["Steam","Streamline","Beam Cell"],"picked":"SKIP","floor":12},{"not_picked":["Steam","Conserve Battery"],"picked":"Glacier","floor":14},{"not_picked":["Rainbow","Thunder Strike"],"picked":"All For One","floor":16},{"not_picked":["Barrage","Darkness+1","Stack"],"picked":"SKIP","floor":18},{"not_picked":["Redo","Gash"],"picked":"Coolheaded","floor":20},{"not_picked":["Streamline","Rebound+1"],"picked":"Recycle","floor":22},{"not_picked":["Hello World","Leap","Rip and Tear+1"],"picked":"SKIP","floor":24},{"not_picked":["Streamline","Coolheaded"],"picked":"Auto Shields+1","floor":27},{"not_picked":["Sunder+1","White Noise+1"],"picked":"Chill+1","floor":30},{"not_picked":["Steam","Double Energy"],"picked":"Multi-Cast","floor":31},{"not_picked":["Rainbow","Core Surge"],"picked":"Echo Form","floor":33},{"not_picked":["Chaos+1","Beam Cell+1"],"picked":"Reinforced Body+1","floor":35},{"not_picked":["Redo","White Noise+1"],"picked":"Tempest+1","floor":36}],"player_experience":987983,"relics_obtained":[{"floor":7,"key":"Blood Vial"},{"floor":9,"key":"Bag of Preparation"},{"floor":26,"key":"Mercury Hourglass"}],"event_choices":[{"damage_healed":0,"gold_gain":0,"player_choice":"Box","damage_taken":0,"relics_obtained":["Dream Catcher"],"max_hp_gain":0,"max_hp_loss":0,"event_name":"Big Fish","floor":3,"gold_loss":0,"cards_obtained":["Regret"]},{"cards_removed":["Regret"],"damage_healed":0,"gold_gain":0,"player_choice":"Forget","damage_taken":0,"max_hp_gain":0,"max_hp_loss":0,"event_name":"Living Wall","floor":5,"gold_loss":0},{"damage_healed":0,"gold_gain":0,"player_choice":"Ignored","damage_taken":0,"max_hp_gain":0,"max_hp_loss":0,"event_name":"NoteForYourself","floor":8,"gold_loss":0},{"damage_healed":0,"gold_gain":0,"player_choice":"Became a vampire (Vial)","damage_taken":0,"max_hp_gain":0,"max_hp_loss":0,"event_name":"Vampires","floor":19,"relics_lost":["Blood Vial"],"gold_loss":0,"cards_obtained":["Bite","Bite","Bite","Bite","Bite"]},{"damage_healed":0,"gold_gain":0,"player_choice":"Ignored","damage_taken":0,"max_hp_gain":0,"max_hp_loss":0,"event_name":"Ghosts","floor":21,"gold_loss":0},{"damage_healed":0,"gold_gain":0,"player_choice":"Got Potions","damage_taken":0,"max_hp_gain":0,"max_hp_loss":0,"event_name":"Lab","floor":29,"gold_loss":0},{"cards_removed":["Bite"],"damage_healed":0,"gold_gain":0,"player_choice":"Removed Attack","damage_taken":0,"max_hp_gain":0,"max_hp_loss":0,"event_name":"Falling","floor":37,"gold_loss":0},{"damage_healed":0,"gold_gain":0,"player_choice":"Fight","damage_taken":0,"max_hp_gain":0,"max_hp_loss":0,"event_name":"Mysterious Sphere","floor":39,"gold_loss":0}],"is_beta":false,"boss_relics":[{"not_picked":["Fusion Hammer","Velvet Choker"],"picked":"Eternal Feather"},{"not_picked":["FrozenCore","Black Star"],"picked":"Inserter"}],"items_purged_floors":[38],"is_endless":false,"potions_floor_spawned":[4,14,16,20,22,30,33,35],"killed_by":"2 Orb Walkers","ascension_level":0}