{"gold_per_floor":[111,111,186,111,111,137,161,161,161,171,181,181,197,210,210,305,305,305,183,183,183,183,183,183,183,183,183,183,183,82,82,82,82,82,82,82,82,82,19,19,0,0,0,0,0,0,0,0,0,0],"floor_reached":51,"playtime":2903,"items_purged":["Regret","Strike_G"],"score":889,"play_id":"fe8e17d0-999d-49f5-9257-6be8710025b6","local_time":"20190210082817","is_ascension_mode":true,"campfire_choices":[{"data":"Neutralize","floor":8.0,"key":"SMITH"},{"data":"Footwork","floor":12.0,"key":"SMITH"},{"data":"Skewer","floor":15,"key":"SMITH"},{"data":"Footwork","floor":23,"key":"SMITH"},{"data":"Malaise","floor":27,"key":"SMITH"},{"data":"Night Terror","floor":29,"key":"SMITH"},{"data":"Setup","floor":32,"key":"SMITH"},{"data":"Bullet Time","floor":40,"key":"SMITH"},{"data":"Footwork","floor":42,"key":"SMITH"},{"data":"Caltrops","floor":47,"key":"SMITH"},{"floor":49,"key":"REST"}],"neow_cost":"NONE","seed_source_timestamp":60674363034549,"circlet_count":0,"master_deck":["Defend_G","Defend_G","Defend_G","Defend_G","Defend_G","Strike_G+1","Strike_G","Strike_G+1","Strike_G","Survivor","Neutralize+1","Backstab","Setup+1","Skewer+1","Footwork+1","Backstab","Malaise+1","PiercingWail+1","Cloak And Dagger","Footwork+1","Distraction+1","Acrobatics","Night Terror+1","Blur","Backflip","Bullet Time+1","Calculated Gamble+1","Parasite","Caltrops+1","Footwork+1","Trip","Cloak And Dagger","Backflip+1"],"special_seed":0,"relics":["Ring of the Snake","NeowsBlessing","Ice Cream","The Courier","Centennial Puzzle","Bottled Flame","Ectoplasm","Nloth\u0027s Gift","Anchor","Bronze Scales","Philosopher\u0027s Stone","Regal Pillow","Red Mask","Molten Egg 2"],"potions_floor_usage":[28,28,50,50,50],"damage_taken":[{"damage":0.0,"enemies":"Small Slimes","floor":1.0,"turns":1.0},{"damage":0.0,"enemies":"3 Sentries","floor":6.0,"turns":1.0},{"damage":0.0,"enemies":"2 Louse","floor":10.0,"turns":1.0},{"damage":0.0,"enemies":"Jaw Worm","floor":11.0,"turns":2.0},{"damage":3,"enemies":"2 Fungi Beasts","floor":13,"turns":3},{"damage":0,"enemies":"3 Louse","floor":14,"turns":3},{"damage":2,"enemies":"The Guardian","floor":16,"turns":13},{"damage":0,"enemies":"Chosen","floor":18,"turns":3},{"damage":0,"enemies":"Spheric Guardian","floor":21,"turns":2},{"damage":2,"enemies":"Snecko","floor":24,"turns":5},{"damage":5,"enemies":"3 Cultists","floor":25,"turns":8},{"damage":6,"enemies":"Slavers","floor":28,"turns":14},{"damage":1,"enemies":"Sentry and Sphere","floor":31,"turns":6},{"damage":34,"enemies":"Automaton","floor":33,"turns":18},{"damage":0,"enemies":"Orb Walker","floor":35,"turns":2},{"damage":3,"enemies":"3 Shapes","floor":36,"turns":8},{"damage":2,"enemies":"Writhing Mass","floor":38,"turns":8},{"damage":6,"enemies":"4 Shapes","floor":45,"turns":9},{"damage":30,"enemies":"3 Darklings","floor":48,"turns":9},{"damage":28,"enemies":"Donu and Deca","floor":50,"turns":16}],"seed_played":"-4584328253949641939","potions_obtained":[{"floor":1.0,"key":"SneckoOil"},{"floor":10.0,"key":"SkillPotion"},{"floor":11.0,"key":"EssenceOfSteel"},{"floor":14,"key":"Regen Potion"},{"floor":24,"key":"SteroidPotion"},{"floor":28,"key":"GamblersBrew"},{"floor":33,"key":"GhostInAJar"}],"is_trial":false,"path_per_floor":["M","?","?","$","?","E","T","R","T","M","M","R","M","M","R","B",null,"M","$","?","M","?","R","M","M","T","R","E","R","$","M","R","B",null,"M","M","T","M","$","R","?","R","T","?","M","?","R","M","R","B",null],"character_chosen":"THE_SILENT","items_purchased":["Cloak And Dagger","Blur","Backflip","Footwork"],"campfire_rested":1,"item_purchase_floors":[19,30,30,39],"current_hp_per_floor":[63,63,52,52,38,38,38,38,38,38,38,38,35,35,35,33,61,61,61,61,61,61,61,59,54,54,54,63,63,63,62,62,28,60,60,57,57,55,55,55,55,55,55,55,49,70,70,40,70,42],"gold":0,"neow_bonus":"THREE_ENEMY_KILL","is_prod":false,"is_daily":false,"chose_seed":false,"campfire_upgraded":10,"win_rate":0,"timestamp":1549754897,"path_taken":["M","?","?","$","?","E","?","R","T","M","?","R","M","M","R","BOSS","M","$","?","M","?","R","M","M","T","R","E","R","$","?","R","BOSS","M","?","?","M","$","R","?","R","T","?","?","?","R","M","R","BOSS"],"build_version":"2019-01-23","purchased_purges":2,"victory":true,"max_hp_per_floor":[70,70,70,70,70,70,70,70,70,70,70,70,70,70,70,70,70,70,70,70,70,70,70,70,70,70,70,70,70,70,70,70,70,70,70,70,70,70,70,70,70,70,70,70,70,70,70,70,70,70],"card_choices":[{"not_picked":["Calculated Gamble","Expertise"],"picked":"Backstab","floor":1.0},{"not_picked":["Concentrate","Deadly Poison"],"picked":"Setup","floor":6.0},{"not_picked":["Underhanded Strike","Bane"],"picked":"Skewer","floor":10.0},{"not_picked":["Cloak And Dagger","Dodge and Roll"],"picked":"Footwork","floor":11.0},{"not_picked":["Acrobatics","Dagger Throw"],"picked":"Backstab","floor":13},{"not_picked":["Slice","Quick Slash","Dagger Throw"],"picked":"SKIP","floor":14},{"not_picked":["Doppelganger","Envenom"],"picked":"Malaise","floor":16},{"not_picked":["Distraction","Bane"],"picked":"PiercingWail+1","floor":18},{"not_picked":["Escape Plan+1","Underhanded Strike"],"picked":"Footwork","floor":21},{"not_picked":["Envenom","Slice"],"picked":"Distraction+1","floor":24},{"not_picked":["Masterful Stab","Slice"],"picked":"Acrobatics","floor":25},{"not_picked":["Noxious Fumes","Deadly Poison"],"picked":"Night Terror","floor":28},{"not_picked":["Flying Knee","Blade Dance+1","Slice"],"picked":"SKIP","floor":31},{"not_picked":["Storm of Steel","Malaise"],"picked":"Bullet Time","floor":33},{"not_picked":["Setup+1","Blade Dance"],"picked":"Calculated Gamble+1","floor":35},{"not_picked":["Tactician+1","Dagger Throw","Poisoned Stab+1"],"picked":"SKIP","floor":36},{"not_picked":["Flying Knee","PiercingWail"],"picked":"Caltrops","floor":38},{"not_picked":["Impatience","Dramatic Entrance+1"],"picked":"Trip","floor":44},{"not_picked":["Eviscerate+1","Blade Dance"],"picked":"Cloak And Dagger","floor":45},{"not_picked":["Quick Slash+1","Choke+1"],"picked":"Backflip+1","floor":48}],"player_experience":887742,"relics_obtained":[{"floor":6.0,"key":"The Courier"},{"floor":7.0,"key":"Centennial Puzzle"},{"floor":9.0,"key":"Bottled Flame"},{"floor":26,"key":"Anchor"},{"floor":28,"key":"Bronze Scales"},{"floor":37,"key":"Regal Pillow"},{"floor":43,"key":"Molten Egg 2"}],"event_choices":[{"damage_healed":0.0,"max_hp_gain":0.0,"max_hp_loss":0.0,"gold_gain":0.0,"event_name":"Big Fish","player_choice":"Box","floor":2.0,"gold_loss":0.0,"damage_taken":0.0,"relics_obtained":["Ice Cream"],"cards_obtained":["Regret"]},{"damage_healed":0.0,"max_hp_gain":0.0,"max_hp_loss":0.0,"gold_gain":75.0,"event_name":"World of Goop","player_choice":"Gather Gold","floor":3.0,"gold_loss":0.0,"damage_taken":11.0},{"damage_healed":0.0,"max_hp_gain":0.0,"max_hp_loss":0.0,"gold_gain":0.0,"event_name":"Shining Light","player_choice":"Entered Light","floor":5.0,"gold_loss":0.0,"damage_taken":14.0,"cards_upgraded":["Strike_G","Strike_G"]},{"damage_healed":0,"gold_gain":0,"player_choice":"Opened","damage_taken":0,"relics_obtained":["Du-Vu Doll"],"max_hp_gain":0,"max_hp_loss":0,"event_name":"The Mausoleum","floor":20,"gold_loss":0},{"damage_healed":0,"gold_gain":0,"player_choice":"Traded Relic","damage_taken":0,"relics_obtained":["Nloth\u0027s Gift"],"max_hp_gain":0,"max_hp_loss":0,"event_name":"N\u0027loth","floor":22,"relics_lost":["Du-Vu Doll"],"gold_loss":0},{"damage_healed":0,"gold_gain":0,"player_choice":"Paid","damage_taken":0,"relics_obtained":["Red Mask"],"max_hp_gain":0,"max_hp_loss":0,"event_name":"Tomb of Lord Red Mask","floor":41,"gold_loss":19},{"damage_healed":0,"gold_gain":0,"player_choice":"Memory 1","damage_taken":0,"max_hp_gain":0,"max_hp_loss":0,"event_name":"SensoryStone","floor":44,"gold_loss":0},{"damage_healed":21,"gold_gain":0,"player_choice":"Full Heal","damage_taken":0,"max_hp_gain":0,"max_hp_loss":0,"event_name":"Wheel of Change","floor":46,"gold_loss":0}],"is_beta":false,"boss_relics":[{"not_picked":["Busted Crown","Astrolabe"],"picked":"Ectoplasm"},{"not_picked":["Tiny House","HoveringKite"],"picked":"Philosopher\u0027s Stone"}],"items_purged_floors":[4,19],"is_endless":false,"potions_floor_spawned":[1,10,11,14,24,28,33,36,45],"ascension_level":7}