{"gold_per_floor":[363,288,306,306,13,46,46,10,10,42,55,69,69,69,69,69],"floor_reached":16,"playtime":461,"items_purged":["Strike_R"],"score":216,"play_id":"6905fabb-a38b-4213-b539-d32a3914c91d","local_time":"20190525020651","is_ascension_mode":true,"campfire_choices":[{"floor":7.0,"key":"REST"},{"data":"Disarm","floor":13.0,"key":"SMITH"},{"data":"Flame Barrier","floor":15.0,"key":"SMITH"}],"neow_cost":"CURSE","seed_source_timestamp":236193685556000,"circlet_count":0,"master_deck":["AscendersBane","Strike_R","Strike_R","Strike_R","Strike_R","Defend_R","Defend_R","Defend_R","Defend_R","Bash+1","Cleave","Thunderclap","Disarm+1","Shockwave","Bludgeon","Inflame","Flame Barrier+1","Armaments"],"special_seed":0,"relics":["Burning Blood","Matryoshka","Centennial Puzzle","Bottled Tornado","Bag of Marbles"],"potions_floor_usage":[16],"damage_taken":[{"damage":21.0,"enemies":"Jaw Worm","floor":1.0,"turns":6.0},{"damage":7.0,"enemies":"Small Slimes","floor":3.0,"turns":3.0},{"damage":32.0,"enemies":"Gremlin Nob","floor":6.0,"turns":4.0},{"damage":21.0,"enemies":"Lagavulin","floor":10.0,"turns":6.0},{"damage":0.0,"enemies":"2 Louse","floor":11.0,"turns":3.0},{"damage":7.0,"enemies":"Blue Slaver","floor":12.0,"turns":5.0},{"damage":41,"enemies":"Hexaghost","floor":16,"turns":11}],"seed_played":"-7511321281766765219","potions_obtained":[{"floor":3.0,"key":"Swift Potion"}],"is_trial":false,"path_per_floor":["M","?","M","?","$","E","R","$","T","E","M","M","R","?","R","B"],"character_chosen":"IRONCLAD","items_purchased":["Disarm","Shockwave","Strength Potion","Inflame"],"campfire_rested":1,"item_purchase_floors":[5,5,5,8],"current_hp_per_floor":[53,53,52,52,52,26,48,48,48,33,39,38,38,38,38,0],"gold":69,"neow_bonus":"TWO_FIFTY_GOLD","is_prod":false,"is_daily":false,"chose_seed":false,"campfire_upgraded":2,"win_rate":0,"timestamp":1558739211,"path_taken":["M","?","M","?","$","E","R","?","T","E","M","M","R","?","R","BOSS"],"build_version":"2019-01-23","purchased_purges":1,"victory":false,"max_hp_per_floor":[75,75,75,75,75,75,75,75,75,75,75,75,75,75,75,75],"card_choices":[{"not_picked":["Warcry","Heavy Blade"],"picked":"Cleave","floor":1.0},{"not_picked":["Twin Strike","Entrench"],"picked":"Thunderclap","floor":3.0},{"not_picked":["Ghostly Armor","Flex"],"picked":"Bludgeon","floor":6.0},{"not_picked":["Twin Strike","Clothesline"],"picked":"Flame Barrier","floor":10.0},{"not_picked":["Evolve","Dropkick"],"picked":"Armaments","floor":11.0},{"not_picked":["Pommel Strike","Iron Wave","Thunderclap"],"picked":"SKIP","floor":12.0}],"player_experience":1034530,"relics_obtained":[{"floor":6.0,"key":"Matryoshka"},{"floor":9.0,"key":"Centennial Puzzle"},{"floor":9.0,"key":"Bottled Tornado"},{"floor":10.0,"key":"Bag of Marbles"}],"event_choices":[{"cards_removed":["Decay"],"damage_healed":0.0,"max_hp_gain":0.0,"max_hp_loss":0.0,"gold_gain":0.0,"event_name":"The Cleric","player_choice":"Card Removal","floor":2.0,"gold_loss":75.0,"damage_taken":0.0},{"damage_healed":0.0,"max_hp_gain":0.0,"max_hp_loss":0.0,"gold_gain":0.0,"event_name":"Living Wall","player_choice":"Grow","floor":4.0,"gold_loss":0.0,"damage_taken":0.0,"cards_upgraded":["Bash"]},{"damage_healed":0.0,"max_hp_gain":0.0,"max_hp_loss":0.0,"gold_gain":0.0,"event_name":"Liars Game","player_choice":"Ignored","floor":14.0,"gold_loss":0.0,"damage_taken":0.0}],"is_beta":false,"boss_relics":[],"items_purged_floors":[5],"is_endless":false,"potions_floor_spawned":[3],"killed_by":"Hexaghost","ascension_level":20}