{"gold_per_floor":[216,54,66,66,66,92,109,166,191,203,203,217,64,75,75,179,179,194,204,204,218,237,237,237,250,250,262,262,282,282,24,24,24],"floor_reached":33,"playtime":3584,"items_purged":["Defend_R"],"score":311,"play_id":"52d52e4e-48fa-4062-b506-b7f836c55407","local_time":"20181203214738","is_ascension_mode":false,"campfire_choices":[{"data":"Dual Wield","floor":15.0,"key":"SMITH"},{"data":"Inflame","floor":23,"key":"SMITH"},{"floor":32,"key":"REST"}],"neow_cost":"NONE","seed_source_timestamp":0,"circlet_count":0,"master_deck":["Strike_R","Strike_R","Strike_R","Strike_R","Strike_R+1","Defend_R","Defend_R+1","Defend_R+1","Bash","Clothesline","Headbutt","Flash of Steel+1","Clash","Clash","Dual Wield+1","Armaments","Ghostly Armor","Dropkick","Warcry","Clash","Demon Form","Pommel Strike","Inflame+1","Power Through+1","Clothesline+1","Clash","Headbutt","Rampage","Body Slam"],"special_seed":0,"relics":["Burning Blood","War Paint","Tiny Chest","Bag of Preparation","Sundial","Red Skull","Sozu","Ornamental Fan","Frozen Egg 2","Kunai","Whetstone"],"potions_floor_usage":[16,21,22],"damage_taken":[{"damage":2.0,"enemies":"Small Slimes","floor":1.0,"turns":3.0},{"damage":0.0,"enemies":"2 Louse","floor":3.0,"turns":1.0},{"damage":21.0,"enemies":"Lagavulin","floor":6.0,"turns":5.0},{"damage":0.0,"enemies":"Jaw Worm","floor":7.0,"turns":1.0},{"damage":0.0,"enemies":"Gremlin Nob","floor":8.0,"turns":3.0},{"damage":0.0,"enemies":"Exordium Wildlife","floor":10.0,"turns":3.0},{"damage":4.0,"enemies":"Gremlin Gang","floor":12.0,"turns":4.0},{"damage":1.0,"enemies":"Exordium Thugs","floor":14.0,"turns":3.0},{"damage":23,"enemies":"Slime Boss","floor":16,"turns":5},{"damage":0,"enemies":"3 Byrds","floor":18,"turns":5},{"damage":0,"enemies":"Shell Parasite","floor":19,"turns":3},{"damage":14,"enemies":"Snecko","floor":21,"turns":7},{"damage":15,"enemies":"Centurion and Healer","floor":22,"turns":4},{"damage":1,"enemies":"3 Cultists","floor":25,"turns":5},{"damage":39,"enemies":"Cultist and Chosen","floor":27,"turns":9},{"damage":0,"enemies":"Centurion and Healer","floor":29,"turns":3},{"damage":81,"enemies":"Collector","floor":33,"turns":6}],"seed_played":"-6528430960880256506","potions_obtained":[{"floor":7.0,"key":"Dexterity Potion"},{"floor":8.0,"key":"FairyPotion"},{"floor":10.0,"key":"Weak Potion"},{"floor":16,"key":"Weak Potion"}],"is_trial":false,"path_per_floor":["M","$","M","?","?","E","M","E","T","M","T","M","$","M","R","B",null,"M","M","T","M","M","R","?","M","T","M","?","M","T","$","R","B"],"character_chosen":"IRONCLAD","items_purchased":["Headbutt","Flash of Steel","Clash","Red Skull","Whetstone","Body Slam"],"campfire_rested":1,"item_purchase_floors":[2,2,2,13,31,31],"current_hp_per_floor":[80,80,80,85,85,70,76,82,82,85,85,85,85,85,85,68,85,85,85,85,77,68,68,68,73,73,40,40,46,46,46,71,0],"gold":24,"neow_bonus":"HUNDRED_GOLD","is_prod":false,"is_daily":false,"chose_seed":false,"campfire_upgraded":2,"win_rate":0.0,"timestamp":1543873658,"path_taken":["M","$","M","?","?","E","M","E","T","M","?","?","$","M","R","BOSS","M","?","?","M","M","R","?","M","T","M","?","M","?","$","R","BOSS"],"build_version":"2018-11-15","purchased_purges":1,"victory":false,"max_hp_per_floor":[80,80,80,85,85,85,85,85,85,85,85,85,85,85,85,85,85,85,85,85,85,85,85,85,85,85,85,85,85,85,85,85,85],"card_choices":[{"not_picked":["Sword Boomerang","Dual Wield"],"picked":"Clothesline","floor":1.0},{"not_picked":["Carnage","Thunderclap"],"picked":"Clash","floor":3.0},{"not_picked":["Body Slam","Iron Wave"],"picked":"Dual Wield","floor":6.0},{"not_picked":["Feel No Pain","Sever Soul"],"picked":"Armaments","floor":7.0},{"not_picked":["Anger","Shockwave"],"picked":"Ghostly Armor","floor":8.0},{"not_picked":["Armaments","Fiend Fire"],"picked":"Dropkick","floor":10.0},{"not_picked":["Iron Wave","True Grit"],"picked":"Warcry","floor":12.0},{"not_picked":["Armaments","Battle Trance"],"picked":"Clash","floor":14.0},{"not_picked":["Berserk","Reaper"],"picked":"Demon Form","floor":16},{"not_picked":["Twin Strike+1","Heavy Blade+1"],"picked":"Pommel Strike","floor":18},{"not_picked":["Battle Trance","Body Slam"],"picked":"Inflame","floor":19},{"not_picked":["Rupture","Clothesline"],"picked":"Power Through+1","floor":21},{"not_picked":["Pommel Strike","Reckless Charge"],"picked":"Clothesline+1","floor":22},{"not_picked":["Rampage","Searing Blow"],"picked":"Clash","floor":25},{"not_picked":["Inflame+1","Armaments+1"],"picked":"Headbutt","floor":27},{"not_picked":["Sword Boomerang+1","Iron Wave"],"picked":"Rampage","floor":29}],"player_experience":57264,"relics_obtained":[{"floor":6.0,"key":"War Paint"},{"floor":8.0,"key":"Tiny Chest"},{"floor":9.0,"key":"Bag of Preparation"},{"floor":11.0,"key":"Sundial"},{"floor":20,"key":"Ornamental Fan"},{"floor":26,"key":"Frozen Egg 2"},{"floor":30,"key":"Kunai"}],"event_choices":[{"damage_healed":0.0,"max_hp_gain":5.0,"max_hp_loss":0.0,"gold_gain":0.0,"event_name":"Big Fish","player_choice":"Donut","floor":4.0,"gold_loss":0.0,"damage_taken":0.0},{"damage_healed":0.0,"max_hp_gain":0.0,"max_hp_loss":0.0,"gold_gain":0.0,"event_name":"Liars Game","player_choice":"Ignored","floor":5.0,"gold_loss":0.0,"damage_taken":0.0},{"damage_healed":0,"gold_gain":0,"player_choice":"Smashed Altar","damage_taken":0,"max_hp_gain":0,"max_hp_loss":0,"event_name":"Forgotten Altar","floor":24,"gold_loss":0,"cards_obtained":["Decay"]},{"cards_removed":["Decay"],"damage_healed":0,"gold_gain":0,"player_choice":"Elegance","damage_taken":0,"max_hp_gain":0,"max_hp_loss":0,"event_name":"Back to Basics","floor":28,"gold_loss":0}],"is_beta":false,"boss_relics":[{"not_picked":["Cursed Key","Coffee Dripper"],"picked":"Sozu"}],"items_purged_floors":[31],"is_endless":false,"potions_floor_spawned":[7,8,10,14,16,19,25],"killed_by":"Collector","ascension_level":0}