{"gold_per_floor":[118,43,43,56,56,81,3,18,18,18,18,35,56,68,68,169,169,181,181,181,280,298,298,317,327,327,344,344,244,262,279,279,374,374,385,385,56,74,93,93,93,93,93,113,13,30,47,147,147,147],"floor_reached":51,"playtime":2790,"items_purged":["Strike_B","Writhe","Shame"],"score":726,"play_id":"d66f72af-1803-4f5f-9250-2d929c25d22c","local_time":"20190107140905","is_ascension_mode":false,"campfire_choices":[{"data":"Consume","floor":10,"key":"SMITH"},{"data":"Loop","floor":15,"key":"SMITH"},{"data":"Sunder","floor":23,"key":"SMITH"},{"data":"Barrage","floor":28,"key":"SMITH"},{"data":"Fission","floor":32,"key":"SMITH"},{"data":"Dualcast","floor":40,"key":"SMITH"},{"data":"Secret Technique","floor":42,"key":"SMITH"},{"data":"Coolheaded","floor":49,"key":"SMITH"}],"neow_cost":"NONE","seed_source_timestamp":1801754212075604,"circlet_count":0,"master_deck":["Strike_B","Strike_B","Strike_B","Defend_B","Defend_B","Defend_B+1","Defend_B","Zap+1","Dualcast+1","Coolheaded","Rebound","Barrage+1","Sunder+1","Consume+1","Cold Snap","Loop+1","Core Surge","Conserve Battery+1","Redo+1","Coolheaded+1","Fission+1","Coolheaded","Echo Form","Cold Snap","Glacier","Self Repair","Parasite","Cold Snap+1","Secret Technique+1","Hologram+1","Go for the Eyes+1","Blizzard+1"],"relics":["Cracked Core","NeowsBlessing","FossilizedHelix","Unceasing Top","Nunchaku","Odd Mushroom","Sozu","Question Card","Bottled Flame","Cursed Key","Bottled Lightning","The Courier","Turnip"],"potions_floor_usage":[50],"damage_taken":[{"damage":0,"enemies":"2 Louse","floor":1,"turns":1},{"damage":0,"enemies":"Jaw Worm","floor":4,"turns":1},{"damage":0,"enemies":"Lagavulin","floor":6,"turns":1},{"damage":0,"enemies":"Small Slimes","floor":8,"turns":3},{"damage":0,"enemies":"2 Fungi Beasts","floor":12,"turns":3},{"damage":6,"enemies":"The Mushroom Lair","floor":13,"turns":3},{"damage":0,"enemies":"Looter","floor":14,"turns":2},{"damage":3,"enemies":"The Guardian","floor":16,"turns":12},{"damage":0,"enemies":"3 Byrds","floor":18,"turns":5},{"damage":2,"enemies":"Colosseum Slavers","floor":20,"turns":4},{"damage":0,"enemies":"Chosen","floor":22,"turns":4},{"damage":4,"enemies":"Shelled Parasite and Fungi","floor":24,"turns":7},{"damage":0,"enemies":"Snecko","floor":25,"turns":4},{"damage":0,"enemies":"Sentry and Sphere","floor":27,"turns":5},{"damage":0,"enemies":"Centurion and Healer","floor":30,"turns":10},{"damage":0,"enemies":"Cultist and Chosen","floor":31,"turns":9},{"damage":21,"enemies":"Collector","floor":33,"turns":22},{"damage":9,"enemies":"Orb Walker","floor":35,"turns":4},{"damage":8,"enemies":"3 Darklings","floor":38,"turns":8},{"damage":5,"enemies":"Writhing Mass","floor":39,"turns":8},{"damage":33,"enemies":"Jaw Worm Horde","floor":44,"turns":7},{"damage":0,"enemies":"Transient","floor":46,"turns":5},{"damage":1,"enemies":"Spire Growth","floor":47,"turns":7},{"damage":0,"enemies":"Mind Bloom Boss Battle","floor":48,"turns":7},{"damage":40,"enemies":"Time Eater","floor":50,"turns":18}],"seed_played":"73127742193080655","potions_obtained":[{"floor":4,"key":"GamblersBrew"},{"floor":6,"key":"AttackPotion"},{"floor":13,"key":"Weak Potion"}],"is_trial":false,"path_per_floor":["M","$","?","M","?","E","$","M","T","R","?","M","?","M","R","B",null,"M","?","?","?","M","R","M","M","T","M","R","$","M","M","R","B",null,"M","?","$","M","M","R","?","R","T","M","$","M","M","?","R","B",null],"character_chosen":"DEFECT","items_purchased":["Sunder","Glacier","Bottled Lightning"],"campfire_rested":0,"item_purchase_floors":[7,37,37],"current_hp_per_floor":[75,75,57,57,42,42,42,42,42,42,42,42,36,36,36,33,75,75,75,73,73,73,73,69,69,69,69,69,69,69,69,69,48,75,66,66,66,58,60,60,60,60,60,34,34,41,54,68,68,28],"gold":147,"neow_bonus":"THREE_ENEMY_KILL","is_prod":false,"is_daily":false,"chose_seed":false,"campfire_upgraded":8,"win_rate":0,"timestamp":1546837745,"path_taken":["M","$","?","M","?","E","?","M","T","R","?","M","?","M","R","BOSS","M","?","?","?","M","R","M","?","T","M","R","?","M","M","R","BOSS","M","?","$","?","M","R","?","R","T","M","?","M","M","?","R","BOSS"],"build_version":"2019-01-03v4","purchased_purges":3,"victory":true,"max_hp_per_floor":[75,75,75,75,75,75,75,75,75,75,75,75,75,75,75,75,75,75,75,75,75,75,75,75,75,75,75,75,75,75,75,75,75,75,75,75,75,75,75,75,75,75,75,75,75,75,75,75,75,75],"card_choices":[{"not_picked":["Beam Cell","Turbo"],"picked":"Coolheaded","floor":1},{"not_picked":["Beam Cell","Steam Power"],"picked":"Rebound","floor":4},{"not_picked":["Redo","Blizzard"],"picked":"Barrage","floor":6},{"not_picked":["Hello World","Reinforced Body"],"picked":"Consume","floor":8},{"not_picked":["Barrage","Beam Cell"],"picked":"Cold Snap","floor":12},{"not_picked":["Coolheaded","Go for the Eyes"],"picked":"Loop","floor":14},{"not_picked":["Rainbow","Meteor Strike"],"picked":"Core Surge","floor":16},{"not_picked":["Double Energy","Hologram"],"picked":"Conserve Battery+1","floor":18},{"not_picked":["Beam Cell","Barrage","Turbo+1","Redo"],"picked":"SKIP","floor":22},{"not_picked":["Hologram","Go for the Eyes+1","Conserve Battery"],"picked":"Redo+1","floor":24},{"not_picked":["Gash","Doom and Gloom","Aggregate","Beam Cell"],"picked":"SKIP","floor":25},{"not_picked":["Tempest","Reinforced Body","Steam"],"picked":"Coolheaded","floor":27},{"not_picked":["Compile Driver","Skim","Static Discharge+1"],"picked":"Fission","floor":30},{"not_picked":["Rebound","Stack","Skim"],"picked":"Coolheaded","floor":31},{"not_picked":["Core Surge","Machine Learning","Amplify"],"picked":"Echo Form","floor":33},{"not_picked":["Coolheaded","Gash+1","Recycle"],"picked":"Cold Snap","floor":35},{"not_picked":["Electrodynamics","Compile Driver+1","Go for the Eyes"],"picked":"Self Repair","floor":38},{"not_picked":["Redo","Static Discharge","Auto Shields"],"picked":"Cold Snap+1","floor":39},{"not_picked":["Chrysalis","Swift Strike","Dramatic Entrance"],"picked":"Secret Technique","floor":41},{"not_picked":["Rebound","Turbo","Barrage+1","Gash"],"picked":"SKIP","floor":44},{"not_picked":["Fusion","Cold Snap+1","Rebound+1"],"picked":"Hologram+1","floor":46},{"not_picked":["Steam+1","Genetic Algorithm+1","Sweeping Beam+1"],"picked":"Go for the Eyes+1","floor":47},{"not_picked":["Beam Cell+1","Stack+1","Steam Power+1"],"picked":"Blizzard+1","floor":48}],"player_experience":781207,"relics_obtained":[{"floor":6,"key":"Unceasing Top"},{"floor":9,"key":"Nunchaku"},{"floor":13,"key":"Odd Mushroom"},{"floor":26,"key":"Bottled Flame"},{"floor":43,"key":"The Courier"},{"floor":48,"key":"Turnip"}],"event_choices":[{"damage_healed":0,"gold_gain":0,"player_choice":"Success","damage_taken":18,"relics_obtained":["FossilizedHelix"],"max_hp_gain":0,"max_hp_loss":0,"event_name":"Scrap Ooze","floor":3,"gold_loss":0},{"damage_healed":0,"gold_gain":0,"player_choice":"Entered Light","damage_taken":15,"max_hp_gain":0,"max_hp_loss":0,"event_name":"Shining Light","floor":5,"gold_loss":0,"cards_upgraded":["Defend_B","Zap"]},{"damage_healed":0,"gold_gain":0,"player_choice":"Leave","damage_taken":0,"max_hp_gain":0,"max_hp_loss":0,"event_name":"The Cleric","floor":11,"gold_loss":0},{"damage_healed":0,"gold_gain":0,"player_choice":"Fought Mushrooms","damage_taken":0,"max_hp_gain":0,"max_hp_loss":0,"event_name":"Mushrooms","floor":13,"gold_loss":0},{"damage_healed":0,"gold_gain":0,"player_choice":"Opened","damage_taken":0,"relics_obtained":["Question Card"],"max_hp_gain":0,"max_hp_loss":0,"event_name":"The Mausoleum","floor":19,"gold_loss":0,"cards_obtained":["Writhe"]},{"damage_healed":0,"gold_gain":0,"player_choice":"Fight","damage_taken":0,"max_hp_gain":0,"max_hp_loss":0,"event_name":"Colosseum","floor":20,"gold_loss":0},{"damage_healed":0,"gold_gain":0,"player_choice":"Fled From Nobs","damage_taken":0,"max_hp_gain":0,"max_hp_loss":0,"event_name":"Colosseum","floor":20,"gold_loss":0},{"damage_healed":0,"gold_gain":99,"player_choice":"Stole From Cult","damage_taken":0,"max_hp_gain":0,"max_hp_loss":0,"event_name":"Nest","floor":21,"gold_loss":0},{"damage_healed":0,"gold_gain":0,"player_choice":"Ignored","damage_taken":0,"max_hp_gain":0,"max_hp_loss":0,"event_name":"NoteForYourself","floor":36,"gold_loss":0},{"damage_healed":0,"gold_gain":0,"player_choice":"Memory 1","damage_taken":0,"max_hp_gain":0,"max_hp_loss":0,"event_name":"SensoryStone","floor":41,"gold_loss":0},{"damage_healed":0,"gold_gain":0,"player_choice":"Fight","damage_taken":0,"max_hp_gain":0,"max_hp_loss":0,"event_name":"MindBloom","floor":48,"gold_loss":0}],"is_beta":false,"boss_relics":[{"not_picked":["Astrolabe","Black Star"],"picked":"Sozu"},{"not_picked":["White Beast Statue","Eternal Feather"],"picked":"Cursed Key"}],"items_purged_floors":[2,29,45],"is_endless":false,"potions_floor_spawned":[4,6,13,14,16,18,22,30,33,44,47],"ascension_level":0}