{"gold_per_floor":[113,113,113,0,15,49,62,62,62,62,74,74,94,94,94,190,190,210,48,66,66,66,66],"floor_reached":23,"playtime":792,"items_purged":["Strike_B"],"score":403,"play_id":"ba2615e3-9fa6-41d8-84b9-f87b8248da86","local_time":"20190701001023","is_ascension_mode":true,"campfire_choices":[{"data":"Loop","floor":8.0,"key":"SMITH"},{"data":"Leap","floor":10.0,"key":"SMITH"},{"data":"Dualcast","floor":12.0,"key":"SMITH"},{"data":"Go for the Eyes","floor":15.0,"key":"SMITH"}],"neow_cost":"PERCENT_DAMAGE","seed_source_timestamp":0,"circlet_count":0,"master_deck":["AscendersBane","Strike_B+1","Strike_B+1","Strike_B+1","Defend_B+1","Defend_B+1","Defend_B+1","Defend_B+1","Zap+1","Dualcast+1","Ball Lightning","Compile Driver","FTL","Leap+1","Loop+1","Cold Snap","Go for the Eyes+1","Echo Form","Sunder","Capacitor","Hologram"],"special_seed":0,"relics":["Cracked Core","Turnip","Mango","Pear","Golden Idol","Velvet Choker"],"potions_floor_usage":[23,23],"damage_taken":[{"damage":2.0,"enemies":"2 Louse","floor":1.0,"turns":3.0},{"damage":7.0,"enemies":"Jaw Worm","floor":5.0,"turns":3.0},{"damage":19.0,"enemies":"Lagavulin","floor":6.0,"turns":5.0},{"damage":0.0,"enemies":"Cultist","floor":7.0,"turns":2.0},{"damage":6.0,"enemies":"Looter","floor":11.0,"turns":3.0},{"damage":1.0,"enemies":"Blue Slaver","floor":13.0,"turns":3.0},{"damage":34.0,"enemies":"Hexaghost","floor":16.0,"turns":11.0},{"damage":25,"enemies":"3 Byrds","floor":18,"turns":5},{"damage":28,"enemies":"Shell Parasite","floor":20,"turns":5},{"damage":22,"enemies":"Book of Stabbing","floor":23,"turns":3}],"seed_played":"5481301070548103765","potions_obtained":[{"floor":5.0,"key":"Dexterity Potion"},{"floor":6.0,"key":"FairyPotion"},{"floor":11.0,"key":"SteroidPotion"},{"floor":16.0,"key":"PowerPotion"},{"floor":20,"key":"Fruit Juice"}],"is_trial":false,"path_per_floor":["M","?","?","$","M","E","M","R","T","R","M","R","M","?","R","B",null,"M","$","M","?","?","E"],"character_chosen":"DEFECT","items_purchased":["Compile Driver","FTL","Capacitor"],"campfire_rested":0,"item_purchase_floors":[4,4,19],"current_hp_per_floor":[44,44,44,44,37,32,32,32,42,42,36,36,35,35,35,1,65,40,40,12,12,12,0],"gold":66,"neow_bonus":"ONE_RARE_RELIC","is_prod":false,"is_daily":false,"chose_seed":false,"campfire_upgraded":4,"win_rate":0,"timestamp":1561929023,"path_taken":["M","?","?","?","M","E","M","R","T","R","M","R","?","?","R","BOSS","M","$","M","?","?","E"],"build_version":"2019-01-23","purchased_purges":1,"victory":false,"max_hp_per_floor":[71,71,71,71,71,85,85,85,95,95,95,95,95,86,86,86,86,86,86,86,86,86,91],"card_choices":[{"not_picked":["Reprogram","Hologram"],"picked":"Ball Lightning","floor":1.0},{"not_picked":["Streamline","Redo"],"picked":"Leap","floor":5.0},{"not_picked":["Double Energy","Recycle","Go for the Eyes"],"picked":"SKIP","floor":6.0},{"not_picked":["Storm","Ball Lightning"],"picked":"Loop","floor":7.0},{"not_picked":["Redo","Conserve Battery"],"picked":"Cold Snap","floor":11.0},{"not_picked":["Beam Cell","Conserve Battery"],"picked":"Go for the Eyes","floor":13.0},{"not_picked":["Multi-Cast","Fission"],"picked":"Echo Form","floor":16.0},{"not_picked":["Sweeping Beam","Hologram"],"picked":"Sunder","floor":18},{"not_picked":["Leap","Capacitor"],"picked":"Hologram","floor":20}],"player_experience":1187591,"relics_obtained":[{"floor":6.0,"key":"Mango"},{"floor":9.0,"key":"Pear"}],"event_choices":[{"damage_healed":0.0,"max_hp_gain":0.0,"max_hp_loss":0.0,"gold_gain":0.0,"event_name":"Living Wall","player_choice":"Grow","floor":2.0,"gold_loss":0.0,"damage_taken":0.0,"cards_upgraded":["Zap"]},{"damage_healed":0.0,"max_hp_gain":0.0,"max_hp_loss":0.0,"gold_gain":0.0,"event_name":"Golden Wing","player_choice":"Ignored","floor":3.0,"gold_loss":0.0,"damage_taken":0.0},{"damage_healed":0.0,"max_hp_gain":0.0,"max_hp_loss":9.0,"gold_gain":0.0,"event_name":"Golden Idol","player_choice":"Lose Max HP","floor":14.0,"gold_loss":0.0,"damage_taken":0.0,"relics_obtained":["Golden Idol"]},{"damage_healed":0,"gold_gain":0,"player_choice":"Simplicity","damage_taken":0,"max_hp_gain":0,"max_hp_loss":0,"event_name":"Back to Basics","floor":21,"gold_loss":0,"cards_upgraded":["Strike_B","Strike_B","Strike_B","Defend_B","Defend_B","Defend_B","Defend_B"]},{"damage_healed":0,"gold_gain":0,"player_choice":"Ignored","damage_taken":0,"max_hp_gain":0,"max_hp_loss":0,"event_name":"The Mausoleum","floor":22,"gold_loss":0}],"is_beta":false,"boss_relics":[{"not_picked":["Empty Cage","Eternal Feather"],"picked":"Velvet Choker"}],"items_purged_floors":[19],"is_endless":false,"potions_floor_spawned":[5,6,11,16,20],"killed_by":"Book of Stabbing","ascension_level":20}