{"gold_per_floor":[119,119,131,131,146,146,171,171,197,215,215,225,52,64,64,160,160,179,179,179,190,190,190,208,208,288,314,332,332,342,342],"floor_reached":31,"playtime":3193,"items_purged":[],"score":257,"play_id":"6cfd8e21-ec2c-4629-9b27-d2ecbd9270cb","local_time":"20181115042527","is_ascension_mode":false,"campfire_choices":[{"floor":6,"key":"REST"},{"floor":11,"key":"REST"},{"floor":15,"key":"REST"},{"floor":23,"key":"REST"},{"floor":25,"key":"REST"}],"neow_cost":"NONE","seed_source_timestamp":1370918374060825,"circlet_count":0,"master_deck":["Strike_R","Strike_R","Strike_R","Strike_R","Strike_R","Defend_R","Defend_R","Defend_R","Defend_R+1","Bash","Cleave","Spot Weakness","Bash","Twin Strike","Dropkick","Shrug It Off+1","Thunderclap","Enlightenment","Flame Barrier","Anger","Feed","Iron Wave","Heavy Blade","Body Slam","Blood for Blood+1","Iron Wave+1","Brutality","Anger"],"relics":["Fusion Hammer","Lantern","PreservedInsect","Eternal Feather","Matryoshka","War Paint","Anchor","Magic Flower"],"potions_floor_usage":[7,21,27],"damage_taken":[{"damage":7,"enemies":"2 Louse","floor":1,"turns":3},{"damage":0,"enemies":"Small Slimes","floor":3,"turns":3},{"damage":0,"enemies":"Cultist","floor":5,"turns":2},{"damage":26,"enemies":"Lagavulin","floor":7,"turns":6},{"damage":6,"enemies":"Large Slime","floor":10,"turns":2},{"damage":1,"enemies":"Exordium Wildlife","floor":12,"turns":3},{"damage":2,"enemies":"2 Fungi Beasts","floor":14,"turns":3},{"damage":75,"enemies":"Hexaghost","floor":16,"turns":11},{"damage":12,"enemies":"3 Byrds","floor":18,"turns":5},{"damage":8,"enemies":"2 Thieves","floor":21,"turns":4},{"damage":20,"enemies":"Colosseum Slavers","floor":22,"turns":4},{"damage":14,"enemies":"Centurion and Healer","floor":24,"turns":7},{"damage":34,"enemies":"Gremlin Leader","floor":27,"turns":4},{"damage":26,"enemies":"Sentry and Sphere","floor":28,"turns":5},{"damage":10,"enemies":"3 Cultists","floor":30,"turns":5},{"damage":22,"enemies":"Shelled Parasite and Fungi","floor":31,"turns":2}],"seed_played":"-2181158542903482272","potions_obtained":[{"floor":1,"key":"SteroidPotion"},{"floor":3,"key":"Swift Potion"},{"floor":7,"key":"AttackPotion"},{"floor":18,"key":"Dexterity Potion"},{"floor":24,"key":"LiquidBronze"}],"is_trial":false,"path_per_floor":["M","?","M","?","M","R","E","?","T","M","R","M","$","M","R","B",null,"M","?","?","M","?","R","M","R","T","E","M","T","M","M"],"character_chosen":"IRONCLAD","items_purchased":["Enlightenment","Flame Barrier"],"campfire_rested":5,"item_purchase_floors":[13,13],"current_hp_per_floor":[73,73,73,73,73,80,54,51,51,45,69,68,68,66,80,5,80,71,71,71,66,46,83,72,89,89,55,32,32,22,0],"gold":342,"neow_bonus":"BOSS_RELIC","is_prod":false,"is_daily":false,"chose_seed":false,"campfire_upgraded":0,"win_rate":0.0,"timestamp":1542255927,"path_taken":["M","?","M","?","?","R","E","?","T","M","R","M","?","M","R","BOSS","M","?","?","M","?","R","M","R","T","E","M","?","M","M"],"build_version":"2018-11-08","purchased_purges":0,"victory":false,"max_hp_per_floor":[80,80,80,80,80,80,80,80,80,80,80,80,80,80,80,80,80,83,83,83,86,86,86,89,89,89,89,92,92,92,92],"card_choices":[{"not_picked":["Second Wind","Hemokinesis"],"picked":"Cleave","floor":1},{"not_picked":["Clash","Perfected Strike"],"picked":"Spot Weakness","floor":3},{"not_picked":["Shockwave","Sword Boomerang"],"picked":"Twin Strike","floor":5},{"not_picked":["Sword Boomerang","Intimidate"],"picked":"Dropkick","floor":7},{"not_picked":["Fiend Fire","True Grit"],"picked":"Shrug It Off","floor":10},{"not_picked":["Twin Strike","Cleave"],"picked":"Thunderclap","floor":12},{"not_picked":["Second Wind","Burning Pact"],"picked":"Anger","floor":14},{"not_picked":["Reaper","Berserk"],"picked":"Feed","floor":16},{"not_picked":["Reckless Charge+1","Thunderclap"],"picked":"Iron Wave","floor":18},{"not_picked":["Shrug It Off+1","Inflame+1"],"picked":"Body Slam","floor":21},{"not_picked":["Clash+1","Warcry+1"],"picked":"Blood for Blood+1","floor":24},{"not_picked":["Perfected Strike","Second Wind"],"picked":"Iron Wave+1","floor":27},{"not_picked":["Iron Wave","Twin Strike"],"picked":"Brutality","floor":28},{"not_picked":["Perfected Strike","Headbutt"],"picked":"Anger","floor":30}],"player_experience":4727,"relics_obtained":[{"floor":7,"key":"Lantern"},{"floor":9,"key":"PreservedInsect"},{"floor":26,"key":"Matryoshka"},{"floor":27,"key":"War Paint"},{"floor":29,"key":"Anchor"},{"floor":29,"key":"Magic Flower"}],"event_choices":[{"damage_healed":0,"gold_gain":0,"player_choice":"Ignored","damage_taken":0,"max_hp_gain":0,"max_hp_loss":0,"event_name":"Golden Wing","floor":2,"gold_loss":0},{"damage_healed":0,"gold_gain":0,"player_choice":"1 cards matched","damage_taken":0,"max_hp_gain":0,"max_hp_loss":0,"event_name":"Match and Keep!","floor":4,"gold_loss":0,"cards_obtained":["Bash"]},{"damage_healed":0,"gold_gain":0,"player_choice":"Fled","damage_taken":3,"max_hp_gain":0,"max_hp_loss":0,"event_name":"Scrap Ooze","floor":8,"gold_loss":0},{"damage_healed":0,"gold_gain":0,"player_choice":"Read","damage_taken":0,"max_hp_gain":0,"max_hp_loss":0,"event_name":"The Library","floor":19,"gold_loss":0,"cards_obtained":["Heavy Blade"]},{"damage_healed":0,"gold_gain":0,"player_choice":"Ignored","damage_taken":0,"max_hp_gain":0,"max_hp_loss":0,"event_name":"Beggar","floor":20,"gold_loss":0},{"damage_healed":0,"gold_gain":0,"player_choice":"Fight","damage_taken":0,"max_hp_gain":0,"max_hp_loss":0,"event_name":"Colosseum","floor":22,"gold_loss":0},{"damage_healed":0,"gold_gain":0,"player_choice":"Fled From Nobs","damage_taken":0,"max_hp_gain":0,"max_hp_loss":0,"event_name":"Colosseum","floor":22,"gold_loss":0}],"is_beta":false,"boss_relics":[{"not_picked":["Black Star","Lizard Tail"],"picked":"Eternal Feather"}],"items_purged_floors":[],"is_endless":false,"potions_floor_spawned":[1,3,7,18,24],"killed_by":"Shelled Parasite and Fungi","ascension_level":0}