{"gold_per_floor":[110,125,137,137,62,62,93,93,120,120,147,177,177,177,177,177],"floor_reached":16,"playtime":601,"items_purged":["Normality"],"score":212,"play_id":"4f6722ed-5a76-466b-ae37-bf413abd9d36","local_time":"20190623231131","is_ascension_mode":true,"campfire_choices":[{"floor":6,"key":"REST"},{"floor":8,"key":"REST"},{"data":"Zap","floor":10,"key":"SMITH"},{"data":"Machine Learning","floor":13,"key":"SMITH"},{"floor":15,"key":"REST"}],"neow_cost":"CURSE","seed_source_timestamp":914407346744800,"circlet_count":0,"master_deck":["AscendersBane","Strike_B","Strike_B","Strike_B","Strike_B","Defend_B","Defend_B","Defend_B","Defend_B","Zap+1","Dualcast","Cold Snap","Compile Driver","Doom and Gloom","Conserve Battery","FTL","Machine Learning+1","Pain"],"relics":["Cracked Core","WingedGreaves","Bag of Preparation","Matryoshka","Boot","Anchor","Odd Mushroom","WarpedTongs"],"potions_floor_usage":[],"damage_taken":[{"damage":6,"enemies":"2 Louse","floor":1,"turns":3},{"damage":5,"enemies":"Small Slimes","floor":2,"turns":4},{"damage":4,"enemies":"Cultist","floor":3,"turns":4},{"damage":37,"enemies":"Gremlin Nob","floor":7,"turns":4},{"damage":17,"enemies":"3 Sentries","floor":11,"turns":6},{"damage":5,"enemies":"The Mushroom Lair","floor":12,"turns":3},{"damage":28,"enemies":"Hexaghost","floor":16,"turns":9}],"seed_played":"-5855728805310799249","potions_obtained":[],"is_trial":false,"path_per_floor":["M","M","M","?","$","R","E","R","T","R","E","?","R","?","R","B"],"character_chosen":"DEFECT","items_purchased":[],"campfire_rested":3,"item_purchase_floors":[],"current_hp_per_floor":[58,53,49,23,23,44,7,28,28,28,11,6,6,6,27,0],"gold":177,"neow_bonus":"ONE_RARE_RELIC","is_prod":false,"is_daily":false,"chose_seed":false,"campfire_upgraded":2,"win_rate":0,"timestamp":1561320691,"path_taken":["M","M","M","?","$","R","E","R","T","R","E","?","R","?","R","BOSS"],"build_version":"2019-01-23","purchased_purges":1,"victory":false,"max_hp_per_floor":[71,71,71,71,71,71,71,71,71,71,71,71,71,71,71,71],"card_choices":[{"not_picked":["Recycle","Steam Power"],"picked":"Cold Snap","floor":1},{"not_picked":["Gash","Leap"],"picked":"Compile Driver","floor":2},{"not_picked":["FTL","Compile Driver"],"picked":"Doom and Gloom","floor":3},{"not_picked":["BootSequence","Consume"],"picked":"Conserve Battery","floor":7},{"not_picked":["Sweeping Beam","Tempest"],"picked":"FTL","floor":11},{"not_picked":["Stack","Hello World"],"picked":"Machine Learning","floor":12}],"player_experience":1173207,"relics_obtained":[{"floor":7,"key":"Matryoshka"},{"floor":9,"key":"Boot"},{"floor":11,"key":"Anchor"},{"floor":12,"key":"Odd Mushroom"}],"event_choices":[{"damage_healed":0,"gold_gain":0,"player_choice":"Success","damage_taken":26,"relics_obtained":["Bag of Preparation"],"max_hp_gain":0,"max_hp_loss":0,"event_name":"Scrap Ooze","floor":4,"gold_loss":0},{"damage_healed":0,"gold_gain":0,"player_choice":"Fought Mushrooms","damage_taken":0,"max_hp_gain":0,"max_hp_loss":0,"event_name":"Mushrooms","floor":12,"gold_loss":0},{"damage_healed":0,"gold_gain":0,"player_choice":"Rummage","damage_taken":0,"relics_obtained":["WarpedTongs"],"max_hp_gain":0,"max_hp_loss":0,"event_name":"Accursed Blacksmith","floor":14,"gold_loss":0,"cards_obtained":["Pain"]}],"is_beta":false,"boss_relics":[],"items_purged_floors":[5],"is_endless":false,"potions_floor_spawned":[],"killed_by":"Hexaghost","ascension_level":20}