{"gold_per_floor":[117,136,136,91,107,136,136,151,151,151,151,164,164,10,10,135,135,153,278,278,301,325,325,49,49,49,63,63,63,78,91,91,222,222,242,242,142,161,174,174,234,254,277,277,290,290,21,37,37,37],"floor_reached":51,"playtime":4812,"items_purged":["Injury","Strike_G","Strike_G"],"score":782,"play_id":"386969cf-dd32-4457-adae-2e20ef8db609","local_time":"20190615020620","is_ascension_mode":true,"campfire_choices":[{"floor":7.0,"key":"REST"},{"floor":10.0,"key":"REST"},{"data":"Outmaneuver","floor":15.0,"key":"SMITH"},{"floor":23.0,"key":"REST"},{"data":"1","floor":25.0,"key":"LIFT"},{"floor":28.0,"key":"REST"},{"data":"2","floor":32.0,"key":"LIFT"},{"data":"3","floor":40,"key":"LIFT"},{"floor":46,"key":"REST"},{"data":"Corpse Explosion","floor":49,"key":"SMITH"}],"neow_cost":"PERCENT_DAMAGE","seed_source_timestamp":0,"circlet_count":0,"master_deck":["Defend_G","Defend_G","Defend_G","Defend_G","Strike_G","Strike_G","Strike_G","Survivor","Neutralize","Panache+1","Master of Strategy","Underhanded Strike","Outmaneuver+1","Acrobatics","Prepared","Burst","Dagger Throw+1","Corpse Explosion+1","Dagger Spray+1","Backflip","Blur+1","After Image"],"special_seed":0,"relics":["Ring of the Serpent","Molten Egg 2","Ornamental Fan","Golden Idol","Art of War","Busted Crown","Girya","Letter Opener","Omamori","Regal Pillow","Bottled Tornado","WarpedTongs","Mango","PreservedInsect","Pen Nib"],"potions_floor_usage":[41,42,50,50],"damage_taken":[{"damage":0.0,"enemies":"Cultist","floor":1.0,"turns":3.0},{"damage":0.0,"enemies":"2 Louse","floor":2.0,"turns":2.0},{"damage":1.0,"enemies":"Jaw Worm","floor":5.0,"turns":2.0},{"damage":10.0,"enemies":"Gremlin Nob","floor":6.0,"turns":4.0},{"damage":27.0,"enemies":"Gremlin Gang","floor":8.0,"turns":4.0},{"damage":1.0,"enemies":"Looter","floor":12.0,"turns":3.0},{"damage":40.0,"enemies":"Hexaghost","floor":16.0,"turns":13.0},{"damage":1.0,"enemies":"3 Byrds","floor":18.0,"turns":2.0},{"damage":15.0,"enemies":"Colosseum Slavers","floor":19.0,"turns":4.0},{"damage":27.0,"enemies":"Colosseum Nobs","floor":19.0,"turns":3.0},{"damage":5.0,"enemies":"Shell Parasite","floor":21.0,"turns":3.0},{"damage":20.0,"enemies":"Shelled Parasite and Fungi","floor":27.0,"turns":4.0},{"damage":5.0,"enemies":"Centurion and Healer","floor":30.0,"turns":4.0},{"damage":6.0,"enemies":"Snecko","floor":31.0,"turns":5.0},{"damage":33.0,"enemies":"Automaton","floor":33.0,"turns":9.0},{"damage":0,"enemies":"3 Shapes","floor":35,"turns":3},{"damage":0,"enemies":"Orb Walker","floor":38,"turns":3},{"damage":0,"enemies":"Spire Growth","floor":39,"turns":4},{"damage":30,"enemies":"2 Orb Walkers","floor":41,"turns":3},{"damage":0,"enemies":"4 Shapes","floor":42,"turns":2},{"damage":0,"enemies":"3 Darklings","floor":45,"turns":2},{"damage":0,"enemies":"Sphere and 2 Shapes","floor":48,"turns":3},{"damage":35,"enemies":"Awakened One","floor":50,"turns":20}],"seed_played":"497374180564131137","potions_obtained":[{"floor":1.0,"key":"Weak Potion"},{"floor":5.0,"key":"Regen Potion"},{"floor":8.0,"key":"Ancient Potion"},{"floor":29.0,"key":"Poison Potion"},{"floor":29.0,"key":"Dexterity Potion"},{"floor":29.0,"key":"Regen Potion"},{"floor":33.0,"key":"Poison Potion"},{"floor":35,"key":"SpeedPotion"},{"floor":41,"key":"PowerPotion"},{"floor":42,"key":"SteroidPotion"}],"is_trial":false,"path_per_floor":["M","M","?","$","M","E","R","M","T","R","?","M","?","$","R","B",null,"M","?","?","M","T","R","$","R","T","M","R","?","M","M","R","B",null,"M","?","$","M","M","R","?","M","T","?","M","R","$","M","R","B",null],"character_chosen":"THE_SILENT","items_purchased":["Acrobatics","Art of War","Regal Pillow","Backflip","Pen Nib"],"campfire_rested":5,"item_purchase_floors":[4,14,24,24,47],"current_hp_per_floor":[49,49,49,49,48,43,64,37,37,58,58,57,57,57,57,17,70,69,27,27,22,22,43,43,43,43,23,59,59,63,57,57,24,70,70,70,70,70,70,70,54,54,54,54,54,84,84,84,84,49],"gold":37,"neow_bonus":"RANDOM_COLORLESS_2","is_prod":false,"is_daily":false,"chose_seed":false,"campfire_upgraded":2,"win_rate":0,"timestamp":1560560780,"path_taken":["M","?","?","$","M","E","R","?","T","R","?","?","?","?","R","BOSS","M","?","?","M","?","R","$","R","T","M","R","?","M","M","R","BOSS","M","?","?","M","M","R","?","M","T","?","M","R","?","?","R","BOSS"],"build_version":"2019-01-23","purchased_purges":3,"victory":true,"max_hp_per_floor":[70,70,70,70,70,70,70,70,70,70,70,70,70,70,70,70,70,70,70,70,70,70,70,70,70,70,70,70,70,70,70,70,70,70,70,70,70,70,70,70,84,84,84,84,84,84,84,84,84,84],"card_choices":[{"not_picked":["Expertise","Sucker Punch"],"picked":"Underhanded Strike","floor":1.0},{"not_picked":["PiercingWail","Deflect"],"picked":"Outmaneuver","floor":2.0},{"not_picked":["Quick Slash","Infinite Blades"],"picked":"Prepared","floor":5.0},{"not_picked":["Quick Slash","Dagger Throw"],"picked":"Burst","floor":6.0},{"not_picked":["Finisher+1","Outmaneuver","Blade Dance"],"picked":"SKIP","floor":8.0},{"not_picked":["Sucker Punch+1","Flying Knee+1"],"picked":"Dagger Throw+1","floor":12.0},{"not_picked":["Glass Knife+1","Envenom"],"picked":"Corpse Explosion","floor":16.0},{"not_picked":[],"picked":"Dagger Spray+1","floor":18.0},{"not_picked":["Deflect"],"picked":"SKIP","floor":21.0},{"not_picked":[],"picked":"Blur+1","floor":27.0},{"not_picked":["Bane+1"],"picked":"SKIP","floor":30.0},{"not_picked":["Acrobatics+1"],"picked":"SKIP","floor":31.0},{"not_picked":[],"picked":"After Image","floor":33.0},{"not_picked":["Blur"],"picked":"SKIP","floor":35},{"not_picked":["Outmaneuver"],"picked":"SKIP","floor":38},{"not_picked":["Bane+1"],"picked":"SKIP","floor":39},{"not_picked":["Cloak And Dagger+1"],"picked":"SKIP","floor":42},{"not_picked":["Outmaneuver+1"],"picked":"SKIP","floor":45},{"not_picked":["Tactician"],"picked":"SKIP","floor":48}],"player_experience":233494,"relics_obtained":[{"floor":6.0,"key":"Molten Egg 2"},{"floor":9.0,"key":"Ornamental Fan"},{"floor":19.0,"key":"Girya"},{"floor":19.0,"key":"Letter Opener"},{"floor":22.0,"key":"Omamori"},{"floor":26.0,"key":"Bottled Tornado"},{"floor":41,"key":"Mango"},{"floor":43,"key":"PreservedInsect"}],"event_choices":[{"cards_removed":["Defend_G"],"damage_healed":0.0,"max_hp_gain":0.0,"max_hp_loss":0.0,"gold_gain":0.0,"event_name":"Bonfire Elementals","player_choice":"Offered Basic","floor":3.0,"gold_loss":0.0,"damage_taken":0.0},{"damage_healed":0.0,"max_hp_gain":0.0,"max_hp_loss":0.0,"gold_gain":0.0,"event_name":"Upgrade Shrine","player_choice":"Upgraded","floor":11.0,"gold_loss":0.0,"damage_taken":0.0,"cards_upgraded":["Panache"]},{"damage_healed":0.0,"max_hp_gain":0.0,"max_hp_loss":0.0,"gold_gain":0.0,"event_name":"Golden Idol","player_choice":"Take Wound","floor":13.0,"gold_loss":0.0,"damage_taken":0.0,"relics_obtained":["Golden Idol"],"cards_obtained":["Injury"]},{"damage_healed":0.0,"max_hp_gain":0.0,"max_hp_loss":0.0,"gold_gain":0.0,"event_name":"Colosseum","player_choice":"Fight","floor":19.0,"gold_loss":0.0,"damage_taken":0.0},{"damage_healed":0.0,"max_hp_gain":0.0,"max_hp_loss":0.0,"gold_gain":0.0,"event_name":"Colosseum","player_choice":"Fought Nobs","floor":19.0,"gold_loss":0.0,"damage_taken":0.0},{"damage_healed":0.0,"max_hp_gain":0.0,"max_hp_loss":0.0,"gold_gain":0.0,"event_name":"Vampires","player_choice":"Ignored","floor":20.0,"gold_loss":0.0,"damage_taken":0.0},{"damage_healed":0.0,"max_hp_gain":0.0,"max_hp_loss":0.0,"gold_gain":0.0,"event_name":"Lab","player_choice":"Got Potions","floor":29.0,"gold_loss":0.0,"damage_taken":0.0},{"damage_healed":0,"gold_gain":0,"player_choice":"Rummage","damage_taken":0,"relics_obtained":["WarpedTongs"],"max_hp_gain":0,"max_hp_loss":0,"event_name":"Accursed Blacksmith","floor":36,"gold_loss":0,"cards_obtained":["Pain"]},{"damage_healed":0,"gold_gain":0,"player_choice":"Fight","damage_taken":0,"max_hp_gain":0,"max_hp_loss":0,"event_name":"Mysterious Sphere","floor":41,"gold_loss":0},{"damage_healed":0,"gold_gain":0,"player_choice":"Ignored","damage_taken":0,"max_hp_gain":0,"max_hp_loss":0,"event_name":"The Moai Head","floor":44,"gold_loss":0}],"is_beta":false,"boss_relics":[{"not_picked":["Runic Dome","Lizard Tail"],"picked":"Busted Crown"},{"not_picked":["Empty Cage","Orrery"],"picked":"Ring of the Serpent"}],"items_purged_floors":[24,37,47],"is_endless":false,"potions_floor_spawned":[1,5,8,19,33,35,38,41,42,48],"ascension_level":2}