{"path_per_floor":["M","?","$","T","M","R","E","M","T","R","M","E","R","M","R","B",null,"M","?","M","?","M","R","E","R","T","R","M","E","R","M","R"],"character_chosen":"THE_SILENT","items_purchased":[],"gold_per_floor":[99,99,24,24,24,24,24,24,24,24,24,24,24,24,24,24,24,24,24,24,24,24,24,24,24,24,24,24,24,24,24,24],"floor_reached":33,"campfire_rested":1,"playtime":1431,"current_hp_per_floor":[70,70,70,70,70,70,56,57,71,71,71,62,62,49,49,12,86,79,63,63,63,59,86,62,62,62,62,64,53,53,55,55],"items_purged":["Defend_G"],"gold":24,"score":379,"play_id":"fb65aa7b-4714-49f6-be75-d6d5472bfbd9","local_time":"20180307224756","is_prod":false,"is_daily":false,"is_ascension_mode":true,"campfire_upgraded":8,"timestamp":1520484476,"path_taken":["M","?","$","?","M","R","E","M","T","R","M","E","R","M","R","BOSS","M","?","M","?","M","R","E","R","T","R","M","E","R","M","R","BOSS"],"build_version":"2018-03-01-PROD1","purchased_purges":1,"victory":false,"master_deck":["Defend_G","Defend_G","Defend_G","Defend_G","Strike_G","Strike_G","Strike_G","Strike_G","Survivor","Neutralize+1","Endless Agony","Envenom+1","Distraction+1","Adrenaline+1","Cloak And Dagger+1","Bouncing Flask+1","Flying Knee","Die Die Die+1","Poisoned Stab+1","Infinite Blades+1"],"max_hp_per_floor":[70,70,70,70,70,70,70,72,86,86,86,86,86,86,86,86,86,88,88,88,88,90,90,90,90,90,90,92,94,94,96,96],"relics":["Ectoplasm","Singing Bowl","Omamori","Mango","Unceasing Top","Runic Dome","Enchiridion","Dream Catcher","Juzu Bracelet","Bag of Preparation"],"card_choices":[{"not_picked":["Flechettes","Cloak And Dagger"],"picked":"Endless Agony"},{"not_picked":["Bane","Reflex"],"picked":"Distraction"},{"not_picked":["Calculated Gamble","Sucker Punch"],"picked":"Adrenaline"},{"not_picked":["Deadly Poison","Deflect"],"picked":"Cloak And Dagger"},{"not_picked":["Prepared","Dodge and Roll"],"picked":"Bouncing Flask"},{"not_picked":["Backflip","All Out Attack"],"picked":"Flying Knee"},{"not_picked":["Envenom","Burst"],"picked":"Die Die Die"},{"not_picked":["Dagger Throw","Acrobatics"],"picked":"Poisoned Stab"},{"not_picked":["Flechettes","Poisoned Stab"],"picked":"Infinite Blades"}],"player_experience":173753,"potions_floor_usage":[29],"damage_taken":[{"damage":0.0,"enemies":"2 Louse","floor":1.0,"turns":3.0},{"damage":0.0,"enemies":"Cultist","floor":5.0,"turns":4.0},{"damage":14.0,"enemies":"3 Sentries","floor":7.0,"turns":10.0},{"damage":1.0,"enemies":"Small Slimes","floor":8.0,"turns":3.0},{"damage":0.0,"enemies":"Blue Slaver","floor":11.0,"turns":3.0},{"damage":9.0,"enemies":"Lagavulin","floor":12.0,"turns":5.0},{"damage":13.0,"enemies":"Large Slime","floor":14.0,"turns":6.0},{"damage":37.0,"enemies":"The Guardian","floor":16.0,"turns":9.0},{"damage":9.0,"enemies":"Spheric Guardian","floor":18.0,"turns":5.0},{"damage":0.0,"enemies":"Chosen","floor":20.0,"turns":5.0},{"damage":6.0,"enemies":"Sentry and Sphere","floor":22.0,"turns":5.0},{"damage":24.0,"enemies":"Slavers","floor":24.0,"turns":4.0},{"damage":0,"enemies":"Snecko","floor":28,"turns":3},{"damage":13,"enemies":"Slavers","floor":29,"turns":3},{"damage":0,"enemies":"Cultist and Chosen","floor":31,"turns":3},{"damage":58,"enemies":"Automaton","floor":33,"turns":8}],"event_choices":[{"event_name":"Transmorgrifier","player_choice":"Transform","floor":2.0,"damage_taken":0.0},{"event_name":"Cursed Tome","player_choice":"Obtained Book","floor":19.0,"damage_taken":0.0},{"event_name":"Beggar","player_choice":"Ignored","floor":21.0,"damage_taken":0.0}],"boss_relics":[],"potions_floor_spawned":[1,5,12,20,24],"seed_played":"-4166571058623218820","killed_by":"Automaton","ascension_level":4,"is_trial":false}