{"path_per_floor":["M","M","?","M","M","R","E","M","T","R","M","?","M","M","R","B",null,"M","?","$","T","M","R","?","E","T","R","M","E","$","M","R","B",null,"M","?","M","T","?","E","$","E","T","R","$","E","M","M","R"],"character_chosen":"IRONCLAD","items_purchased":["Oddly Smooth Stone","Apotheosis"],"gold_per_floor":[110,127,127,141,158,158,187,197,227,227,246,196,213,233,233,310,310,321,244,16,41,56,56,56,85,138,138,157,190,10,29,29,100,100,113,0,18,18,18,49,49,76,76,76,76,110,124,141,141,141],"floor_reached":50,"campfire_rested":2,"playtime":2153,"current_hp_per_floor":[69,73,70,76,77,77,85,67,67,67,69,69,65,51,51,10,68,51,51,51,51,48,48,46,46,46,46,44,46,46,46,46,21,40,41,41,47,47,41,42,42,11,11,41,41,16,14,16,46,0],"items_purged":["Defend_R"],"gold":141,"score":1076,"play_id":"84852df1-a389-44d6-a6f7-09fbb1483b0e","local_time":"20180427084033","is_prod":false,"is_daily":false,"chose_seed":false,"is_ascension_mode":true,"campfire_upgraded":6,"timestamp":1524836433,"path_taken":["M","M","?","M","M","R","E","M","T","R","?","?","M","M","R","BOSS","M","?","$","?","M","R","?","E","T","R","M","E","$","M","R","BOSS","M","?","?","?","?","E","$","E","T","R","$","E","?","M","R","BOSS"],"build_version":"2018-04-26","seed_source_timestamp":2147657432427385,"purchased_purges":1,"victory":false,"master_deck":["Strike_R","Strike_R","Strike_R","Strike_R","Strike_R","Defend_R","Defend_R","Bash+1","AscendersBane","Ghostly Armor","Perfected Strike+1","True Grit","Metallicize+1","Hemokinesis+1","Inflame","Pommel Strike+1","Twin Strike","Shrug It Off","Feed","J.A.X.","Spot Weakness","Ghostly","Ghostly","Ghostly","Ghostly","Ghostly","Flame Barrier+1","Perfected Strike","Metallicize","Apotheosis+1","Anger+1","Demon Form","Twin Strike","Perfected Strike","Madness","Madness","Warcry","Battle Trance","Uppercut","Fiend Fire"],"max_hp_per_floor":[80,80,80,80,80,80,87,87,87,87,87,87,87,87,87,87,87,90,90,90,90,93,93,46,46,46,46,46,46,46,46,46,46,46,46,46,50,50,50,50,50,50,50,50,50,50,50,50,50,50],"relics":["Burning Blood","Shuriken","Strawberry","Tiny Chest","Mark of Pain","Oddly Smooth Stone","Bag of Marbles","Kunai","Lantern","Gremlin Horn","Sozu","Red Mask","Regal Pillow","Bronze Scales","Shovel","Dream Catcher","Darkstone Periapt"],"card_choices":[{"not_picked":["Feel No Pain","Sentinel"],"picked":"Ghostly Armor","floor":1},{"not_picked":["Sword Boomerang","Bloodletting"],"picked":"Perfected Strike","floor":2},{"not_picked":["Combust","Havoc"],"picked":"True Grit","floor":4},{"not_picked":["Rampage","Berserk"],"picked":"Metallicize","floor":5},{"not_picked":["True Grit","Clash"],"picked":"Hemokinesis","floor":7},{"not_picked":["Warcry","Clothesline"],"picked":"Inflame","floor":8},{"not_picked":["Uppercut","Corruption"],"picked":"Pommel Strike","floor":11},{"not_picked":["Ghostly Armor","Evolve"],"picked":"Twin Strike","floor":13},{"not_picked":["Uppercut","Flex"],"picked":"Shrug It Off","floor":14},{"not_picked":["Bludgeon","Impervious"],"picked":"Feed","floor":16},{"not_picked":["Headbutt","Shrug It Off"],"picked":"Spot Weakness","floor":22},{"not_picked":["Impervious","Flex"],"picked":"Flame Barrier","floor":25},{"not_picked":["Combust","Shrug It Off"],"picked":"Perfected Strike","floor":28},{"not_picked":["Dual Wield","Entrench"],"picked":"Metallicize","floor":29},{"not_picked":["Uppercut","Wild Strike"],"picked":"Anger","floor":31},{"not_picked":["Juggernaut","Feed"],"picked":"Demon Form","floor":33},{"not_picked":["Sever Soul","Clash"],"picked":"Twin Strike","floor":35},{"not_picked":["Disarm","Headbutt"],"picked":"Perfected Strike","floor":37},{"not_picked":["Intimidate","Demon Form"],"picked":"Warcry","floor":40},{"not_picked":["Headbutt","Havoc"],"picked":"Battle Trance","floor":44},{"not_picked":["Thunderclap","Iron Wave"],"picked":"Uppercut","floor":47},{"not_picked":["Pommel Strike","Perfected Strike"],"picked":"Fiend Fire","floor":49}],"player_experience":280502,"potions_floor_usage":[7,16,22,33,40,50],"damage_taken":[{"damage":9,"enemies":"Jaw Worm","floor":1,"turns":4},{"damage":2,"enemies":"2 Louse","floor":2,"turns":4},{"damage":0,"enemies":"Cultist","floor":4,"turns":2},{"damage":5,"enemies":"2 Fungi Beasts","floor":5,"turns":4},{"damage":17,"enemies":"3 Sentries","floor":7,"turns":11},{"damage":24,"enemies":"Lots of Slimes","floor":8,"turns":6},{"damage":4,"enemies":"3 Louse","floor":11,"turns":4},{"damage":10,"enemies":"Exordium Wildlife","floor":13,"turns":4},{"damage":20,"enemies":"Large Slime","floor":14,"turns":2},{"damage":50,"enemies":"The Guardian","floor":16,"turns":9},{"damage":26,"enemies":"Chosen","floor":18,"turns":5},{"damage":12,"enemies":"3 Byrds","floor":22,"turns":4},{"damage":3,"enemies":"Book of Stabbing","floor":25,"turns":6},{"damage":8,"enemies":"Snake Plant","floor":28,"turns":2},{"damage":1,"enemies":"Slavers","floor":29,"turns":5},{"damage":1,"enemies":"3 Cultists","floor":31,"turns":6},{"damage":31,"enemies":"Champ","floor":33,"turns":10},{"damage":5,"enemies":"Orb Walker","floor":35,"turns":4},{"damage":4,"enemies":"3 Shapes","floor":37,"turns":6},{"damage":5,"enemies":"2 Orb Walkers","floor":40,"turns":3},{"damage":37,"enemies":"Giant Head","floor":42,"turns":8},{"damage":31,"enemies":"2 Orb Walkers","floor":46,"turns":5},{"damage":8,"enemies":"3 Darklings","floor":47,"turns":5},{"damage":4,"enemies":"Sphere and 2 Shapes","floor":48,"turns":5},{"damage":49,"enemies":"Awakened One","floor":50,"turns":6}],"event_choices":[{"event_name":"Scrap Ooze","player_choice":"success","floor":3,"damage_taken":3},{"event_name":"The Cleric","player_choice":"Card Removal","floor":12,"damage_taken":0},{"event_name":"Drug Dealer","player_choice":"Got JAXXED","floor":19,"damage_taken":0},{"event_name":"Ghosts","player_choice":"Became a Ghost","floor":24,"damage_taken":0},{"event_name":"Tomb of Lord Red Mask","player_choice":"Paid","floor":36,"damage_taken":0},{"event_name":"Winding Halls","player_choice":"Embrace Madness","floor":39,"damage_taken":0}],"boss_relics":[{"not_picked":["Cursed Key","Velvet Choker"],"picked":"Mark of Pain"},{"not_picked":["Black Blood","Lizard Tail"],"picked":"Sozu"}],"potions_floor_spawned":[1,2,4,16,18,28,29,31,35,42],"seed_played":"-351084918647233211","killed_by":"Awakened One","ascension_level":13,"is_trial":false}