{"gold_per_floor":[117,117,130,130,141,141,172,184,210,210,227,247,322,378,378,378],"floor_reached":16,"playtime":650,"items_purged":[],"score":143,"play_id":"bf327db4-57c5-471e-9277-7373127aace7","local_time":"20190201143451","is_ascension_mode":true,"campfire_choices":[{"data":"Cleave","floor":6,"key":"SMITH"},{"data":"True Grit","floor":10,"key":"SMITH"},{"floor":15,"key":"REST"}],"neow_cost":"NONE","seed_source_timestamp":750956661866734,"circlet_count":0,"master_deck":["Strike_R","Strike_R","Strike_R","Strike_R","Strike_R","Defend_R","Defend_R","Defend_R","Defend_R","Bash+1","Impervious","Headbutt","Dropkick","Cleave+1","Dropkick","True Grit+1","Thunderclap","Pommel Strike","Spot Weakness"],"relics":["Burning Blood","Juzu Bracelet","Omamori","Orichalcum"],"potions_floor_usage":[7,14],"damage_taken":[{"damage":11,"enemies":"Jaw Worm","floor":1,"turns":5},{"damage":3,"enemies":"2 Louse","floor":3,"turns":2},{"damage":0,"enemies":"Small Slimes","floor":5,"turns":2},{"damage":15,"enemies":"Lagavulin","floor":7,"turns":5},{"damage":6,"enemies":"Exordium Thugs","floor":8,"turns":3},{"damage":22,"enemies":"Lots of Slimes","floor":11,"turns":5},{"damage":13,"enemies":"Looter","floor":12,"turns":3},{"damage":30,"enemies":"3 Sentries","floor":14,"turns":6},{"damage":35,"enemies":"The Guardian","floor":16,"turns":8}],"seed_played":"-910746872514547691","potions_obtained":[{"floor":1,"key":"Fire Potion"},{"floor":3,"key":"FearPotion"},{"floor":7,"key":"Fire Potion"},{"floor":8,"key":"Ancient Potion"}],"is_trial":false,"path_per_floor":["M","?","M","$","M","R","E","M","T","R","M","M","?","?","R","B"],"character_chosen":"IRONCLAD","items_purchased":[],"campfire_rested":1,"item_purchase_floors":[],"current_hp_per_floor":[67,67,70,70,76,76,67,67,67,67,51,44,33,9,33,0],"gold":378,"neow_bonus":"ONE_RANDOM_RARE_CARD","is_prod":false,"is_daily":false,"chose_seed":false,"campfire_upgraded":2,"win_rate":0,"timestamp":1549006491,"path_taken":["M","?","M","$","M","R","E","M","T","R","M","M","?","?","R","BOSS"],"build_version":"2019-01-23","purchased_purges":0,"victory":false,"max_hp_per_floor":[80,80,80,80,80,80,80,80,80,80,80,80,80,80,80,80],"card_choices":[{"not_picked":["Whirlwind","Searing Blow"],"picked":"Headbutt","floor":1},{"not_picked":["Clash","Combust"],"picked":"Dropkick","floor":3},{"not_picked":["Clothesline","Headbutt"],"picked":"Cleave","floor":5},{"not_picked":["Uppercut","Entrench"],"picked":"Dropkick","floor":7},{"not_picked":["Cleave","Shrug It Off"],"picked":"True Grit","floor":8},{"not_picked":["Clash","Perfected Strike"],"picked":"Thunderclap","floor":11},{"not_picked":["Warcry","Feel No Pain"],"picked":"Pommel Strike","floor":12},{"not_picked":["Clothesline","Cleave"],"picked":"Spot Weakness","floor":14}],"player_experience":306432,"relics_obtained":[{"floor":7,"key":"Juzu Bracelet"},{"floor":9,"key":"Omamori"},{"floor":14,"key":"Orichalcum"}],"event_choices":[{"damage_healed":0,"gold_gain":0,"player_choice":"Grow","damage_taken":0,"max_hp_gain":0,"max_hp_loss":0,"event_name":"Living Wall","floor":2,"gold_loss":0,"cards_upgraded":["Bash"]},{"damage_healed":0,"gold_gain":75,"player_choice":"Gather Gold","damage_taken":11,"max_hp_gain":0,"max_hp_loss":0,"event_name":"World of Goop","floor":13,"gold_loss":0},{"damage_healed":0,"gold_gain":0,"player_choice":"Searched \u00271\u0027 times","damage_taken":0,"max_hp_gain":0,"max_hp_loss":0,"event_name":"Dead Adventurer","floor":14,"gold_loss":0}],"is_beta":false,"boss_relics":[],"items_purged_floors":[],"is_endless":false,"potions_floor_spawned":[1,3,7,8],"killed_by":"The Guardian","ascension_level":8}