{"gold_per_floor":[114,214,59,75,93,120,120,138,191,206,7,22,22,22,22,125,125,142,142,142,160,61,61,72,85,160,160,160,259,285,61,61,162,162,182,196,196,215,233,233,233,233,233,233,244,29,29,29,29,29],"floor_reached":50,"playtime":3225,"items_purged":["Strike_G","Strike_G","Strike_G"],"score":460,"play_id":"5f894c57-ad89-404c-a2a1-2860ddbbf0e7","local_time":"20190111155901","is_ascension_mode":false,"campfire_choices":[{"data":"Storm of Steel","floor":7.0,"key":"SMITH"},{"data":"Accuracy","floor":13.0,"key":"SMITH"},{"floor":15.0,"key":"REST"},{"floor":23.0,"key":"REST"},{"floor":32.0,"key":"REST"},{"floor":40.0,"key":"REST"},{"data":"Accuracy","floor":42.0,"key":"SMITH"},{"data":"Madness","floor":44.0,"key":"SMITH"},{"data":"Backstab","floor":47.0,"key":"SMITH"},{"floor":49.0,"key":"REST"}],"neow_cost":"NONE","seed_source_timestamp":0,"circlet_count":0,"master_deck":["Defend_G","Defend_G","Defend_G","Defend_G","Defend_G","Survivor","Neutralize","Deadly Poison","Terror","Backstab+1","Escape Plan","Storm of Steel+1","Dodge and Roll","Accuracy+1","Flying Knee","Deflect","Cloak And Dagger","Bullet Time","Slice+1","Corpse Explosion","Acrobatics+1","Writhe","Infinite Blades","Predator","Accuracy+1","After Image","Deflect+1","PiercingWail+1","Bandage Up","Blade Dance","Madness+1","Madness","Backstab"],"special_seed":0,"relics":["Ring of the Snake","Sundial","Smiling Mask","WristBlade","Ninja Scroll","Pen Nib","Ancient Tea Set","Lantern","Empty Cage","Dodecahedron","Strawberry"],"potions_floor_usage":[50,50],"damage_taken":[{"damage":0.0,"enemies":"Small Slimes","floor":1.0,"turns":7.0},{"damage":0.0,"enemies":"Cultist","floor":4.0,"turns":4.0},{"damage":0.0,"enemies":"2 Louse","floor":5.0,"turns":4.0},{"damage":26.0,"enemies":"Lagavulin","floor":6.0,"turns":8.0},{"damage":0.0,"enemies":"Looter","floor":8.0,"turns":2.0},{"damage":4.0,"enemies":"3 Louse","floor":10.0,"turns":4.0},{"damage":5.0,"enemies":"2 Fungi Beasts","floor":12.0,"turns":4.0},{"damage":31.0,"enemies":"Hexaghost","floor":16.0,"turns":8.0},{"damage":17.0,"enemies":"3 Byrds","floor":18.0,"turns":4.0},{"damage":0.0,"enemies":"Masked Bandits","floor":19.0,"turns":1.0},{"damage":14.0,"enemies":"Colosseum Slavers","floor":20.0,"turns":6.0},{"damage":17.0,"enemies":"2 Thieves","floor":21.0,"turns":4.0},{"damage":0.0,"enemies":"Cultist and Chosen","floor":24.0,"turns":4.0},{"damage":0.0,"enemies":"3 Cultists","floor":25.0,"turns":2.0},{"damage":21.0,"enemies":"Slavers","floor":30.0,"turns":4.0},{"damage":33.0,"enemies":"Champ","floor":33.0,"turns":5.0},{"damage":0.0,"enemies":"3 Shapes","floor":35.0,"turns":3.0},{"damage":16.0,"enemies":"3 Darklings","floor":36.0,"turns":3.0},{"damage":10.0,"enemies":"Maw","floor":38.0,"turns":6.0},{"damage":6.0,"enemies":"4 Shapes","floor":39.0,"turns":3.0},{"damage":6.0,"enemies":"Jaw Worm Horde","floor":45.0,"turns":2.0},{"damage":86,"enemies":"Awakened One","floor":50,"turns":8}],"seed_played":"-270333480986201275","potions_obtained":[{"floor":5.0,"key":"Strength Potion"},{"floor":16.0,"key":"SmokeBomb"},{"floor":18.0,"key":"Swift Potion"},{"floor":24.0,"key":"SpeedPotion"},{"floor":30.0,"key":"FearPotion"},{"floor":36.0,"key":"Poison Potion"},{"floor":38.0,"key":"Strength Potion"}],"is_trial":false,"path_per_floor":["M","?","$","M","M","E","R","M","T","M","$","M","R","$","R","B",null,"M","?","?","M","$","R","M","M","T","?","?","?","E","$","R","B",null,"M","M","?","M","M","R","?","R","T","R","M","$","R","$","R","B"],"character_chosen":"THE_SILENT","items_purchased":["Terror","Accuracy","Flying Knee","Deflect","Strength Potion","Lantern","Accuracy","Backstab","Strawberry"],"campfire_rested":5,"item_purchase_floors":[3,11,11,11,22,31,31,46,46],"current_hp_per_floor":[77,77,77,77,77,51,51,51,51,47,47,42,42,42,65,34,77,60,60,46,29,29,52,52,52,52,52,52,52,31,31,54,21,77,77,61,61,55,49,72,62,62,62,62,56,63,63,63,84,0],"gold":29,"neow_bonus":"TEN_PERCENT_HP_BONUS","is_prod":false,"is_daily":false,"chose_seed":false,"campfire_upgraded":5,"win_rate":0.0,"timestamp":1547240341,"path_taken":["M","?","$","?","M","E","R","M","T","M","$","M","R","?","R","BOSS","M","?","?","M","$","R","M","M","T","?","?","?","E","$","R","BOSS","M","M","?","M","M","R","?","R","T","R","M","?","R","$","R","BOSS"],"build_version":"2019-01-10","purchased_purges":3,"victory":false,"max_hp_per_floor":[77,77,77,77,77,77,77,77,77,77,77,77,77,77,77,77,77,77,77,77,77,77,77,77,77,77,77,77,77,77,77,77,77,77,77,77,77,77,77,77,77,77,77,77,77,84,84,84,84,84],"card_choices":[{"not_picked":["Bane","Slice"],"picked":"Deadly Poison","floor":1.0},{"not_picked":["Eviscerate","Flying Knee"],"picked":"Backstab","floor":4.0},{"not_picked":["Blade Dance","Caltrops"],"picked":"Escape Plan","floor":5.0},{"not_picked":["Acrobatics","Deflect"],"picked":"Storm of Steel","floor":6.0},{"not_picked":["Terror","Noxious Fumes","Heel Hook"],"picked":"SKIP","floor":8.0},{"not_picked":["Dagger Spray","Dagger Throw"],"picked":"Dodge and Roll","floor":10.0},{"not_picked":["Catalyst","Heel Hook"],"picked":"Cloak And Dagger","floor":12.0},{"not_picked":["Envenom","Unload"],"picked":"Bullet Time","floor":16.0},{"not_picked":["Bane","Expertise","Dagger Spray"],"picked":"SKIP","floor":18.0},{"not_picked":["Caltrops","Heel Hook+1"],"picked":"Slice+1","floor":21.0},{"not_picked":["Outmaneuver","Noxious Fumes+1"],"picked":"Corpse Explosion","floor":24.0},{"not_picked":["Underhanded Strike","Backflip"],"picked":"Acrobatics+1","floor":25.0},{"not_picked":["Bane","Prepared"],"picked":"Predator","floor":30.0},{"not_picked":["Corpse Explosion","Venomology"],"picked":"After Image","floor":33.0},{"not_picked":["Deadly Poison","Outmaneuver"],"picked":"Deflect+1","floor":35.0},{"not_picked":["Bouncing Flask+1","Deadly Poison"],"picked":"PiercingWail+1","floor":36.0},{"not_picked":["Dramatic Entrance","Flash of Steel"],"picked":"Bandage Up","floor":37.0},{"not_picked":["Flying Knee","PiercingWail","Backflip"],"picked":"SKIP","floor":38.0},{"not_picked":["Poisoned Stab+1","Bouncing Flask"],"picked":"Blade Dance","floor":39.0},{"not_picked":["Well Laid Plans","Tactician","Dash"],"picked":"SKIP","floor":45.0}],"player_experience":41830,"relics_obtained":[{"floor":6.0,"key":"Sundial"},{"floor":9.0,"key":"Smiling Mask"},{"floor":26.0,"key":"Ninja Scroll"},{"floor":30.0,"key":"Ancient Tea Set"},{"floor":43.0,"key":"Dodecahedron"}],"event_choices":[{"damage_healed":0.0,"max_hp_gain":0.0,"max_hp_loss":0.0,"gold_gain":100.0,"event_name":"Golden Shrine","player_choice":"Pray","floor":2.0,"gold_loss":0.0,"damage_taken":0.0},{"damage_healed":0.0,"max_hp_gain":0.0,"max_hp_loss":0.0,"gold_gain":0.0,"event_name":"Masked Bandits","player_choice":"Fought Bandits","floor":19.0,"gold_loss":0.0,"damage_taken":0.0},{"damage_healed":0.0,"max_hp_gain":0.0,"max_hp_loss":0.0,"gold_gain":0.0,"event_name":"Colosseum","player_choice":"Fight","floor":20.0,"gold_loss":0.0,"damage_taken":0.0},{"damage_healed":0.0,"max_hp_gain":0.0,"max_hp_loss":0.0,"gold_gain":0.0,"event_name":"Colosseum","player_choice":"Fled From Nobs","floor":20.0,"gold_loss":0.0,"damage_taken":0.0},{"damage_healed":0.0,"max_hp_gain":0.0,"max_hp_loss":0.0,"gold_gain":0.0,"event_name":"The Mausoleum","player_choice":"Opened","floor":27.0,"gold_loss":0.0,"damage_taken":0.0,"relics_obtained":["Pen Nib"],"cards_obtained":["Writhe"]},{"damage_healed":0.0,"max_hp_gain":0.0,"max_hp_loss":0.0,"gold_gain":0.0,"event_name":"The Library","player_choice":"Read","floor":28.0,"gold_loss":0.0,"damage_taken":0.0,"cards_obtained":["Infinite Blades"]},{"damage_healed":0.0,"max_hp_gain":0.0,"max_hp_loss":0.0,"gold_gain":99.0,"event_name":"Nest","player_choice":"Stole From Cult","floor":29.0,"gold_loss":0.0,"damage_taken":0.0},{"damage_healed":0.0,"max_hp_gain":0.0,"max_hp_loss":0.0,"gold_gain":0.0,"event_name":"SensoryStone","player_choice":"Memory 1","floor":37.0,"gold_loss":0.0,"damage_taken":0.0},{"damage_healed":0.0,"max_hp_gain":0.0,"max_hp_loss":0.0,"gold_gain":0.0,"event_name":"Winding Halls","player_choice":"Embrace Madness","floor":41.0,"gold_loss":0.0,"damage_taken":10.0,"cards_obtained":["Madness","Madness"]}],"is_beta":false,"boss_relics":[{"not_picked":["Runic Dome","Snecko Eye"],"picked":"WristBlade"},{"not_picked":["Coffee Dripper","Calling Bell"],"picked":"Empty Cage"}],"items_purged_floors":[3,11,22],"is_endless":false,"potions_floor_spawned":[5,16,18,20,24,30,33,36,38],"killed_by":"Awakened One","ascension_level":0}