{"gold_per_floor":[118,118,393,393,5,5,35,35,62,75,94,128,128,128,128,204,204,217,132,151,151,47,47],"floor_reached":23,"playtime":698,"items_purged":["Writhe"],"score":380,"play_id":"9a61eed9-1422-4a89-a01b-0087f0913d41","local_time":"20181028103640","is_ascension_mode":true,"campfire_choices":[{"data":"Glass Knife","floor":6,"key":"SMITH"},{"data":"Wraith Form v2","floor":8,"key":"SMITH"},{"data":"Neutralize","floor":13,"key":"SMITH"},{"data":"Caltrops","floor":15,"key":"SMITH"}],"neow_cost":"TEN_PERCENT_HP_LOSS","seed_source_timestamp":84754080449629,"circlet_count":0,"master_deck":["Defend_G+1","Defend_G+1","Defend_G","Defend_G","Defend_G","Strike_G","Strike_G","Survivor","Neutralize+1","AscendersBane","Glass Knife+1","Quick Slash","Wraith Form v2+1","Noxious Fumes","Caltrops+1","Corpse Explosion","Masterful Stab+1","Cloak And Dagger"],"relics":["Ring of the Snake","ClockworkSouvenir","The Specimen","War Paint","Pantograph","NlothsMask","Empty Cage","Ornamental Fan","Kunai"],"potions_floor_usage":[23],"damage_taken":[{"damage":0,"enemies":"2 Louse","floor":1,"turns":2},{"damage":30,"enemies":"Lagavulin","floor":7,"turns":10},{"damage":0,"enemies":"Small Slimes","floor":10,"turns":2},{"damage":0,"enemies":"Cultist","floor":11,"turns":2},{"damage":3,"enemies":"Gremlin Nob","floor":12,"turns":5},{"damage":9,"enemies":"The Guardian","floor":16,"turns":11},{"damage":10,"enemies":"Spheric Guardian","floor":18,"turns":5},{"damage":1,"enemies":"Chosen","floor":20,"turns":4},{"damage":44,"enemies":"Book of Stabbing","floor":23,"turns":5}],"seed_played":"3177164599993250088","potions_obtained":[{"floor":7,"key":"EssenceOfSteel"},{"floor":12,"key":"Energy Potion"}],"is_trial":false,"path_per_floor":["M","?","?","?","$","R","E","R","T","M","M","E","R","?","R","B",null,"M","?","M","?","$"],"character_chosen":"THE_SILENT","items_purchased":["Wraith Form v2","ClockworkSouvenir","Cloak And Dagger"],"campfire_rested":0,"item_purchase_floors":[5,5,22],"current_hp_per_floor":[59,52,52,52,52,52,22,22,22,22,22,19,19,19,19,35,54,44,44,43,43,43,0],"gold":47,"neow_bonus":"THREE_RARE_CARDS","is_prod":false,"is_daily":false,"chose_seed":false,"campfire_upgraded":4,"win_rate":0,"timestamp":1540737400,"path_taken":["M","?","?","?","$","R","E","R","T","?","M","E","R","?","R","BOSS","M","?","M","?","$","E"],"build_version":"2018-10-25v2","purchased_purges":1,"victory":false,"max_hp_per_floor":[60,60,60,60,60,60,60,60,60,60,60,60,60,60,60,60,60,60,60,60,60,60,60],"card_choices":[{"not_picked":["Storm of Steel","Grand Finale"],"picked":"Glass Knife","floor":0},{"not_picked":["PiercingWail","Heel Hook"],"picked":"Quick Slash","floor":1},{"not_picked":["Distraction","Underhanded Strike","Dagger Throw"],"picked":"SKIP","floor":7},{"not_picked":["Prepared","Acrobatics"],"picked":"Noxious Fumes","floor":10},{"not_picked":["Quick Slash","Underhanded Strike","Expertise"],"picked":"SKIP","floor":11},{"not_picked":["Slice","Wraith Form v2"],"picked":"Caltrops","floor":12},{"not_picked":["Night Terror","Wraith Form v2"],"picked":"Corpse Explosion","floor":16},{"not_picked":["Dagger Throw","Quick Slash"],"picked":"Masterful Stab+1","floor":18},{"not_picked":["Dagger Throw","Outmaneuver","Acrobatics"],"picked":"SKIP","floor":20}],"player_experience":606419,"relics_obtained":[{"floor":7,"key":"The Specimen"},{"floor":9,"key":"War Paint"},{"floor":12,"key":"Pantograph"}],"event_choices":[{"cards_removed":["Strike_G"],"damage_healed":0,"gold_gain":0,"player_choice":"Card Removal","damage_taken":7,"max_hp_gain":0,"max_hp_loss":0,"event_name":"Golden Wing","floor":2,"gold_loss":0},{"damage_healed":0,"gold_gain":275,"player_choice":"Desecrate","damage_taken":0,"max_hp_gain":0,"max_hp_loss":0,"event_name":"Golden Shrine","floor":3,"gold_loss":0,"cards_obtained":["Regret"]},{"cards_removed":["Regret"],"damage_healed":0,"gold_gain":0,"player_choice":"Purged","damage_taken":0,"max_hp_gain":0,"max_hp_loss":0,"event_name":"Purifier","floor":4,"gold_loss":0},{"damage_healed":0,"gold_gain":0,"player_choice":"Trade","damage_taken":0,"relics_obtained":["NlothsMask"],"max_hp_gain":0,"max_hp_loss":0,"event_name":"FaceTrader","floor":14,"gold_loss":0},{"damage_healed":0,"gold_gain":0,"player_choice":"Obtained Relic","damage_taken":0,"relics_obtained":["Ornamental Fan"],"max_hp_gain":0,"max_hp_loss":0,"event_name":"Addict","floor":19,"gold_loss":85},{"damage_healed":0,"gold_gain":0,"player_choice":"Opened","damage_taken":0,"relics_obtained":["Kunai"],"max_hp_gain":0,"max_hp_loss":0,"event_name":"The Mausoleum","floor":21,"gold_loss":0,"cards_obtained":["Writhe"]}],"is_beta":false,"boss_relics":[{"not_picked":["Calling Bell","Eternal Feather"],"picked":"Empty Cage"}],"items_purged_floors":[22],"is_endless":false,"potions_floor_spawned":[7,12,16,18],"killed_by":"Book of Stabbing","ascension_level":19}