{"gold_per_floor":[18,37,50,50,50,82,82,109,164,179,198,198,210,244,244,244],"floor_reached":16,"playtime":668,"items_purged":[],"score":269,"play_id":"5bea1353-7706-456f-92cc-b04128720337","local_time":"20190211095943","is_ascension_mode":true,"campfire_choices":[{"floor":7.0,"key":"REST"},{"floor":12,"key":"REST"},{"data":"Combust","floor":15,"key":"SMITH"}],"neow_cost":"NO_GOLD","seed_source_timestamp":0,"circlet_count":0,"master_deck":["AscendersBane","Strike_R","Strike_R","Strike_R","Strike_R","Strike_R","Defend_R","Defend_R","Defend_R+1","Defend_R","Bash","Headbutt","Perfected Strike","Anger+1","Metallicize","Burning Pact","Combust+1","True Grit","Whirlwind"],"special_seed":0,"relics":["Burning Blood","Ornamental Fan","Ancient Tea Set","Anchor","Happy Flower","Mango"],"potions_floor_usage":[16,16],"damage_taken":[{"damage":10.0,"enemies":"Small Slimes","floor":1.0,"turns":4.0},{"damage":7.0,"enemies":"Jaw Worm","floor":2.0,"turns":4.0},{"damage":6.0,"enemies":"Cultist","floor":3.0,"turns":3.0},{"damage":23.0,"enemies":"Lagavulin","floor":6.0,"turns":7.0},{"damage":21,"enemies":"3 Sentries","floor":8,"turns":9},{"damage":1,"enemies":"3 Louse","floor":10,"turns":3},{"damage":0,"enemies":"2 Fungi Beasts","floor":11,"turns":2},{"damage":0,"enemies":"Looter","floor":13,"turns":2},{"damage":27,"enemies":"Lagavulin","floor":14,"turns":7},{"damage":55,"enemies":"The Guardian","floor":16,"turns":13}],"seed_played":"3257056937259586976","potions_obtained":[{"floor":8,"key":"Ancient Potion"},{"floor":11,"key":"PowerPotion"},{"floor":14,"key":"Weak Potion"}],"is_trial":false,"path_per_floor":["M","M","M","?","?","E","R","E","T","M","M","R","M","E","R","B"],"character_chosen":"IRONCLAD","items_purchased":[],"campfire_rested":2,"item_purchase_floors":[],"current_hp_per_floor":[78,77,77,50,24,7,33,18,18,23,29,55,61,54,54,0],"gold":244,"neow_bonus":"TWENTY_PERCENT_HP_BONUS","is_prod":false,"is_daily":false,"chose_seed":false,"campfire_upgraded":1,"win_rate":0,"timestamp":1549897183,"path_taken":["M","M","M","?","?","E","R","E","T","?","M","R","M","E","R","BOSS"],"build_version":"2019-01-23","purchased_purges":0,"victory":false,"max_hp_per_floor":[89,89,89,89,89,89,89,89,89,89,89,89,89,103,103,103],"card_choices":[{"not_picked":["Clash","Bloodletting"],"picked":"Headbutt","floor":1.0},{"not_picked":["Rage","Pommel Strike"],"picked":"Perfected Strike","floor":2.0},{"not_picked":["True Grit","Thunderclap"],"picked":"Anger","floor":3.0},{"not_picked":["Brutality","Clothesline"],"picked":"Metallicize","floor":6.0},{"not_picked":["Cleave","Rage","Headbutt"],"picked":"SKIP","floor":8},{"not_picked":["Dropkick","Headbutt"],"picked":"Burning Pact","floor":10},{"not_picked":["Spot Weakness","Headbutt"],"picked":"Combust","floor":11},{"not_picked":["Thunderclap","Perfected Strike"],"picked":"True Grit","floor":13},{"not_picked":["Barricade","Cleave"],"picked":"Whirlwind","floor":14}],"player_experience":820564,"relics_obtained":[{"floor":6.0,"key":"Ancient Tea Set"},{"floor":8,"key":"Anchor"},{"floor":9,"key":"Happy Flower"},{"floor":14,"key":"Mango"}],"event_choices":[{"damage_healed":0.0,"max_hp_gain":0.0,"max_hp_loss":0.0,"gold_gain":0.0,"event_name":"Shining Light","player_choice":"Entered Light","floor":4.0,"gold_loss":0.0,"damage_taken":27.0,"cards_upgraded":["Anger","Defend_R"]},{"damage_healed":0.0,"max_hp_gain":0.0,"max_hp_loss":0.0,"gold_gain":0.0,"event_name":"Scrap Ooze","player_choice":"Success","floor":5.0,"gold_loss":0.0,"damage_taken":26.0,"relics_obtained":["Ornamental Fan"]}],"is_beta":false,"boss_relics":[],"items_purged_floors":[],"is_endless":false,"potions_floor_spawned":[8,11,14],"killed_by":"The Guardian","ascension_level":20}