{"path_per_floor":["M","M","?","$","M","E","M","R","T","$","R","M","R","M","R","B",null,"M","?","?","M","?","R","E","M","T","R","$","?","M","M","R","B",null,"M","M","?"],"character_chosen":"THE_SILENT","items_purchased":["Noxious Fumes","Apotheosis","Bandage Up","Caltrops"],"gold_per_floor":[115,131,206,136,155,185,200,200,200,23,23,43,43,53,53,150,150,168,168,168,178,178,178,204,216,216,216,89,89,99,116,116,217,217,237,253,253],"floor_reached":38,"campfire_rested":5,"playtime":3030,"current_hp_per_floor":[59,59,48,48,48,4,4,22,22,22,40,40,40,40,58,46,63,55,46,46,44,44,44,22,14,14,28,28,28,28,40,47,14,47,44,38,38],"items_purged":[],"gold":253,"play_id":"9bb7abd4-fdbb-44bf-8c91-58919c9dee12","is_prod":false,"is_daily":false,"is_ascension_mode":false,"campfire_upgraded":2,"path_taken":["M","?","?","?","M","E","M","R","T","$","R","M","R","M","R","BOSS","M","?","?","M","?","R","E","M","T","R","$","?","M","?","R","BOSS","M","M","?","M"],"build_version":"2018-01-25-PROD3","purchased_purges":0,"victory":false,"master_deck":["Defend_G","Defend_G","Defend_G","Defend_G","Defend_G","Survivor","Neutralize","Die Die Die","Backflip","Dodge and Roll","Noxious Fumes","Well Laid Plans+1","PiercingWail","Prepared","Apotheosis+1","Blade Dance","Glass Knife","Flying Knee","Bite_G","Bite_G","Bite_G","Bite_G","Bite_G","Blade Dance","Unload","Distraction","Backflip","Bandage Up","Caltrops","PiercingWail","After Image","A Thousand Cuts","Noxious Fumes","Distraction+1"],"max_hp_per_floor":[63,63,63,63,63,63,63,63,63,63,63,63,63,63,63,63,63,63,68,47,47,47,47,47,47,47,47,47,47,47,47,47,47,47,47,47,47],"relics":["Ring of the Snake","Ninja Scroll","Calipers","Lizard Tail","Lantern","Tingsha","Black Star"],"card_choices":[{"not_picked":["Phantasmal Killer","Bullet Time"],"picked":"Die Die Die"},{"not_picked":["Deadly Poison","Endless Agony"],"picked":"Backflip"},{"not_picked":["Deadly Poison","Bane"],"picked":"Dodge and Roll"},{"not_picked":["Dodge and Roll","Crippling Poison"],"picked":"Well Laid Plans"},{"not_picked":["Backflip","Quick Slash"],"picked":"PiercingWail"},{"not_picked":["Wraith Form","Flying Knee"],"picked":"Prepared"},{"not_picked":["Dash","Flying Knee"],"picked":"Quick Slash"},{"not_picked":["Calculated Gamble","Underhanded Strike"],"picked":"Blade Dance"},{"not_picked":["After Image","Venomology"],"picked":"Glass Knife"},{"not_picked":["Dodge and Roll","Dagger Spray"],"picked":"Flying Knee"},{"not_picked":["Acrobatics","Deadly Poison"],"picked":"Blade Dance"},{"not_picked":["Underhanded Strike","Deadly Poison"],"picked":"Distraction"},{"not_picked":["Calculated Gamble","Crippling Poison"],"picked":"Backflip"},{"not_picked":["Backflip","Prepared"],"picked":"PiercingWail"},{"not_picked":["Quick Slash","Dodge and Roll"],"picked":"After Image"},{"not_picked":["Phantasmal Killer","Night Terror"],"picked":"A Thousand Cuts"},{"not_picked":["Leg Sweep","Deflect"],"picked":"Noxious Fumes"},{"not_picked":["Reflex","Masterful Stab"],"picked":"Distraction"}],"player_experience":130287,"potions_floor_usage":[16,16],"damage_taken":[{"damage":4,"enemies":"Blue Slaver","floor":1,"turns":7},{"damage":0,"enemies":"2 Louse","floor":2,"turns":2},{"damage":0,"enemies":"Jaw Worm","floor":5,"turns":5},{"damage":44,"enemies":"Gremlin Nob","floor":6,"turns":6},{"damage":0,"enemies":"Red Slaver","floor":7,"turns":4},{"damage":0,"enemies":"Exordium Wildlife","floor":12,"turns":1},{"damage":0,"enemies":"3 Louse","floor":14,"turns":2},{"damage":12,"enemies":"Slime Boss","floor":16,"turns":7},{"damage":8,"enemies":"Chosen","floor":18,"turns":6},{"damage":8,"enemies":"3 Byrds","floor":21,"turns":3},{"damage":60,"enemies":"Slavers","floor":24,"turns":6},{"damage":16,"enemies":"Snecko","floor":25,"turns":5},{"damage":18,"enemies":"Slaver and Parasite","floor":30,"turns":8},{"damage":0,"enemies":"Snake Plant","floor":31,"turns":3},{"damage":57,"enemies":"Collector","floor":33,"turns":12},{"damage":3,"enemies":"3 Shapes","floor":35,"turns":5},{"damage":9,"enemies":"Orb Walker","floor":36,"turns":2}],"event_choices":[{"event_name":"World of Goop","player_choice":"Gather Gold","floor":3,"damage_taken":0},{"event_name":"Forgotten Altar","player_choice":"Shed Blood","floor":19,"damage_taken":0},{"event_name":"Vampires","player_choice":"Became a vampire","floor":20,"damage_taken":0},{"event_name":"Match and Keep!","player_choice":"1 cards matched","floor":22,"damage_taken":0},{"event_name":"Drug Dealer","player_choice":"Ignored","floor":29,"damage_taken":0}],"boss_relics":[{"not_picked":["Philosopher\u0027s Stone","Ectoplasm"],"picked":"Lizard Tail"},{"not_picked":["Velvet Choker","Sozu"],"picked":"Black Star"}],"potions_floor_spawned":[6,12,14,16,18,24,25,35],"seed_played":"7589170837607038996","killed_by":"4 Shapes","ascension_level":0,"is_trial":false}