{"gold_per_floor":[109,109,124,124,140,174,174,188,188,188,214,214,226,237,237,335,335,354,370,370,388,399,399],"floor_reached":23,"playtime":1357,"items_purged":[],"score":263,"play_id":"5f1f7b41-096f-4af1-97b1-c9db929a4dd0","local_time":"20181205161250","is_ascension_mode":true,"campfire_choices":[{"data":"Zap","floor":7,"key":"SMITH"},{"data":"Dualcast","floor":10,"key":"SMITH"},{"floor":15,"key":"REST"}],"neow_cost":"NONE","seed_source_timestamp":601071970821635,"circlet_count":0,"master_deck":["Strike_B+1","Strike_B","Strike_B+1","Strike_B","Defend_B","Defend_B","Defend_B","Defend_B","Zap+1","Dualcast+1","Ball Lightning","BootSequence","Cold Snap","Redo+1","Auto Shields","Defragment","Go for the Eyes","Seek","Go for the Eyes","BootSequence+1","Seek","Stack+1","Defragment"],"relics":["Cracked Core","Dream Catcher","Orichalcum","Mummified Hand","Omamori","Cursed Key"],"potions_floor_usage":[13,18,23],"damage_taken":[{"damage":4,"enemies":"Jaw Worm","floor":1,"turns":4},{"damage":0,"enemies":"2 Louse","floor":3,"turns":2},{"damage":0,"enemies":"Small Slimes","floor":5,"turns":2},{"damage":17,"enemies":"3 Sentries","floor":6,"turns":7},{"damage":3,"enemies":"Blue Slaver","floor":8,"turns":2},{"damage":3,"enemies":"Lots of Slimes","floor":13,"turns":4},{"damage":0,"enemies":"Large Slime","floor":14,"turns":4},{"damage":26,"enemies":"Hexaghost","floor":16,"turns":10},{"damage":0,"enemies":"Chosen","floor":18,"turns":4},{"damage":8,"enemies":"3 Byrds","floor":19,"turns":5},{"damage":17,"enemies":"Centurion and Healer","floor":21,"turns":10},{"damage":16,"enemies":"Cultist and Chosen","floor":22,"turns":8},{"damage":35,"enemies":"Gremlin Leader","floor":23,"turns":6}],"seed_played":"-2742645572474401294","potions_obtained":[{"floor":3,"key":"Weak Potion"},{"floor":8,"key":"AttackPotion"},{"floor":16,"key":"AttackPotion"},{"floor":19,"key":"Block Potion"}],"is_trial":false,"path_per_floor":["M","?","M","$","M","E","R","M","T","R","T","?","M","M","R","B",null,"M","M","?","M","M","E"],"character_chosen":"DEFECT","items_purchased":[],"campfire_rested":1,"item_purchase_floors":[],"current_hp_per_floor":[64,49,49,49,49,32,32,29,29,29,29,29,26,26,48,22,62,62,54,54,37,21,0],"gold":399,"neow_bonus":"RANDOM_COMMON_RELIC","is_prod":false,"is_daily":false,"chose_seed":false,"campfire_upgraded":2,"win_rate":0,"timestamp":1544001170,"path_taken":["M","?","M","$","M","E","R","M","T","R","?","?","?","M","R","BOSS","M","M","?","M","?","E"],"build_version":"2018-11-15","purchased_purges":0,"victory":false,"max_hp_per_floor":[75,75,75,75,75,75,75,75,75,75,75,75,75,75,75,75,75,75,75,75,75,75,75],"card_choices":[{"not_picked":["Beam Cell","Consume"],"picked":"Ball Lightning","floor":1},{"not_picked":["Aggregate","Hologram"],"picked":"BootSequence","floor":3},{"not_picked":["Coolheaded","Sweeping Beam"],"picked":"Cold Snap","floor":5},{"not_picked":["Barrage","Turbo"],"picked":"Redo","floor":6},{"not_picked":["Stack","Ball Lightning"],"picked":"Auto Shields","floor":8},{"not_picked":["Heatsinks","Rainbow","Gash"],"picked":"SKIP","floor":13},{"not_picked":["Self Repair","Coolheaded"],"picked":"Defragment","floor":14},{"not_picked":["Gash","Hologram"],"picked":"Go for the Eyes","floor":15},{"not_picked":["Amplify","Reboot"],"picked":"Seek","floor":16},{"not_picked":["Cold Snap","Reprogram"],"picked":"Go for the Eyes","floor":18},{"not_picked":["Conserve Battery","Barrage+1"],"picked":"BootSequence+1","floor":19},{"not_picked":["Redo+1","Go for the Eyes+1"],"picked":"Stack+1","floor":21},{"not_picked":["Double Energy","Go for the Eyes"],"picked":"Defragment","floor":22}],"player_experience":174560,"relics_obtained":[{"floor":6,"key":"Orichalcum"},{"floor":9,"key":"Mummified Hand"},{"floor":11,"key":"Omamori"}],"event_choices":[{"damage_healed":0,"gold_gain":0,"player_choice":"Entered Light","damage_taken":15,"max_hp_gain":0,"max_hp_loss":0,"event_name":"Shining Light","floor":2,"gold_loss":0,"cards_upgraded":["Strike_B","Strike_B"]},{"damage_healed":0,"gold_gain":0,"player_choice":"Grow","damage_taken":0,"max_hp_gain":0,"max_hp_loss":0,"event_name":"Living Wall","floor":12,"gold_loss":0,"cards_upgraded":["Redo"]},{"damage_healed":0,"gold_gain":0,"player_choice":"Copied","damage_taken":0,"max_hp_gain":0,"max_hp_loss":0,"event_name":"Duplicator","floor":20,"gold_loss":0,"cards_obtained":["Seek"]}],"is_beta":false,"boss_relics":[{"not_picked":["Runic Pyramid","Sozu"],"picked":"Cursed Key"}],"items_purged_floors":[],"is_endless":false,"potions_floor_spawned":[3,8,16,19],"killed_by":"Gremlin Leader","ascension_level":7}