{"gold_per_floor":[118,138,149,149,169,169,202,202,202,202,220,238,49,60,60,60],"floor_reached":16,"playtime":652,"items_purged":[],"score":104,"play_id":"2d80355a-3892-47bc-8de0-afa2958200a5","local_time":"20190204113613","is_ascension_mode":false,"campfire_choices":[{"floor":6,"key":"RECALL"},{"floor":15,"key":"REST"}],"neow_cost":"NONE","seed_source_timestamp":544938597691300,"circlet_count":0,"master_deck":["Strike_B","Strike_B","Strike_B","Strike_B","Defend_B+1","Defend_B","Defend_B","Defend_B+1","Zap","Dualcast+1","Forethought","Ball Lightning+1","Parasite","Apotheosis"],"relics":["Cracked Core","War Paint"],"potions_floor_usage":[11,16,16],"damage_taken":[{"damage":0,"enemies":"Small Slimes","floor":1,"turns":4},{"damage":1,"enemies":"Cultist","floor":2,"turns":3},{"damage":1,"enemies":"Jaw Worm","floor":3,"turns":4},{"damage":2,"enemies":"Blue Slaver","floor":5,"turns":3},{"damage":36,"enemies":"3 Sentries","floor":7,"turns":7},{"damage":8,"enemies":"Exordium Thugs","floor":11,"turns":4},{"damage":18,"enemies":"Lots of Slimes","floor":12,"turns":4},{"damage":8,"enemies":"3 Louse","floor":14,"turns":3},{"damage":40,"enemies":"Hexaghost","floor":16,"turns":8}],"seed_played":"8522084953051070435","potions_obtained":[{"floor":3,"key":"GamblersBrew"},{"floor":4,"key":"EssenceOfSteel"},{"floor":4,"key":"Energy Potion"},{"floor":11,"key":"Fruit Juice"},{"floor":14,"key":"Strength Potion"}],"is_trial":false,"path_per_floor":["M","M","M","?","M","R","E","?","T","?","M","M","$","M","R","B"],"character_chosen":"DEFECT","items_purchased":["Apotheosis"],"campfire_rested":1,"item_purchase_floors":[13],"current_hp_per_floor":[75,74,73,73,71,71,35,53,53,38,35,17,17,9,33,0],"gold":60,"neow_bonus":"RANDOM_COLORLESS","is_prod":false,"is_daily":false,"chose_seed":false,"campfire_upgraded":0,"win_rate":0,"timestamp":1549276573,"path_taken":["M","M","M","?","?","R","E","?","T","?","?","M","?","M","R","BOSS"],"build_version":"2019-01-23","purchased_purges":0,"victory":false,"max_hp_per_floor":[75,75,75,75,75,75,75,75,75,75,80,80,80,80,80,80],"card_choices":[{"not_picked":["Streamline","Sweeping Beam"],"picked":"Ball Lightning","floor":1},{"not_picked":["Streamline","Cold Snap","Gash"],"picked":"SKIP","floor":2},{"not_picked":["Redo","Melter","Barrage"],"picked":"SKIP","floor":3},{"not_picked":["Hello World","Fission","Coolheaded"],"picked":"SKIP","floor":5},{"not_picked":["Buffer","White Noise","Redo"],"picked":"SKIP","floor":7},{"not_picked":["Sweeping Beam","Leap","Hologram"],"picked":"SKIP","floor":11},{"not_picked":["Chill","Sweeping Beam","Rebound"],"picked":"SKIP","floor":12},{"not_picked":["Streamline","Rebound","Stack"],"picked":"SKIP","floor":14}],"player_experience":172550,"relics_obtained":[{"floor":7,"key":"War Paint"}],"event_choices":[{"damage_healed":0,"gold_gain":0,"player_choice":"Got Potions","damage_taken":0,"max_hp_gain":0,"max_hp_loss":0,"event_name":"Lab","floor":4,"gold_loss":0},{"damage_healed":18,"gold_gain":0,"player_choice":"Healed and dodged fight","damage_taken":0,"max_hp_gain":0,"max_hp_loss":0,"event_name":"Mushrooms","floor":8,"gold_loss":0,"cards_obtained":["Parasite"]},{"damage_healed":0,"gold_gain":0,"player_choice":"Entered Light","damage_taken":15,"max_hp_gain":0,"max_hp_loss":0,"event_name":"Shining Light","floor":10,"gold_loss":0,"cards_upgraded":["Ball Lightning","Dualcast"]}],"is_beta":true,"boss_relics":[],"items_purged_floors":[],"is_endless":false,"potions_floor_spawned":[3,11,14],"killed_by":"Hexaghost","ascension_level":0}