{"gold_per_floor":[115,115,44,64,81,113,113,130,130,130,130,130,165,182,182,278,278,291,291,291,304,321,321,30,30],"floor_reached":25,"playtime":1196,"items_purged":["Strike_G"],"score":338,"play_id":"f7622b61-548c-4420-bcb0-a8f79e96ca3f","local_time":"20180924152402","is_ascension_mode":true,"campfire_choices":[{"data":"Infinite Blades","floor":7,"key":"SMITH"},{"floor":10,"key":"REST"},{"data":"Distraction","floor":12,"key":"SMITH"},{"data":"Deadly Poison","floor":15,"key":"SMITH"},{"floor":23,"key":"REST"}],"neow_cost":"NONE","seed_source_timestamp":75881454083275,"circlet_count":0,"master_deck":["Defend_G","Defend_G","Defend_G","Defend_G","Defend_G","Strike_G","Strike_G","Strike_G","Survivor","Neutralize","AscendersBane","Distraction+1","Dodge and Roll","Well Laid Plans","Backflip","Infinite Blades+1","Dodge and Roll","Poisoned Stab+1","Crippling Poison","Deadly Poison+1","Malaise","Cloak And Dagger+1","Blade Dance","Cloak And Dagger+1","Catalyst"],"relics":["Ring of the Snake","CultistMask","Bag of Marbles","Ornamental Fan","Peace Pipe","Runic Dome","Potion Belt","Nilry\u0027s Codex","Blood Vial"],"potions_floor_usage":[4,6,6,6,6],"damage_taken":[{"damage":0,"enemies":"Small Slimes","floor":1,"turns":5},{"damage":7,"enemies":"Cultist","floor":4,"turns":6},{"damage":0,"enemies":"2 Louse","floor":5,"turns":4},{"damage":22,"enemies":"Gremlin Nob","floor":6,"turns":5},{"damage":20,"enemies":"Exordium Thugs","floor":8,"turns":9},{"damage":19,"enemies":"Lagavulin","floor":13,"turns":5},{"damage":6,"enemies":"Exordium Wildlife","floor":14,"turns":5},{"damage":14,"enemies":"The Guardian","floor":16,"turns":9},{"damage":7,"enemies":"Chosen","floor":18,"turns":6},{"damage":8,"enemies":"Shell Parasite","floor":21,"turns":5},{"damage":3,"enemies":"Snake Plant","floor":22,"turns":3},{"damage":44,"enemies":"Gremlin Leader","floor":25,"turns":6}],"seed_played":"-3812628164591258684","potions_obtained":[{"floor":1,"key":"Regen Potion"},{"floor":4,"key":"Regen Potion"},{"floor":5,"key":"EntropicBrew"},{"floor":14,"key":"Weak Potion"},{"floor":22,"key":"Swift Potion"}],"is_trial":false,"path_per_floor":["M","?","$","M","M","E","R","M","T","R","?","R","E","M","R","B",null,"M","?","?","M","M","R","$"],"character_chosen":"THE_SILENT","items_purchased":["Well Laid Plans","Blood Vial","Catalyst"],"campfire_rested":2,"item_purchase_floors":[3,24,24],"current_hp_per_floor":[63,63,63,66,66,44,44,24,24,45,45,45,26,20,20,6,54,47,47,31,23,20,41,41,0],"gold":30,"neow_bonus":"TRANSFORM_CARD","is_prod":false,"is_daily":false,"chose_seed":false,"campfire_upgraded":3,"win_rate":0,"timestamp":1537817042,"path_taken":["M","?","?","M","?","E","R","?","T","R","?","R","E","M","R","BOSS","M","?","?","M","M","R","$","E"],"build_version":"2018-09-20","purchased_purges":1,"victory":false,"max_hp_per_floor":[70,70,70,70,70,70,70,70,70,70,70,70,70,70,70,70,70,70,70,70,70,70,70,70,70],"card_choices":[{"not_picked":["Eviscerate","Underhanded Strike"],"picked":"Dodge and Roll","floor":1},{"not_picked":["Eviscerate","Leg Sweep"],"picked":"Backflip","floor":4},{"not_picked":["Leg Sweep","PiercingWail"],"picked":"Infinite Blades","floor":5},{"not_picked":["Bane","Expertise"],"picked":"Dodge and Roll","floor":6},{"not_picked":["Flying Knee","Riddle With Holes"],"picked":"Poisoned Stab","floor":8},{"not_picked":["Dodge and Roll","Well Laid Plans"],"picked":"Crippling Poison","floor":13},{"not_picked":["Deflect","PiercingWail"],"picked":"Deadly Poison","floor":14},{"not_picked":["A Thousand Cuts","Burst"],"picked":"Malaise","floor":16},{"not_picked":["Escape Plan","Sucker Punch"],"picked":"Cloak And Dagger+1","floor":18},{"not_picked":["Poisoned Stab","Quick Slash"],"picked":"Blade Dance","floor":21},{"not_picked":["Bane","Caltrops+1"],"picked":"Cloak And Dagger+1","floor":22}],"player_experience":499856,"relics_obtained":[{"floor":6,"key":"Bag of Marbles"},{"floor":9,"key":"Ornamental Fan"},{"floor":13,"key":"Peace Pipe"},{"floor":20,"key":"Nilry\u0027s Codex"}],"event_choices":[{"event_name":"FaceTrader","player_choice":"Trade","floor":2,"damage_taken":0},{"event_name":"Living Wall","player_choice":"Grow","floor":11,"damage_taken":0},{"event_name":"The Mausoleum","player_choice":"Yes","floor":19,"damage_taken":0},{"event_name":"Cursed Tome","player_choice":"Obtained Book","floor":20,"damage_taken":0}],"is_beta":false,"boss_relics":[{"not_picked":["White Beast Statue","Ring of the Serpent"],"picked":"Runic Dome"}],"items_purged_floors":[24],"is_endless":false,"potions_floor_spawned":[1,4,5,14,22],"killed_by":"Gremlin Leader","ascension_level":12}