{"gold_per_floor":[111,111,130,143,157,182,182,195,195,195,209,209],"floor_reached":12,"playtime":420,"items_purged":[],"score":156,"play_id":"f8cf664c-934d-4da7-b3f7-e04abc03f820","local_time":"20181013171306","is_ascension_mode":true,"campfire_choices":[{"floor":7,"key":"REST"},{"data":"Self Repair","floor":10,"key":"SMITH"}],"neow_cost":"NONE","seed_source_timestamp":493626422630731,"circlet_count":0,"master_deck":["Strike_B","Strike_B","Strike_B","Strike_B","Defend_B","Defend_B","Defend_B","Defend_B","Zap","Dualcast","AscendersBane","Compile Driver","Compile Driver","Self Repair+1","Sweeping Beam","Loop+1","Go for the Eyes","Ball Lightning"],"relics":["Cracked Core","NlothsMask","Frozen Egg 2"],"potions_floor_usage":[6,6,6,12,12],"damage_taken":[{"damage":12,"enemies":"Jaw Worm","floor":1,"turns":3},{"damage":0,"enemies":"Cultist","floor":3,"turns":3},{"damage":3,"enemies":"2 Louse","floor":4,"turns":2},{"damage":29,"enemies":"Lots of Slimes","floor":5,"turns":6},{"damage":20,"enemies":"3 Sentries","floor":6,"turns":5},{"damage":6,"enemies":"2 Fungi Beasts","floor":8,"turns":4},{"damage":32,"enemies":"Exordium Thugs","floor":11,"turns":5},{"damage":21,"enemies":"Gremlin Nob","floor":12,"turns":3}],"seed_played":"1730353632644838428","potions_obtained":[{"floor":0,"key":"EntropicBrew"},{"floor":0,"key":"FocusPotion"},{"floor":11,"key":"Block Potion"}],"is_trial":false,"path_per_floor":["M","?","M","M","M","E","R","M","T","R","M"],"character_chosen":"DEFECT","items_purchased":[],"campfire_rested":1,"item_purchase_floors":[],"current_hp_per_floor":[52,52,52,49,27,14,35,36,36,36,14,0],"gold":209,"neow_bonus":"THREE_SMALL_POTIONS","is_prod":false,"is_daily":false,"chose_seed":false,"campfire_upgraded":1,"win_rate":0,"timestamp":1539465186,"path_taken":["M","?","M","M","?","E","R","M","T","R","M","E"],"build_version":"2018-10-11","purchased_purges":0,"victory":false,"max_hp_per_floor":[71,71,71,71,71,71,71,71,71,71,71,71],"card_choices":[{"not_picked":["Go for the Eyes","Hologram"],"picked":"Compile Driver","floor":1},{"not_picked":["Recycle","Coolheaded"],"picked":"Compile Driver","floor":3},{"not_picked":["Defragment","Streamline"],"picked":"Self Repair","floor":4},{"not_picked":["Turbo","Heatsinks"],"picked":"Sweeping Beam","floor":5},{"not_picked":["Reboot","Coolheaded"],"picked":"Loop","floor":6},{"not_picked":["Beam Cell","Leap"],"picked":"Go for the Eyes","floor":8},{"not_picked":["Chill","Recycle"],"picked":"Ball Lightning","floor":11}],"player_experience":558025,"relics_obtained":[{"floor":6,"key":"Frozen Egg 2"}],"event_choices":[{"event_name":"FaceTrader","player_choice":"Trade","floor":2,"damage_taken":0}],"is_beta":false,"boss_relics":[],"items_purged_floors":[],"is_endless":false,"potions_floor_spawned":[1,3,11],"killed_by":"Gremlin Nob","ascension_level":18}