{"path_per_floor":["M","M","M","?","?","R","E","M","T","M","R","M","R","?","R","B",null,"M","?","M","M","$","R","M","R","T","M","E","?","?","M","R","B",null,"M","?","?","M","?","R","?","?","T","E","?","R","M","$","R","B"],"character_chosen":"DEFECT","items_purchased":["Whetstone","Scrape","Defragment","FairyPotion","Strength Potion","Art of War"],"gold_per_floor":[117,133,143,143,143,143,171,187,236,252,252,262,262,262,262,359,359,379,294,306,323,65,65,76,76,124,139,173,173,98,118,118,213,213,229,229,229,243,243,243,243,343,370,398,398,398,411,34,34,34],"floor_reached":51,"campfire_rested":4,"playtime":2956,"item_purchase_floors":[22,22,48,48,48,48],"current_hp_per_floor":[74,71,61,61,46,68,51,45,45,47,47,43,65,65,65,67,75,58,58,53,55,55,55,43,65,65,56,53,53,53,46,68,25,75,75,75,75,66,66,66,61,61,61,40,80,80,80,80,80,10],"items_purged":["Strike_B"],"gold":34,"score":1099,"play_id":"bca253b6-d9c2-4109-bf46-c52f5ba69f2c","local_time":"20180611185829","is_prod":false,"is_daily":false,"chose_seed":false,"is_ascension_mode":true,"campfire_upgraded":6,"win_rate":0,"timestamp":1528761509,"campfire_choices":[{"floor":6,"key":"REST"},{"data":"Zap","floor":11,"key":"SMITH"},{"floor":13,"key":"REST"},{"data":"Doom and Gloom","floor":15,"key":"SMITH"},{"data":"Scrape","floor":23,"key":"SMITH"},{"floor":25,"key":"REST"},{"floor":32,"key":"REST"},{"data":"Rainbow","floor":40,"key":"SMITH"},{"data":"Coolheaded","floor":46,"key":"SMITH"},{"data":"Defragment","floor":49,"key":"SMITH"}],"path_taken":["M","M","?","?","?","R","E","M","T","M","R","?","R","?","R","BOSS","M","?","M","M","$","R","M","R","T","M","E","?","?","M","R","BOSS","M","?","?","M","?","R","?","?","T","E","?","R","M","$","R","BOSS"],"build_version":"2018-06-07v3","seed_source_timestamp":2213658298624984,"purchased_purges":1,"victory":true,"master_deck":["Strike_B+1","Defend_B","Defend_B+1","Defend_B+1","Zap+1","Dualcast","Doom and Gloom","Streamline+1","Coolheaded+1","Doom and Gloom+1","Conserve Battery","Go for the Eyes+1","Fission","Rainbow+1","Compile Driver+1","Scrape+1","Echo Form","Static Discharge","All For One","White Noise+1","Beam Cell","Redo","Defragment+1"],"max_hp_per_floor":[75,75,75,75,75,75,75,75,75,75,75,75,75,75,75,75,75,75,75,75,75,75,75,75,75,75,75,75,75,75,75,75,75,75,75,75,75,75,75,75,75,75,75,80,80,80,80,80,80,80],"relics":["Runic Dome","Shuriken","Vajra","Blood Vial","Snecko Eye","Ornamental Fan","Whetstone","Juzu Bracelet","Matryoshka","Nuclear Battery","Bird Faced Urn","Potion Belt","Anchor","Omamori","Art of War"],"card_choices":[{"not_picked":["Cold Snap","Undo"],"picked":"Doom and Gloom","floor":1},{"not_picked":["Steam","Barrage"],"picked":"Streamline","floor":2},{"not_picked":["Hologram","Ball Lightning"],"picked":"Coolheaded","floor":3},{"not_picked":["Consume","Redo"],"picked":"Doom and Gloom","floor":7},{"not_picked":["Meteor Strike","Loop"],"picked":"Conserve Battery","floor":8},{"not_picked":["Conserve Battery","Streamline"],"picked":"Go for the Eyes","floor":10},{"not_picked":["Coolheaded","Compile Driver"],"picked":"Fission","floor":12},{"not_picked":["Core Surge","Thunder Strike"],"picked":"Rainbow","floor":16},{"not_picked":["Turbo","Genetic Algorithm+1","Static Discharge"],"picked":"SKIP","floor":18},{"not_picked":["Beam Cell","Reprogram","Redo"],"picked":"SKIP","floor":20},{"not_picked":["Loop+1","Redo"],"picked":"Compile Driver+1","floor":21},{"not_picked":["Compile Driver","Streamline","Leap"],"picked":"SKIP","floor":24},{"not_picked":["Consume","Compile Driver"],"picked":"Echo Form","floor":27},{"not_picked":["Go for the Eyes","Hyperbeam"],"picked":"Static Discharge","floor":28},{"not_picked":["Barrage+1","Conserve Battery","Compile Driver"],"picked":"SKIP","floor":31},{"not_picked":["Amplify","Seek"],"picked":"All For One","floor":33},{"not_picked":["Beam Cell","Capacitor"],"picked":"White Noise+1","floor":35},{"not_picked":["Sweeping Beam+1","Stack"],"picked":"Self Repair","floor":38},{"not_picked":["Auto Shields","Turbo","Self Repair"],"picked":"SKIP","floor":44},{"not_picked":["Leap","Coolheaded"],"picked":"Redo","floor":47}],"player_experience":369144,"potions_floor_usage":[16,28,33,44,44,50,50,50],"damage_taken":[{"damage":1,"enemies":"Cultist","floor":1,"turns":4},{"damage":3,"enemies":"2 Louse","floor":2,"turns":2},{"damage":10,"enemies":"Small Slimes","floor":3,"turns":3},{"damage":17,"enemies":"Gremlin Nob","floor":7,"turns":4},{"damage":6,"enemies":"Gremlin Gang","floor":8,"turns":3},{"damage":0,"enemies":"3 Louse","floor":10,"turns":2},{"damage":6,"enemies":"2 Fungi Beasts","floor":12,"turns":2},{"damage":0,"enemies":"Slime Boss","floor":16,"turns":7},{"damage":17,"enemies":"Chosen","floor":18,"turns":5},{"damage":7,"enemies":"2 Thieves","floor":20,"turns":2},{"damage":0,"enemies":"Snecko","floor":21,"turns":2},{"damage":14,"enemies":"Sentry and Sphere","floor":24,"turns":4},{"damage":11,"enemies":"Snake Plant","floor":27,"turns":4},{"damage":5,"enemies":"Book of Stabbing","floor":28,"turns":4},{"damage":9,"enemies":"Centurion and Healer","floor":31,"turns":4},{"damage":45,"enemies":"Automaton","floor":33,"turns":7},{"damage":0,"enemies":"3 Darklings","floor":35,"turns":2},{"damage":9,"enemies":"Orb Walker","floor":38,"turns":2},{"damage":14,"floor":41,"turns":5},{"damage":34,"enemies":"Nemesis","floor":44,"turns":5},{"damage":0,"enemies":"Maw","floor":47,"turns":5},{"damage":88,"enemies":"Time Eater","floor":50,"turns":8}],"relics_obtained":[{"floor":7,"key":"Vajra"},{"floor":9,"key":"Blood Vial"},{"floor":26,"key":"Juzu Bracelet"},{"floor":28,"key":"Matryoshka"},{"floor":41,"key":"Bird Faced Urn"},{"floor":43,"key":"Potion Belt"},{"floor":43,"key":"Anchor"},{"floor":44,"key":"Omamori"}],"event_choices":[{"event_name":"Wheel of Change","player_choice":"Relic","floor":4,"damage_taken":0},{"event_name":"Shining Light","player_choice":"Entered Light","floor":5,"damage_taken":0},{"event_name":"Accursed Blacksmith","player_choice":"Forge","floor":14,"damage_taken":0},{"event_name":"Addict","player_choice":"Obtained Relic","floor":19,"damage_taken":0},{"event_name":"Ghosts","player_choice":"Ignored","floor":29,"damage_taken":0},{"event_name":"Beggar","player_choice":"Gave Gold","floor":30,"damage_taken":0},{"event_name":"Transmorgrifier","player_choice":"Transform","floor":36,"damage_taken":0},{"event_name":"Purifier","player_choice":"One Purge","floor":37,"damage_taken":0},{"event_name":"SensoryStone","player_choice":"Memory 1","floor":39,"damage_taken":0},{"event_name":"MindBloom","player_choice":"Fight","floor":41,"damage_taken":0},{"event_name":"Golden Shrine","player_choice":"Pray","floor":42,"damage_taken":0},{"event_name":"Bonfire Elementals","player_choice":"UNCOMMON","floor":45,"damage_taken":0}],"boss_relics":[{"not_picked":["Tiny House","Inserter"],"picked":"Snecko Eye"},{"not_picked":["Astrolabe","Busted Crown"],"picked":"Nuclear Battery"}],"items_purged_floors":[22],"potions_floor_spawned":[3,8,10,16,27,31,41,44],"seed_played":"526360265875629738","ascension_level":4,"potions_obtained":[{"floor":3,"key":"FocusPotion"},{"floor":8,"key":"Energy Potion"},{"floor":10,"key":"PowerPotion"},{"floor":16,"key":"LiquidBronze"},{"floor":27,"key":"EssenceOfSteel"},{"floor":31,"key":"FocusPotion"},{"floor":41,"key":"Fruit Juice"},{"floor":44,"key":"Explosive Potion"}],"is_trial":false}