{"path_per_floor":["M","M","M","M","?","?","E","?","T","R","M","E","T","$","R","B",null,"M","?","M","$","M","R","M","E","T","M","?","E","M","M","R","B",null,"M","?","M","$","T","R","M","E","T","R","E","M","?","$","R","B"],"character_chosen":"THE_SILENT","items_purchased":["Accuracy","Orichalcum","Choke","Backflip","Tough Bandages","Noxious Fumes"],"gold_per_floor":[114,127,147,167,167,342,368,318,318,318,335,367,367,53,53,149,149,162,162,180,105,117,117,135,162,162,180,180,212,222,242,242,346,346,361,361,376,27,27,27,37,72,118,118,151,167,167,96,96,96],"floor_reached":51,"campfire_rested":2,"playtime":7097,"current_hp_per_floor":[66,66,54,52,52,52,39,39,39,39,39,35,49,49,49,39,84,84,84,84,84,79,79,79,58,58,58,58,68,68,68,68,59,68,44,44,35,35,35,55,51,39,39,61,53,51,70,70,70,33],"items_purged":["Defend_G","Bite"],"gold":96,"score":636,"play_id":"64e99ce6-8249-4a77-a2f3-c7a526e45c09","is_prod":false,"is_daily":false,"is_ascension_mode":true,"campfire_upgraded":2,"path_taken":["M","M","?","M","?","?","E","?","T","R","M","E","?","$","R","BOSS","M","?","M","?","M","R","M","E","T","M","?","E","M","?","R","BOSS","M","?","M","$","?","R","?","E","T","R","E","M","?","$","R","BOSS"],"build_version":"2018-02-12-PROD1","purchased_purges":3,"victory":true,"master_deck":["Defend_G","Defend_G","Survivor","Neutralize","All Out Attack+1","Tactician+1","Prepared+1","Terror","Malaise","Dagger Throw","Adrenaline","Blade Dance","Flying Knee","Deflect+1","Accuracy","Choke","Backflip+1","Envenom+1","Malaise+1","Dagger Spray","Bullet Time+1","Distraction+1","Dagger Spray","Bite","Bite","Bite","Bite","Cloak And Dagger+1","Night Terror+1","Footwork+1","Bouncing Flask+1","Burst+1","Sucker Punch+1","Writhe","Noxious Fumes+1"],"max_hp_per_floor":[70,70,70,70,70,70,70,70,70,70,70,70,84,84,84,84,84,84,84,84,84,84,84,84,84,84,84,58,68,68,68,68,68,68,68,68,68,68,68,68,68,75,75,75,75,75,75,75,75,75],"relics":["Centennial Puzzle","Girya","Toxic Egg 2","Mango","Orichalcum","Runic Pyramid","Nloth\u0027s Gift","Gremlin Horn","Ornamental Fan","Pear","Runic Dome","Tough Bandages","Tingsha","Strawberry","Vajra","Bronze Scales"],"card_choices":[{"not_picked":["Prepared","Slice"],"picked":"Terror"},{"not_picked":["Deadly Poison","Slice"],"picked":"Malaise"},{"not_picked":["PiercingWail","Bane"],"picked":"Dagger Throw"},{"not_picked":["Slice","Expertise"],"picked":"Adrenaline"},{"not_picked":["Dagger Throw","Caltrops"],"picked":"Blade Dance"},{"not_picked":["Acrobatics","Eviscerate"],"picked":"Flying Knee"},{"not_picked":["Bane","Riddle With Holes"],"picked":"Deflect"},{"not_picked":["Tools of the Trade","Glass Knife"],"picked":"Envenom"},{"not_picked":["Slice","Prepared"],"picked":"Malaise"},{"not_picked":["Masterful Stab","Finisher"],"picked":"Dagger Spray"},{"not_picked":["Slice","Outmaneuver"],"picked":"Bullet Time"},{"not_picked":["Dash","Slice"],"picked":"Distraction"},{"not_picked":["Backflip","Deflect"],"picked":"Dagger Spray"},{"not_picked":["Deadly Poison","Envenom"],"picked":"Cloak And Dagger"},{"not_picked":["Unload","Venomology"],"picked":"Night Terror"},{"not_picked":["Dodge and Roll","Flying Knee"],"picked":"Noxious Fumes"},{"not_picked":["Endless Agony","Deadly Poison"],"picked":"Footwork"},{"not_picked":["Heel Hook","Poisoned Stab"],"picked":"Bouncing Flask"},{"not_picked":["Night Terror","Envenom"],"picked":"Burst"},{"not_picked":["Wraith Form","Underhanded Strike"],"picked":"Sucker Punch"}],"player_experience":82696,"potions_floor_usage":[12,16,25,30,33,41,42,42,45],"damage_taken":[{"damage":4.0,"enemies":"Blue Slaver","floor":1.0,"turns":3.0},{"damage":0,"enemies":"Small Slimes","floor":2,"turns":3},{"damage":12,"enemies":"3 Louse","floor":3,"turns":4},{"damage":2,"enemies":"Looter","floor":4,"turns":3},{"damage":13,"enemies":"Lagavulin","floor":7,"turns":8},{"damage":0,"enemies":"2 Fungi Beasts","floor":11,"turns":2},{"damage":4,"enemies":"Gremlin Nob","floor":12,"turns":3},{"damage":10,"enemies":"Slime Boss","floor":16,"turns":6},{"damage":0,"enemies":"Shell Parasite","floor":18,"turns":5},{"damage":0,"enemies":"Chosen","floor":20,"turns":4},{"damage":5,"enemies":"3 Cultists","floor":22,"turns":5},{"damage":0,"enemies":"Snecko","floor":24,"turns":3},{"damage":21,"enemies":"Slavers","floor":25,"turns":4},{"damage":0,"enemies":"Centurion and Healer","floor":27,"turns":6},{"damage":7,"enemies":"Book of Stabbing","floor":29,"turns":5},{"damage":0,"enemies":"Cultist and Chosen","floor":30,"turns":5},{"damage":0,"enemies":"Snecko","floor":31,"turns":5},{"damage":15,"enemies":"Automaton","floor":33,"turns":8},{"damage":30,"enemies":"3 Darklings","floor":35,"turns":4},{"damage":13,"enemies":"3 Shapes","floor":37,"turns":3},{"damage":12,"enemies":"Maw","floor":41,"turns":7},{"damage":21,"enemies":"2 Orb Walkers","floor":42,"turns":4},{"damage":16,"enemies":"Giant Head","floor":45,"turns":7},{"damage":6,"enemies":"3 Darklings","floor":46,"turns":4},{"damage":45,"enemies":"Time Eater","floor":50,"turns":9}],"event_choices":[{"event_name":"Purifier","player_choice":"One Purge","floor":5,"damage_taken":0},{"event_name":"Liars Game","player_choice":"agreed","floor":6,"damage_taken":0},{"event_name":"The Cleric","player_choice":"Card Removal","floor":8,"damage_taken":0},{"event_name":"N\u0027loth","player_choice":"Traded a Astrolabe","floor":19,"damage_taken":0},{"event_name":"Vampires","player_choice":"Became a vampire","floor":28,"damage_taken":0},{"event_name":"Winding Halls","player_choice":"Writhe","floor":47,"damage_taken":0}],"boss_relics":[{"not_picked":["Ectoplasm","Calling Bell"],"picked":"Runic Pyramid"},{"not_picked":["Velvet Choker","Tiny House"],"picked":"Runic Dome"}],"potions_floor_spawned":[1,12,24,27,29,30,33,35,41,42,45],"seed_played":"-1880720603609048104","ascension_level":1,"is_trial":false}