{"gold_per_floor":[117,132,149,149,169,169,194,206,206,206,223,251,268,302,302,302],"floor_reached":16,"playtime":784,"items_purged":[],"score":248,"play_id":"27b010e3-1430-4ff3-9000-657be1f49669","local_time":"20181202192334","is_ascension_mode":true,"campfire_choices":[{"data":"Noxious Fumes","floor":6,"key":"SMITH"},{"floor":10,"key":"REST"},{"floor":15,"key":"REST"}],"neow_cost":"NONE","seed_source_timestamp":718351317973501,"circlet_count":0,"master_deck":["AscendersBane","Defend_G","Defend_G","Defend_G","Defend_G","Defend_G","Strike_G","Strike_G","Strike_G","Strike_G","Strike_G","Survivor","Neutralize","Deadly Poison","Noxious Fumes+1","Backflip","Infinite Blades","Deflect","Backstab","Predator","Deadly Poison","Cloak And Dagger+1"],"relics":["Ring of the Snake","Ginger","Gremlin Horn","Happy Flower","Toxic Egg 2"],"potions_floor_usage":[4,7,12,12],"damage_taken":[{"damage":10,"enemies":"Jaw Worm","floor":1,"turns":7},{"damage":1,"enemies":"Cultist","floor":2,"turns":5},{"damage":5,"enemies":"Small Slimes","floor":3,"turns":4},{"damage":8,"enemies":"3 Louse","floor":5,"turns":5},{"damage":26,"enemies":"Gremlin Nob","floor":7,"turns":4},{"damage":4,"enemies":"Looter","floor":8,"turns":4},{"damage":4,"enemies":"Gremlin Gang","floor":11,"turns":5},{"damage":2,"enemies":"3 Sentries","floor":12,"turns":7},{"damage":14,"enemies":"Red Slaver","floor":13,"turns":5},{"damage":16,"enemies":"Lagavulin","floor":14,"turns":6},{"damage":27,"enemies":"Slime Boss","floor":16,"turns":6}],"seed_played":"2684164877397476084","potions_obtained":[{"floor":3,"key":"AttackPotion"},{"floor":4,"key":"Fruit Juice"},{"floor":4,"key":"Swift Potion"},{"floor":7,"key":"Swift Potion"},{"floor":11,"key":"Fire Potion"},{"floor":14,"key":"LiquidBronze"}],"is_trial":false,"path_per_floor":["M","M","M","?","M","R","E","M","T","R","M","E","M","E","R","B"],"character_chosen":"THE_SILENT","items_purchased":[],"campfire_rested":2,"item_purchase_floors":[],"current_hp_per_floor":[55,54,49,54,46,46,20,16,16,39,35,33,19,3,26,0],"gold":302,"neow_bonus":"TEN_PERCENT_HP_BONUS","is_prod":false,"is_daily":false,"chose_seed":false,"campfire_upgraded":1,"win_rate":0,"timestamp":1543796614,"path_taken":["M","M","M","?","M","R","E","M","T","R","M","E","M","E","R","BOSS"],"build_version":"2018-11-15","purchased_purges":0,"victory":false,"max_hp_per_floor":[72,72,72,77,77,77,77,77,77,77,77,77,77,77,77,77],"card_choices":[{"not_picked":["Slice","Poisoned Stab"],"picked":"Deadly Poison","floor":1},{"not_picked":["Setup","Deadly Poison"],"picked":"Noxious Fumes","floor":2},{"not_picked":["Slice","Bane"],"picked":"Backflip","floor":3},{"not_picked":["Outmaneuver","Caltrops"],"picked":"Infinite Blades","floor":5},{"not_picked":["Infinite Blades","Bane"],"picked":"Deflect","floor":7},{"not_picked":["Flying Knee","Cloak And Dagger"],"picked":"Backstab","floor":8},{"not_picked":["Doppelganger","Reflex","Outmaneuver"],"picked":"SKIP","floor":11},{"not_picked":["Predator","Backflip","Burst"],"picked":"SKIP","floor":12},{"not_picked":["Predator","Backflip","Burst"],"picked":"SKIP","floor":12},{"not_picked":["Backflip","Burst"],"picked":"Predator","floor":12},{"not_picked":["Cloak And Dagger","Infinite Blades"],"picked":"Deadly Poison","floor":13},{"not_picked":["Sucker Punch","Heel Hook"],"picked":"Cloak And Dagger","floor":14}],"player_experience":652462,"relics_obtained":[{"floor":7,"key":"Ginger"},{"floor":9,"key":"Gremlin Horn"},{"floor":12,"key":"Happy Flower"},{"floor":14,"key":"Toxic Egg 2"}],"event_choices":[{"damage_healed":0,"gold_gain":0,"player_choice":"Got Potions","damage_taken":0,"max_hp_gain":0,"max_hp_loss":0,"event_name":"Lab","floor":4,"gold_loss":0}],"is_beta":false,"boss_relics":[],"items_purged_floors":[],"is_endless":false,"potions_floor_spawned":[3,7,11,14],"killed_by":"Slime Boss","ascension_level":20}