{"path_per_floor":["M","?","M","?","M","R","?","E","T","R","E","R","M","M","R","B",null,"M","$","M","?","M","E","M","M","T","?","E","$","R","M","R","B",null,"M","M","M","?","M","R","E","?","T","R","$","M","M","?","R","B"],"character_chosen":"IRONCLAD","items_purchased":["Pear","Happy Flower"],"gold_per_floor":[116,116,133,133,148,148,148,182,236,236,261,261,275,291,291,395,395,412,85,96,96,109,140,156,174,174,174,199,99,99,115,115,212,212,224,239,255,255,265,265,292,292,292,292,18,36,51,51,51,51],"floor_reached":51,"campfire_rested":2,"playtime":1946,"item_purchase_floors":[19,45],"current_hp_per_floor":[43,43,41,41,41,65,65,31,31,31,34,34,40,46,46,8,80,80,90,86,86,90,90,90,90,90,90,90,90,90,84,84,85,95,89,95,78,78,65,65,53,53,53,53,53,59,62,62,90,60],"items_purged":["Defend_R","Warcry","Defend_R"],"gold":51,"score":804,"play_id":"d819593a-ec7f-4580-b809-e1bd84090ecc","local_time":"20180616133405","is_prod":false,"is_daily":false,"chose_seed":false,"is_ascension_mode":false,"campfire_upgraded":7,"win_rate":0,"timestamp":1529174045,"campfire_choices":[{"floor":6,"key":"REST"},{"data":"Rage","floor":10,"key":"SMITH"},{"data":"Searing Blow","floor":12,"key":"SMITH"},{"data":"Demon Form","floor":15,"key":"SMITH"},{"data":"Demon Form","floor":30,"key":"SMITH"},{"data":"Metallicize","floor":32,"key":"SMITH"},{"data":"Heavy Blade","floor":40,"key":"SMITH"},{"data":"Battle Trance","floor":44,"key":"SMITH"},{"floor":49,"key":"REST"}],"path_taken":["M","?","?","?","?","R","?","E","T","R","E","R","?","M","R","BOSS","M","$","M","?","M","E","M","M","T","?","E","$","R","M","R","BOSS","M","M","?","?","M","R","E","?","T","R","$","M","M","?","R","BOSS"],"build_version":"2018-06-14v2","seed_source_timestamp":2627192689780415,"purchased_purges":3,"victory":true,"master_deck":["Strike_R+1","Strike_R","Strike_R","Defend_R","Bash+1","Ghostly Armor","Shrug It Off","Rage+1","Battle Trance+1","Searing Blow+1","Demon Form+1","Demon Form+1","Metallicize+1","Flame Barrier+1","Sever Soul+1","Iron Wave","Pummel+1","Dual Wield","Heavy Blade+1","Impervious","Infernal Blade+1","Iron Wave","Heavy Blade+1","Fiend Fire","Metallicize+1","Uppercut"],"max_hp_per_floor":[80,80,80,80,80,80,80,80,80,80,80,80,80,80,80,80,80,80,90,90,90,90,90,90,90,90,90,90,90,90,90,90,95,95,95,95,95,95,95,95,95,95,95,95,95,95,95,95,95,95],"relics":["Burning Blood","Ginger","Vajra","Ancient Tea Set","Whetstone","Oddly Smooth Stone","Snecko Eye","Pear","Omamori","Centennial Puzzle","Bag of Marbles","Empty Cage","Dodecahedron","Charon\u0027s Ashes","Happy Flower"],"card_choices":[{"not_picked":["Twin Strike","Clothesline"],"picked":"Ghostly Armor","floor":1},{"not_picked":["Battle Trance","Burning Pact"],"picked":"Shrug It Off","floor":3},{"not_picked":["Pommel Strike","Anger"],"picked":"Rage","floor":5},{"not_picked":["Sever Soul","Havoc"],"picked":"Battle Trance","floor":8},{"not_picked":["Body Slam","Juggernaut"],"picked":"Searing Blow","floor":11},{"not_picked":["Iron Wave","Clash"],"picked":"Warcry","floor":13},{"not_picked":["Metallicize","Iron Wave"],"picked":"Demon Form","floor":14},{"not_picked":["Impervious","Fiend Fire"],"picked":"Demon Form","floor":16},{"not_picked":["Havoc","Burning Pact+1","Shrug It Off+1"],"picked":"SKIP","floor":18},{"not_picked":["Sword Boomerang","Clash"],"picked":"Metallicize","floor":20},{"not_picked":["Clash","Brutality"],"picked":"Flame Barrier+1","floor":22},{"not_picked":["Seeing Red","Iron Wave+1"],"picked":"Sever Soul+1","floor":23},{"not_picked":["Rage","Combust+1"],"picked":"Iron Wave","floor":24},{"not_picked":["Thunderclap+1","Dropkick"],"picked":"Pummel+1","floor":25},{"not_picked":["Reckless Charge","Perfected Strike"],"picked":"Dual Wield","floor":28},{"not_picked":["Anger","Thunderclap"],"picked":"Heavy Blade+1","floor":31},{"not_picked":["Brutality","Feed"],"picked":"Impervious","floor":33},{"not_picked":["Clash+1","Combust"],"picked":"Infernal Blade+1","floor":35},{"not_picked":["Anger+1","Hemokinesis"],"picked":"Iron Wave","floor":36},{"not_picked":["Second Wind+1","Body Slam"],"picked":"Heavy Blade","floor":37},{"not_picked":["Sever Soul","Perfected Strike+1"],"picked":"Fiend Fire","floor":39},{"not_picked":["Feel No Pain+1","Anger"],"picked":"Metallicize+1","floor":41},{"not_picked":["Flex+1","Entrench+1","Havoc"],"picked":"SKIP","floor":46},{"not_picked":["Clash+1","Armaments"],"picked":"Uppercut","floor":47}],"player_experience":386569,"potions_floor_usage":[16,33,50],"damage_taken":[{"damage":3,"enemies":"Small Slimes","floor":1,"turns":3},{"damage":8,"enemies":"Cultist","floor":3,"turns":5},{"damage":6,"enemies":"Jaw Worm","floor":5,"turns":6},{"damage":40,"enemies":"Gremlin Nob","floor":8,"turns":6},{"damage":3,"enemies":"3 Sentries","floor":11,"turns":10},{"damage":0,"enemies":"Lots of Slimes","floor":13,"turns":3},{"damage":0,"enemies":"Looter","floor":14,"turns":3},{"damage":44,"enemies":"The Guardian","floor":16,"turns":8},{"damage":2,"enemies":"Chosen","floor":18,"turns":5},{"damage":10,"enemies":"3 Byrds","floor":20,"turns":5},{"damage":0,"enemies":"Cultist and Chosen","floor":22,"turns":4},{"damage":6,"enemies":"Slavers","floor":23,"turns":8},{"damage":6,"enemies":"Snake Plant","floor":24,"turns":3},{"damage":0,"enemies":"Centurion and Healer","floor":25,"turns":4},{"damage":0,"enemies":"Book of Stabbing","floor":28,"turns":4},{"damage":12,"enemies":"3 Cultists","floor":31,"turns":4},{"damage":10,"enemies":"Automaton","floor":33,"turns":5},{"damage":12,"enemies":"3 Darklings","floor":35,"turns":3},{"damage":0,"enemies":"Orb Walker","floor":36,"turns":1},{"damage":23,"enemies":"4 Shapes","floor":37,"turns":4},{"damage":19,"enemies":"Sphere and 2 Shapes","floor":39,"turns":3},{"damage":18,"enemies":"2 Orb Walkers","floor":41,"turns":4},{"damage":0,"enemies":"3 Darklings","floor":46,"turns":3},{"damage":3,"enemies":"4 Shapes","floor":47,"turns":3},{"damage":36,"enemies":"Awakened One","floor":50,"turns":8}],"relics_obtained":[{"floor":8,"key":"Ancient Tea Set"},{"floor":9,"key":"Whetstone"},{"floor":11,"key":"Oddly Smooth Stone"},{"floor":23,"key":"Omamori"},{"floor":26,"key":"Centennial Puzzle"},{"floor":28,"key":"Bag of Marbles"},{"floor":41,"key":"Dodecahedron"},{"floor":43,"key":"Charon\u0027s Ashes"}],"event_choices":[{"event_name":"The Woman in Blue","player_choice":"Bought 0 Potions","floor":2,"damage_taken":0},{"event_name":"Accursed Blacksmith","player_choice":"Rummage","floor":4,"damage_taken":0},{"event_name":"Living Wall","player_choice":"Forget","floor":7,"damage_taken":0},{"event_name":"Back to Basics","player_choice":"Elegance","floor":21,"damage_taken":0},{"event_name":"Ghosts","player_choice":"Ignored","floor":27,"damage_taken":0},{"event_name":"SecretPortal","player_choice":"Rejected Portal.","floor":38,"damage_taken":0},{"event_name":"Tomb of Lord Red Mask","player_choice":"Ignored","floor":42,"damage_taken":0},{"event_name":"SensoryStone","player_choice":"Memory 1","floor":48,"damage_taken":0}],"boss_relics":[{"not_picked":["White Beast Statue","Fusion Hammer"],"picked":"Snecko Eye"},{"not_picked":["Black Blood","Pandora\u0027s Box"],"picked":"Empty Cage"}],"items_purged_floors":[19,29,45],"is_endless":false,"potions_floor_spawned":[3,8,13,14,22,25,28,31,35,37,41,46],"seed_played":"5018095858284524861","ascension_level":0,"potions_obtained":[{"floor":3,"key":"FairyPotion"},{"floor":8,"key":"Dexterity Potion"},{"floor":13,"key":"PowerPotion"},{"floor":22,"key":"FearPotion"},{"floor":31,"key":"Fruit Juice"},{"floor":35,"key":"Poison Potion"},{"floor":37,"key":"GamblersBrew"}],"is_trial":false}