{"gold_per_floor":[10,10,28,43,62,62,62,62,62,78,88,105,105,131,131,227,227,241,269,280,86,101,101,101,101,125,125,14,32,32,32,32,129,129,141,141,159,178,100,100,119,119,119,132,132,354,10,10,10,10],"floor_reached":51,"playtime":3198,"items_purged":["Decay","Writhe"],"score":801,"play_id":"238245fb-878b-4a31-9a0d-188c1f06b132","local_time":"20181204213253","is_ascension_mode":true,"campfire_choices":[{"data":"Dualcast","floor":6.0,"key":"SMITH"},{"data":"Defragment","floor":8.0,"key":"SMITH"},{"data":"Echo Form","floor":13.0,"key":"SMITH"},{"floor":15.0,"key":"REST"},{"data":"Redo","floor":23.0,"key":"SMITH"},{"data":"Secret Technique","floor":25.0,"key":"SMITH"},{"data":"Go for the Eyes","floor":27.0,"key":"SMITH"},{"floor":30.0,"key":"REST"},{"floor":32.0,"key":"REST"},{"floor":40.0,"key":"REST"},{"floor":42.0,"key":"REST"},{"floor":45.0,"key":"REST"},{"floor":49.0,"key":"REST"}],"neow_cost":"NO_GOLD","seed_source_timestamp":524360163586058,"circlet_count":0,"master_deck":["Strike_B","Strike_B","Strike_B","Strike_B","Defend_B","Defend_B","Defend_B","Defend_B","Zap+1","Dualcast+1","Secret Weapon","Secret Technique+1","Conserve Battery","Cold Snap","Redo+1","Defragment+1","Melter","Echo Form+1","Ball Lightning","Chill","Reboot","Go for the Eyes+1","Cold Snap+1","Cold Snap+1","White Noise","Ball Lightning+1","Amplify","Barrage+1","Madness","Madness","BootSequence"],"special_seed":0,"relics":["Cracked Core","Juzu Bracelet","Ornamental Fan","Cursed Key","Red Mask","Runic Capacitor","Matryoshka","Potion Belt","Happy Flower","Black Star","Anchor","Bird Faced Urn","HandDrill"],"potions_floor_usage":[50,50,50],"damage_taken":[{"damage":1.0,"enemies":"Cultist","floor":1.0,"turns":3.0},{"damage":2.0,"enemies":"Small Slimes","floor":3.0,"turns":3.0},{"damage":0.0,"enemies":"Jaw Worm","floor":4.0,"turns":4.0},{"damage":0.0,"enemies":"Looter","floor":5.0,"turns":3.0},{"damage":1.0,"enemies":"Large Slime","floor":10.0,"turns":6.0},{"damage":0.0,"enemies":"3 Louse","floor":11.0,"turns":3.0},{"damage":5.0,"enemies":"Exordium Wildlife","floor":12.0,"turns":3.0},{"damage":10.0,"enemies":"Lagavulin","floor":14.0,"turns":6.0},{"damage":32.0,"enemies":"Hexaghost","floor":16.0,"turns":8.0},{"damage":1.0,"enemies":"3 Byrds","floor":18.0,"turns":4.0},{"damage":23.0,"enemies":"Masked Bandits","floor":19.0,"turns":5.0},{"damage":1.0,"enemies":"Chosen","floor":20.0,"turns":3.0},{"damage":0.0,"enemies":"Centurion and Healer","floor":22.0,"turns":4.0},{"damage":0.0,"enemies":"Sentry and Sphere","floor":29.0,"turns":5.0},{"damage":26.0,"enemies":"Collector","floor":33.0,"turns":10.0},{"damage":9.0,"enemies":"Orb Walker","floor":35.0,"turns":4.0},{"damage":0.0,"enemies":"3 Shapes","floor":37.0,"turns":8.0},{"damage":30.0,"enemies":"Jaw Worm Horde","floor":38.0,"turns":5.0},{"damage":30.0,"enemies":"Transient","floor":41.0,"turns":5.0},{"damage":7.0,"enemies":"4 Shapes","floor":44.0,"turns":4.0},{"damage":2,"enemies":"Time Eater","floor":50,"turns":10}],"seed_played":"2102179817186000260","potions_obtained":[{"floor":3.0,"key":"SpeedPotion"},{"floor":7.0,"key":"Energy Potion"},{"floor":7.0,"key":"Ancient Potion"},{"floor":7.0,"key":"Block Potion"},{"floor":10.0,"key":"Fire Potion"},{"floor":12.0,"key":"Fire Potion"},{"floor":19.0,"key":"EssenceOfSteel"},{"floor":37.0,"key":"Strength Potion"},{"floor":41.0,"key":"FocusPotion"}],"is_trial":false,"path_per_floor":["M","?","M","M","M","R","?","R","T","M","M","M","R","E","R","B",null,"M","?","M","$","M","R","?","R","T","R","$","M","R","?","R","B",null,"M","?","M","M","$","R","M","R","T","M","R","?","$","?","R","B",null],"character_chosen":"DEFECT","items_purchased":["Runic Capacitor","White Noise","Ancient Potion","HandDrill","Strength Potion"],"campfire_rested":7,"item_purchase_floors":[21,28,39,47,47],"current_hp_per_floor":[67,67,65,65,65,65,65,65,65,64,64,59,59,49,71,39,66,65,42,41,41,41,41,41,41,41,41,41,41,63,49,73,47,72,63,53,53,23,23,47,17,41,41,38,62,62,62,62,80,78],"gold":10,"neow_bonus":"RANDOM_COLORLESS_2","is_prod":false,"is_daily":false,"chose_seed":false,"campfire_upgraded":6,"win_rate":0,"timestamp":1543926773,"path_taken":["M","?","M","M","M","R","?","R","T","M","M","M","R","E","R","BOSS","M","?","M","$","M","R","?","R","T","R","$","M","R","?","R","BOSS","M","?","M","M","$","R","M","R","T","M","R","?","$","?","R","BOSS"],"build_version":"2018-11-15","purchased_purges":2,"victory":true,"max_hp_per_floor":[75,75,75,75,75,75,75,75,75,75,75,75,75,75,75,75,75,75,75,75,75,75,75,75,75,75,75,75,75,75,80,80,80,80,80,80,80,80,80,80,80,80,80,80,80,80,80,80,80,80],"card_choices":[{"not_picked":["Compile Driver","Sweeping Beam"],"picked":"Conserve Battery","floor":1.0},{"not_picked":["Compile Driver","Coolheaded"],"picked":"Cold Snap","floor":3.0},{"not_picked":["Static Discharge","Chaos"],"picked":"Redo","floor":4.0},{"not_picked":["Streamline","Reinforced Body"],"picked":"Defragment","floor":5.0},{"not_picked":["Ball Lightning","Coolheaded"],"picked":"Melter","floor":10.0},{"not_picked":["Steam","Beam Cell"],"picked":"Echo Form","floor":11.0},{"not_picked":["Scrape","Storm"],"picked":"Ball Lightning","floor":12.0},{"not_picked":["Hyperbeam","Hello World"],"picked":"Chill","floor":14.0},{"not_picked":["Echo Form","Creative AI"],"picked":"Reboot","floor":16.0},{"not_picked":["Barrage","Force Field"],"picked":"Go for the Eyes","floor":18.0},{"not_picked":["Auto Shields+1","Genetic Algorithm"],"picked":"Cold Snap+1","floor":19.0},{"not_picked":["Steam+1","Redo"],"picked":"Cold Snap+1","floor":20.0},{"not_picked":["Turbo","Compile Driver","Hello World"],"picked":"SKIP","floor":22.0},{"not_picked":["Coolheaded","Turbo"],"picked":"Ball Lightning+1","floor":29.0},{"not_picked":["Reboot","Echo Form"],"picked":"Amplify","floor":33.0},{"not_picked":["Compile Driver","Steam+1"],"picked":"Barrage+1","floor":35.0},{"not_picked":["Rip and Tear+1","Beam Cell","White Noise"],"picked":"SKIP","floor":37.0},{"not_picked":["Rip and Tear+1","Beam Cell","White Noise"],"picked":"SKIP","floor":37.0},{"not_picked":["Barrage","Leap","Lockon+1"],"picked":"SKIP","floor":38.0},{"not_picked":["Genetic Algorithm+1","Ball Lightning","Skim"],"picked":"SKIP","floor":41.0},{"not_picked":["Scrape","Sweeping Beam+1"],"picked":"BootSequence","floor":44.0}],"player_experience":161802,"relics_obtained":[{"floor":9.0,"key":"Juzu Bracelet"},{"floor":14.0,"key":"Ornamental Fan"},{"floor":19.0,"key":"Red Mask"},{"floor":26.0,"key":"Potion Belt"},{"floor":26.0,"key":"Happy Flower"},{"floor":43.0,"key":"Anchor"},{"floor":43.0,"key":"Bird Faced Urn"}],"event_choices":[{"damage_healed":0.0,"max_hp_gain":0.0,"max_hp_loss":0.0,"gold_gain":0.0,"event_name":"Living Wall","player_choice":"Grow","floor":2.0,"gold_loss":0.0,"damage_taken":0.0,"cards_upgraded":["Zap"]},{"damage_healed":0.0,"max_hp_gain":0.0,"max_hp_loss":0.0,"gold_gain":0.0,"event_name":"Lab","player_choice":"Got Potions","floor":7.0,"gold_loss":0.0,"damage_taken":0.0},{"damage_healed":0.0,"max_hp_gain":0.0,"max_hp_loss":0.0,"gold_gain":0.0,"event_name":"Masked Bandits","player_choice":"Fought Bandits","floor":19.0,"gold_loss":0.0,"damage_taken":0.0},{"damage_healed":0.0,"max_hp_gain":0.0,"max_hp_loss":0.0,"gold_gain":0.0,"event_name":"The Mausoleum","player_choice":"Opened","floor":24.0,"gold_loss":0.0,"damage_taken":0.0,"relics_obtained":["Matryoshka"]},{"damage_healed":0.0,"max_hp_gain":5.0,"max_hp_loss":0.0,"gold_gain":0.0,"event_name":"Forgotten Altar","player_choice":"Shed Blood","floor":31.0,"gold_loss":0.0,"damage_taken":19.0},{"damage_healed":0.0,"max_hp_gain":0.0,"max_hp_loss":0.0,"gold_gain":0.0,"event_name":"Winding Halls","player_choice":"Embrace Madness","floor":36.0,"gold_loss":0.0,"damage_taken":10.0,"cards_obtained":["Madness","Madness"]},{"damage_healed":0.0,"max_hp_gain":0.0,"max_hp_loss":0.0,"gold_gain":222.0,"event_name":"Tomb of Lord Red Mask","player_choice":"Wore Mask","floor":46.0,"gold_loss":0.0,"damage_taken":0.0},{"damage_healed":0.0,"max_hp_gain":0.0,"max_hp_loss":0.0,"gold_gain":0.0,"event_name":"Mysterious Sphere","player_choice":"Ignored","floor":48.0,"gold_loss":0.0,"damage_taken":0.0}],"is_beta":false,"boss_relics":[{"not_picked":["FrozenCore","Empty Cage"],"picked":"Cursed Key"},{"not_picked":["Lizard Tail","Velvet Choker"],"picked":"Black Star"}],"items_purged_floors":[28,47],"is_endless":false,"potions_floor_spawned":[3,10,12,14,19,20,22,37,41],"ascension_level":6}