{"gold_per_floor":[211,222,241,89,89,89,120,120,193,214,389,413,413,438,438,438],"floor_reached":16,"playtime":504,"items_purged":[],"score":122,"play_id":"df8ea68d-6bfe-4b65-aabe-4f2f208f4721","local_time":"20181211223700","is_ascension_mode":true,"campfire_choices":[{"data":"Bash","floor":6,"key":"SMITH"},{"floor":8,"key":"REST"},{"floor":15,"key":"REST"}],"neow_cost":"NONE","seed_source_timestamp":133609694781491,"circlet_count":0,"master_deck":["Strike_R","Strike_R","Strike_R","Strike_R","Strike_R","Defend_R","Defend_R","Defend_R","Defend_R","Bash+1","Iron Wave","Armaments","Thunderclap","Injury","Whirlwind","Doubt","Shrug It Off"],"relics":["Burning Blood","Happy Flower","Golden Idol","PreservedInsect","Paper Frog","Potion Belt"],"potions_floor_usage":[],"damage_taken":[{"damage":9,"enemies":"Jaw Worm","floor":1,"turns":4},{"damage":4,"enemies":"2 Louse","floor":2,"turns":3},{"damage":20,"enemies":"Small Slimes","floor":3,"turns":5},{"damage":39,"enemies":"Gremlin Nob","floor":7,"turns":5},{"damage":14,"enemies":"Exordium Thugs","floor":10,"turns":4},{"damage":12,"enemies":"Red Slaver","floor":12,"turns":5},{"damage":8,"enemies":"Blue Slaver","floor":14,"turns":4},{"damage":50,"enemies":"Slime Boss","floor":16,"turns":9}],"seed_played":"4223465767835282698","potions_obtained":[{"floor":10,"key":"SpeedPotion"},{"floor":12,"key":"EssenceOfSteel"}],"is_trial":false,"path_per_floor":["M","M","M","$","?","R","E","R","T","M","?","M","?","M","R","B"],"character_chosen":"IRONCLAD","items_purchased":["Happy Flower"],"campfire_rested":2,"item_purchase_floors":[4],"current_hp_per_floor":[77,79,65,65,65,65,32,56,56,48,48,42,35,33,57,7],"gold":438,"neow_bonus":"HUNDRED_GOLD","is_prod":false,"is_daily":false,"chose_seed":false,"campfire_upgraded":1,"win_rate":0,"timestamp":1544542620,"path_taken":["M","M","M","$","?","R","E","R","T","M","?","M","?","?","R","BOSS"],"build_version":"2018-12-06","purchased_purges":0,"victory":false,"max_hp_per_floor":[80,80,80,80,80,80,80,80,80,80,80,80,80,80,80,80],"card_choices":[{"not_picked":["Sword Boomerang","Headbutt"],"picked":"Iron Wave","floor":1},{"not_picked":["Heavy Blade","Feel No Pain"],"picked":"Armaments","floor":2},{"not_picked":["Havoc","Anger"],"picked":"Thunderclap","floor":3},{"not_picked":["Combust","Power Through","Intimidate"],"picked":"SKIP","floor":7},{"not_picked":["Thunderclap","Combust"],"picked":"Whirlwind","floor":10},{"not_picked":["Anger","Second Wind"],"picked":"Shrug It Off","floor":12},{"not_picked":["Exhume","Headbutt","Havoc"],"picked":"SKIP","floor":14}],"player_experience":203886,"relics_obtained":[{"floor":7,"key":"PreservedInsect"},{"floor":9,"key":"Paper Frog"}],"event_choices":[{"damage_healed":0,"gold_gain":0,"player_choice":"Take Wound","damage_taken":0,"relics_obtained":["Golden Idol"],"max_hp_gain":0,"max_hp_loss":0,"event_name":"Golden Idol","floor":5,"gold_loss":0,"cards_obtained":["Injury"]},{"damage_healed":0,"gold_gain":175,"player_choice":"AGREE","damage_taken":0,"max_hp_gain":0,"max_hp_loss":0,"event_name":"Liars Game","floor":11,"gold_loss":0,"cards_obtained":["Doubt"]},{"damage_healed":0,"gold_gain":0,"player_choice":"Success","damage_taken":7,"relics_obtained":["Potion Belt"],"max_hp_gain":0,"max_hp_loss":0,"event_name":"Scrap Ooze","floor":13,"gold_loss":0}],"is_beta":false,"boss_relics":[],"items_purged_floors":[],"is_endless":false,"potions_floor_spawned":[10,12],"killed_by":"Slime Boss","ascension_level":4}