{"path_per_floor":["M","$","?","?","M","R","M","R","T","M","M","M","R","$","R","B",null,"M","M","?","M","?","R","M"],"character_chosen":"IRONCLAD","items_purchased":["Clothesline","Fire Breathing","Disarm"],"gold_per_floor":[114,16,84,84,102,102,122,122,122,137,157,170,170,14,14,91,91,103,120,120,139,139,139,157,157],"floor_reached":25,"campfire_rested":3,"playtime":706,"current_hp_per_floor":[67,67,67,56,47,47,47,69,69,63,46,42,42,42,64,49,69,34,4,19,1,1,23,6,0],"items_purged":["Strike_R"],"gold":157,"score":341,"play_id":"9d6f960a-1aa7-4a34-85fe-d3c2eef87d48","local_time":"20180430205628","is_prod":false,"is_daily":false,"chose_seed":false,"is_ascension_mode":true,"campfire_upgraded":2,"timestamp":1525139788,"path_taken":["M","?","?","?","M","R","M","R","T","M","?","M","R","$","R","BOSS","M","M","?","M","?","R","M","E"],"build_version":"2018-04-28v2","seed_source_timestamp":2452455183563802,"purchased_purges":1,"victory":false,"master_deck":["Strike_R","Strike_R","Strike_R","Strike_R","Defend_R","Defend_R","Defend_R","Defend_R","Bash+1","AscendersBane","Wild Strike","Clothesline","Wild Strike","Burning Pact","True Grit+1","Rupture+1","Thunderclap","Fire Breathing+1","Disarm","Demon Form+1","Cleave","Fire Breathing+1","Limit Break","Demon Form+1","Disarm+1"],"max_hp_per_floor":[75,75,75,75,75,75,75,75,75,75,75,75,75,75,75,75,75,75,75,75,75,75,75,75,75],"relics":["Velvet Choker","Frozen Egg 2","Dodecahedron","Black Star"],"card_choices":[{"not_picked":["Flex","Headbutt"],"picked":"Wild Strike","floor":1},{"not_picked":["Pummel","Anger"],"picked":"Wild Strike","floor":5},{"not_picked":["True Grit","Searing Blow"],"picked":"Burning Pact","floor":7},{"not_picked":["Dual Wield","Reckless Charge"],"picked":"True Grit","floor":10},{"not_picked":["Pummel","Pommel Strike"],"picked":"Rupture","floor":11},{"not_picked":["Burning Pact","Shrug It Off"],"picked":"Thunderclap","floor":12},{"not_picked":["Dark Embrace","Fiend Fire"],"picked":"Demon Form","floor":16},{"not_picked":["Twin Strike","Body Slam"],"picked":"Cleave","floor":18},{"not_picked":["Searing Blow","Flex"],"picked":"Fire Breathing","floor":19},{"not_picked":["Shrug It Off","Battle Trance"],"picked":"Limit Break","floor":21},{"not_picked":["Thunderclap","Perfected Strike"],"picked":"Disarm","floor":24}],"player_experience":303993,"potions_floor_usage":[16,18,19,21,24,25],"damage_taken":[{"damage":1,"enemies":"Cultist","floor":1,"turns":3},{"damage":9,"enemies":"Jaw Worm","floor":5,"turns":2},{"damage":0,"enemies":"2 Louse","floor":7,"turns":1},{"damage":6,"enemies":"Looter","floor":10,"turns":3},{"damage":17,"enemies":"Large Slime","floor":11,"turns":6},{"damage":4,"enemies":"2 Fungi Beasts","floor":12,"turns":3},{"damage":15,"enemies":"Slime Boss","floor":16,"turns":8},{"damage":35,"enemies":"Spheric Guardian","floor":18,"turns":6},{"damage":30,"enemies":"3 Byrds","floor":19,"turns":7},{"damage":21,"enemies":"3 Cultists","floor":21,"turns":4},{"damage":17,"enemies":"Snecko","floor":24,"turns":5},{"damage":9,"enemies":"Gremlin Leader","floor":25,"turns":2}],"event_choices":[{"event_name":"Golden Wing","player_choice":"Gained Gold","floor":3,"damage_taken":0},{"event_name":"Scrap Ooze","player_choice":"success","floor":4,"damage_taken":11},{"event_name":"The Library","player_choice":"Heal","floor":20,"damage_taken":0},{"event_name":"Duplicator","player_choice":"One dupe","floor":22,"damage_taken":0}],"boss_relics":[{"not_picked":["Runic Cube","Calling Bell"],"picked":"Black Star"}],"potions_floor_spawned":[7,11,12,16,21,24],"seed_played":"-4430778209850593169","killed_by":"Gremlin Leader","ascension_level":15,"is_trial":false}