{"gold_per_floor":[113,130,145,161,236,236,246,246,246,278,278,307,307,15,15,89,89,101,101,16,16,21,21,50,68,68,81,81,93,128,139,139,215,215,225,225,244,69,69,69,69,69,142,197,197,71,81,99,99,99],"floor_reached":50,"playtime":2799,"items_purged":["Strike_G","Outmaneuver"],"score":908,"play_id":"65e4d136-71bc-42c7-84a8-687a1b95a871","local_time":"20180929171950","is_ascension_mode":true,"campfire_choices":[{"data":"Deadly Poison","floor":6,"key":"SMITH"},{"data":"Neutralize","floor":8,"key":"SMITH"},{"floor":15,"key":"REST"},{"data":"Calculated Gamble","floor":23,"key":"SMITH"},{"floor":32,"key":"REST"},{"floor":40,"key":"REST"},{"data":"Footwork","floor":42,"key":"SMITH"},{"floor":45,"key":"REST"},{"floor":49,"key":"REST"}],"neow_cost":"TEN_PERCENT_HP_LOSS","seed_source_timestamp":513212174758511,"circlet_count":0,"master_deck":["Survivor","Neutralize+1","AscendersBane","Backflip","Deadly Poison+1","Crippling Poison","Sucker Punch","Dodge and Roll","Dagger Spray","Footwork+1","Envenom","Backflip","Deflect","Outmaneuver","Deflect","Deadly Poison","Tactician","Blade Dance","Sucker Punch","Calculated Gamble+1","Distraction","Die Die Die","Noxious Fumes","Tactician","Leg Sweep+1","Deadly Poison+1","Enlightenment","Chrysalis","Noxious Fumes","Madness","Madness","Backflip","Footwork","Backflip","Dodge and Roll"],"relics":["Ring of the Snake","Tough Bandages","Pocketwatch","Gremlin Horn","GremlinMask","Gambling Chip","Art of War","Pandora\u0027s Box","Bag of Preparation","StoneCalendar","Blue Candle","Ornamental Fan","Busted Crown","The Specimen","Question Card","Girya"],"potions_floor_usage":[4,30,31,33,33,44,50,50,50,50],"damage_taken":[{"damage":3,"enemies":"Cultist","floor":1,"turns":6},{"damage":7,"enemies":"Small Slimes","floor":2,"turns":7},{"damage":1,"enemies":"Jaw Worm","floor":3,"turns":4},{"damage":0,"enemies":"Lots of Slimes","floor":4,"turns":1},{"damage":1,"enemies":"Blue Slaver","floor":7,"turns":5},{"damage":18,"enemies":"Gremlin Nob","floor":10,"turns":4},{"damage":11,"enemies":"Lagavulin","floor":12,"turns":8},{"damage":14,"enemies":"The Guardian","floor":16,"turns":10},{"damage":3,"enemies":"3 Byrds","floor":18,"turns":4},{"damage":2,"enemies":"2 Thieves","floor":22,"turns":4},{"damage":5,"enemies":"Slavers","floor":24,"turns":7},{"damage":0,"enemies":"Snake Plant","floor":25,"turns":5},{"damage":7,"enemies":"3 Cultists","floor":27,"turns":5},{"damage":7,"enemies":"Snecko","floor":29,"turns":5},{"damage":21,"enemies":"Book of Stabbing","floor":30,"turns":6},{"damage":0,"enemies":"Centurion and Healer","floor":31,"turns":7},{"damage":20,"enemies":"Collector","floor":33,"turns":9},{"damage":16,"enemies":"3 Darklings","floor":35,"turns":5},{"damage":0,"enemies":"Orb Walker","floor":37,"turns":4},{"damage":1,"enemies":"Mind Bloom Boss Battle","floor":41,"turns":7},{"damage":16,"enemies":"Mysterious Sphere","floor":44,"turns":6},{"damage":23,"enemies":"Transient","floor":47,"turns":5},{"damage":0,"enemies":"Reptomancer","floor":48,"turns":5},{"damage":38,"enemies":"Donu and Deca","floor":50,"turns":5}],"seed_played":"-3552536168803660875","potions_obtained":[{"floor":3,"key":"AttackPotion"},{"floor":7,"key":"EssenceOfSteel"},{"floor":10,"key":"Regen Potion"},{"floor":24,"key":"Poison Potion"},{"floor":30,"key":"GamblersBrew"},{"floor":31,"key":"SkillPotion"},{"floor":35,"key":"EssenceOfSteel"},{"floor":48,"key":"Explosive Potion"}],"is_trial":false,"path_per_floor":["M","M","M","M","?","R","M","R","T","E","?","E","?","$","R","B",null,"M","?","?","?","M","R","E","M","T","M","?","M","E","M","R","B",null,"M","?","M","$","?","R","?","R","T","?","R","$","M","M","R"],"character_chosen":"THE_SILENT","items_purchased":["Footwork","Art of War","Noxious Fumes","Footwork","Backflip"],"campfire_rested":5,"item_purchase_floors":[14,14,38,46,46],"current_hp_per_floor":[56,49,48,48,37,37,36,36,36,18,18,7,7,7,25,11,48,45,45,45,45,43,43,38,38,38,31,31,24,3,3,21,16,49,33,23,23,23,15,33,32,32,32,16,34,34,11,11,29,0],"gold":99,"neow_bonus":"ONE_RARE_RELIC","is_prod":false,"is_daily":false,"chose_seed":false,"campfire_upgraded":4,"win_rate":0,"timestamp":1538255990,"path_taken":["M","M","M","?","?","R","?","R","T","E","?","E","?","?","R","BOSS","M","?","?","?","M","R","E","M","T","M","?","?","E","M","R","BOSS","M","?","?","$","?","R","?","R","T","?","R","$","M","M","R","BOSS"],"build_version":"2018-09-27","purchased_purges":2,"victory":false,"max_hp_per_floor":[60,60,60,60,60,60,60,60,60,60,60,60,60,60,60,60,60,60,60,60,60,60,60,60,60,60,60,60,60,60,60,60,60,60,60,60,60,60,60,60,60,60,60,60,60,60,60,60,60,60],"card_choices":[{"not_picked":["Outmaneuver","Accuracy"],"picked":"Backflip","floor":1},{"not_picked":["Bane","Well Laid Plans"],"picked":"Deadly Poison","floor":2},{"not_picked":["Slice","Expertise","Heel Hook"],"picked":"SKIP","floor":3},{"not_picked":["Expertise","Distraction"],"picked":"Crippling Poison","floor":4},{"not_picked":["Bane","Distraction"],"picked":"Sucker Punch","floor":7},{"not_picked":["Phantasmal Killer","Blade Dance"],"picked":"Dodge and Roll","floor":10},{"not_picked":["Slice","Quick Slash"],"picked":"Dagger Spray","floor":12},{"not_picked":["Die Die Die","Tools of the Trade"],"picked":"Envenom","floor":16},{"not_picked":["Bane","Terror+1"],"picked":"Sucker Punch","floor":18},{"not_picked":["Setup","Sucker Punch"],"picked":"Calculated Gamble","floor":22},{"not_picked":["Accuracy","Slice"],"picked":"Distraction","floor":24},{"not_picked":["Dagger Spray","Accuracy","Underhanded Strike+1"],"picked":"SKIP","floor":25},{"not_picked":["Dagger Throw","Dodge and Roll"],"picked":"Die Die Die","floor":27},{"not_picked":["Dagger Throw","Accuracy"],"picked":"Noxious Fumes","floor":29},{"not_picked":["Flechettes","Masterful Stab"],"picked":"Tactician","floor":30},{"not_picked":["Choke","All Out Attack"],"picked":"Leg Sweep+1","floor":31},{"not_picked":[],"picked":"Deadly Poison+1","floor":35},{"not_picked":[],"picked":"Enlightenment","floor":36},{"not_picked":[],"picked":"Chrysalis","floor":36},{"not_picked":["Accuracy"],"picked":"SKIP","floor":37},{"not_picked":["All Out Attack"],"picked":"Backflip","floor":44},{"not_picked":["Poisoned Stab","Acrobatics"],"picked":"SKIP","floor":47},{"not_picked":["Predator+1"],"picked":"Dodge and Roll","floor":48}],"player_experience":516367,"relics_obtained":[{"floor":9,"key":"Pocketwatch"},{"floor":10,"key":"Gremlin Horn"},{"floor":12,"key":"Gambling Chip"},{"floor":24,"key":"StoneCalendar"},{"floor":26,"key":"Blue Candle"},{"floor":30,"key":"Ornamental Fan"},{"floor":41,"key":"The Specimen"},{"floor":43,"key":"Question Card"},{"floor":44,"key":"Girya"}],"event_choices":[{"event_name":"World of Goop","player_choice":"Gather Gold","floor":5,"damage_taken":0},{"event_name":"FaceTrader","player_choice":"Trade","floor":11,"damage_taken":0},{"event_name":"Liars Game","player_choice":"disagreed","floor":13,"damage_taken":0},{"event_name":"Vampires","player_choice":"Ignored","floor":19,"damage_taken":0},{"event_name":"Addict","player_choice":"Obtained Relic","floor":20,"damage_taken":0},{"event_name":"Purifier","player_choice":"One Purge","floor":21,"damage_taken":0},{"event_name":"N\u0027loth","player_choice":"Ignored","floor":28,"damage_taken":0},{"event_name":"SensoryStone","player_choice":"Memory 3","floor":36,"damage_taken":0},{"event_name":"Winding Halls","player_choice":"Embrace Madness","floor":39,"damage_taken":0},{"event_name":"MindBloom","player_choice":"Fight","floor":41,"damage_taken":0},{"event_name":"Mysterious Sphere","player_choice":"Fight","floor":44,"damage_taken":0}],"is_beta":false,"boss_relics":[{"not_picked":["Runic Pyramid","Orrery"],"picked":"Pandora\u0027s Box"},{"not_picked":["Calling Bell","Lizard Tail"],"picked":"Busted Crown"}],"items_purged_floors":[14,38],"is_endless":false,"potions_floor_spawned":[3,7,10,12,24,25,30,31,35,41,48],"killed_by":"Donu and Deca","ascension_level":14}