{"path_per_floor":["M","T","M","?","?","R","M","M","T","E","M","R","$","E","R","B",null,"M","?","M","$","M","E","R","?","T","M","?","R","$","E","R"],"character_chosen":"DEFECT","items_purchased":["White Noise","Chaos","Blood Vial","Compile Driver"],"gold_per_floor":[113,113,130,130,130,130,145,156,156,190,208,208,47,78,78,179,179,189,189,199,1,18,51,51,51,105,123,123,123,70,132,132,132],"floor_reached":33,"campfire_rested":3,"playtime":1541,"item_purchase_floors":[13,13,21,30],"current_hp_per_floor":[64,64,64,64,57,57,57,51,51,37,32,54,54,45,45,37,75,75,75,72,72,75,1,23,23,23,24,85,85,85,39,64,0],"items_purged":["Strike_B","Strike_B"],"gold":132,"score":337,"play_id":"cb0c60c6-480a-48d3-b1df-7e3217a00caf","local_time":"20180611095856","is_prod":false,"is_daily":false,"chose_seed":false,"is_ascension_mode":true,"campfire_upgraded":2,"win_rate":0,"timestamp":1528729136,"campfire_choices":[{"data":"Sunder","floor":6,"key":"SMITH"},{"floor":12,"key":"REST"},{"data":"Chaos","floor":15,"key":"SMITH"},{"floor":24,"key":"REST"},{"floor":29,"key":"DIG"},{"floor":32,"key":"REST"}],"path_taken":["M","?","M","?","?","R","M","M","T","E","M","R","$","E","R","BOSS","M","?","?","?","M","E","R","?","T","M","?","R","$","E","R","BOSS"],"build_version":"2018-06-07v3","seed_source_timestamp":2182709204321187,"purchased_purges":2,"victory":false,"master_deck":["Strike_B","Defend_B","Defend_B","Defend_B","Defend_B","Zap","Dualcast","Sunder+1","Ball Lightning","Core Surge+1","Cold Snap","Loop","Glacier","White Noise","Chaos+1","Core Surge+1","White Noise+1","Leap","Self Repair","Compile Driver"],"max_hp_per_floor":[75,75,75,75,75,75,75,75,75,75,75,75,75,75,75,75,75,75,75,75,75,75,75,75,75,75,75,85,85,85,85,85,85],"relics":["Inserter","Shuriken","Vajra","Smiling Mask","Omamori","Thread and Needle","Black Star","Blood Vial","Shovel","Turnip","Whetstone","Ancient Tea Set","Oddly Smooth Stone","Tiny Chest"],"card_choices":[{"not_picked":["Turbo","Coolheaded"],"picked":"Sunder","floor":1},{"not_picked":["Recycle","Conserve Battery"],"picked":"Ball Lightning","floor":3},{"not_picked":["Coolheaded","Conserve Battery"],"picked":"Core Surge","floor":7},{"not_picked":["Aggregate","Redo"],"picked":"Cold Snap","floor":8},{"not_picked":["Doom and Gloom","Scrape"],"picked":"Loop","floor":10},{"not_picked":["Cold Snap","Compile Driver"],"picked":"Glacier","floor":11},{"not_picked":["Beam Cell","Sweeping Beam"],"picked":"Rainbow","floor":14},{"not_picked":["Hyperbeam","Seek"],"picked":"Core Surge","floor":16},{"not_picked":["Beam Cell","Chill","Go for the Eyes"],"picked":"SKIP","floor":18},{"not_picked":["Redo","BootSequence"],"picked":"White Noise+1","floor":20},{"not_picked":["Gash","Go for the Eyes","Coolheaded"],"picked":"SKIP","floor":22},{"not_picked":["Loop","Fusion"],"picked":"Leap","floor":23},{"not_picked":["Creative AI","Leap"],"picked":"Self Repair","floor":27},{"not_picked":["Compile Driver","Force Field","Chill"],"picked":"SKIP","floor":31}],"player_experience":362635,"potions_floor_usage":[23,23,27,31,31,33],"damage_taken":[{"damage":11,"enemies":"Cultist","floor":1,"turns":4},{"damage":0,"enemies":"2 Louse","floor":3,"turns":2},{"damage":0,"enemies":"Small Slimes","floor":7,"turns":1},{"damage":6,"enemies":"Looter","floor":8,"turns":2},{"damage":14,"enemies":"Gremlin Nob","floor":10,"turns":3},{"damage":5,"enemies":"Blue Slaver","floor":11,"turns":4},{"damage":9,"enemies":"3 Sentries","floor":14,"turns":6},{"damage":8,"enemies":"Slime Boss","floor":16,"turns":11},{"damage":0,"enemies":"Chosen","floor":18,"turns":5},{"damage":3,"enemies":"Shell Parasite","floor":20,"turns":6},{"damage":5,"enemies":"Cultist and Chosen","floor":22,"turns":6},{"damage":74,"enemies":"Slavers","floor":23,"turns":6},{"damage":8,"enemies":"Snake Plant","floor":27,"turns":5},{"damage":46,"enemies":"Book of Stabbing","floor":31,"turns":7},{"damage":68,"enemies":"Collector","floor":33,"turns":14}],"relics_obtained":[{"floor":2,"key":"Shuriken"},{"floor":9,"key":"Smiling Mask"},{"floor":10,"key":"Omamori"},{"floor":14,"key":"Thread and Needle"},{"floor":23,"key":"Shovel"},{"floor":23,"key":"Turnip"},{"floor":26,"key":"Whetstone"},{"floor":29,"key":"Ancient Tea Set"},{"floor":31,"key":"Oddly Smooth Stone"},{"floor":31,"key":"Tiny Chest"}],"event_choices":[{"event_name":"Purifier","player_choice":"One Purge","floor":4,"damage_taken":0},{"event_name":"Scrap Ooze","player_choice":"success","floor":5,"damage_taken":7},{"event_name":"Ghosts","player_choice":"Ignored","floor":19,"damage_taken":0},{"event_name":"The Lab","player_choice":"Got Potions","floor":25,"damage_taken":0},{"event_name":"Bonfire Elementals","player_choice":"RARE","floor":28,"damage_taken":0}],"boss_relics":[{"not_picked":["Ectoplasm","Eternal Feather"],"picked":"Black Star"}],"items_purged_floors":[13,21],"potions_floor_spawned":[3,8,16,20,22],"seed_played":"8225940165245718626","killed_by":"Collector","ascension_level":3,"potions_obtained":[{"floor":3,"key":"GamblersBrew"},{"floor":8,"key":"LiquidBronze"},{"floor":16,"key":"Energy Potion"},{"floor":22,"key":"EntropicBrew"},{"floor":25,"key":"GamblersBrew"},{"floor":25,"key":"PowerPotion"}],"is_trial":false}