{"gold_per_floor":[109,122,133,133,133,133,168,8,79,79,108,123,123,151,151,255,255,272,288,288],"floor_reached":20,"playtime":2190,"items_purged":[],"score":207,"play_id":"bf71d50e-8a4d-42e2-81fa-79dbb8a2dde6","local_time":"20190109094455","is_ascension_mode":false,"campfire_choices":[{"data":"Noxious Fumes","floor":6.0,"key":"SMITH"},{"floor":10.0,"key":"REST"},{"floor":13,"key":"REST"},{"floor":15,"key":"REST"}],"neow_cost":"NONE","seed_source_timestamp":0,"circlet_count":0,"master_deck":["Defend_G","Defend_G","Defend_G","Defend_G","Defend_G","Strike_G","Strike_G","Strike_G","Strike_G","Strike_G","Survivor","Neutralize","Blade Dance","Caltrops+1","Noxious Fumes+1","Dodge and Roll","After Image","Dodge and Roll","Prepared","Leg Sweep","Well Laid Plans","Deflect","Escape Plan","Burst"],"special_seed":0,"relics":["Ring of the Serpent","Juzu Bracelet","Dream Catcher","Shuriken","Odd Mushroom","Omamori"],"potions_floor_usage":[20,20,20],"damage_taken":[{"damage":0.0,"enemies":"Cultist","floor":1.0,"turns":5.0},{"damage":0.0,"enemies":"2 Louse","floor":2.0,"turns":3.0},{"damage":7.0,"enemies":"Small Slimes","floor":3.0,"turns":4.0},{"damage":35.0,"enemies":"Gremlin Nob","floor":7.0,"turns":5.0},{"damage":11.0,"enemies":"The Mushroom Lair","floor":11.0,"turns":5.0},{"damage":3.0,"enemies":"Exordium Wildlife","floor":12.0,"turns":4.0},{"damage":0,"enemies":"Lagavulin","floor":14,"turns":8},{"damage":24,"enemies":"The Guardian","floor":16,"turns":11},{"damage":1,"enemies":"Spheric Guardian","floor":18,"turns":7},{"damage":2,"enemies":"Shell Parasite","floor":19,"turns":6},{"damage":12,"enemies":"Colosseum Slavers","floor":20,"turns":6},{"damage":63,"enemies":"Colosseum Nobs","floor":20,"turns":7}],"seed_played":"7819542773958849775","potions_obtained":[{"floor":3.0,"key":"SpeedPotion"},{"floor":7.0,"key":"AttackPotion"},{"floor":11.0,"key":"FearPotion"}],"is_trial":false,"path_per_floor":["M","M","M","?","?","R","E","$","T","R","?","M","R","E","R","B",null,"M","M","?"],"character_chosen":"THE_SILENT","items_purchased":["After Image"],"campfire_rested":3,"item_purchase_floors":[8],"current_hp_per_floor":[70,70,63,63,63,63,28,28,28,49,38,35,56,56,70,46,70,69,67,0],"gold":288,"neow_bonus":"RANDOM_COMMON_RELIC","is_prod":false,"is_daily":false,"chose_seed":false,"campfire_upgraded":1,"win_rate":0.0,"timestamp":1547023495,"path_taken":["M","M","M","?","?","R","E","$","T","R","?","M","R","E","R","BOSS","M","M","?"],"build_version":"2019-01-08","purchased_purges":0,"victory":false,"max_hp_per_floor":[70,70,70,70,70,70,70,70,70,70,70,70,70,70,70,70,70,70,70,70],"card_choices":[{"not_picked":["Riddle With Holes","Quick Slash"],"picked":"Blade Dance","floor":1.0},{"not_picked":["Dodge and Roll","Dagger Throw"],"picked":"Caltrops","floor":2.0},{"not_picked":["Tactician","Crippling Poison"],"picked":"Noxious Fumes","floor":3.0},{"not_picked":["Distraction","Flying Knee"],"picked":"Dodge and Roll","floor":7.0},{"not_picked":["Predator","Distraction"],"picked":"Dodge and Roll","floor":10.0},{"not_picked":["Choke","Underhanded Strike"],"picked":"Prepared","floor":11.0},{"not_picked":["Eviscerate","Cloak And Dagger"],"picked":"Leg Sweep","floor":12.0},{"not_picked":["Die Die Die","Sucker Punch"],"picked":"Well Laid Plans","floor":13},{"not_picked":["Leg Sweep","Accuracy"],"picked":"Deflect","floor":14},{"not_picked":["Masterful Stab","Slice"],"picked":"Escape Plan","floor":15},{"not_picked":["Envenom","Phantasmal Killer"],"picked":"Burst","floor":16},{"not_picked":["Bouncing Flask+1","PiercingWail","Dagger Spray"],"picked":"SKIP","floor":18},{"not_picked":["Reflex","Flying Knee","Quick Slash+1"],"picked":"SKIP","floor":19}],"player_experience":97791,"relics_obtained":[{"floor":7.0,"key":"Dream Catcher"},{"floor":9.0,"key":"Shuriken"},{"floor":11.0,"key":"Odd Mushroom"},{"floor":14,"key":"Omamori"}],"event_choices":[{"damage_healed":0.0,"max_hp_gain":0.0,"max_hp_loss":0.0,"gold_gain":0.0,"event_name":"Living Wall","player_choice":"Grow","floor":4.0,"gold_loss":0.0,"damage_taken":0.0,"cards_upgraded":["Caltrops"]},{"damage_healed":0.0,"max_hp_gain":0.0,"max_hp_loss":0.0,"gold_gain":0.0,"event_name":"The Woman in Blue","player_choice":"Bought 0 Potions","floor":5.0,"gold_loss":0.0,"damage_taken":0.0},{"damage_healed":0.0,"max_hp_gain":0.0,"max_hp_loss":0.0,"gold_gain":0.0,"event_name":"Mushrooms","player_choice":"Fought Mushrooms","floor":11.0,"gold_loss":0.0,"damage_taken":0.0},{"damage_healed":0,"gold_gain":0,"player_choice":"Fight","damage_taken":0,"max_hp_gain":0,"max_hp_loss":0,"event_name":"Colosseum","floor":20,"gold_loss":0},{"damage_healed":0,"gold_gain":0,"player_choice":"Fought Nobs","damage_taken":0,"max_hp_gain":0,"max_hp_loss":0,"event_name":"Colosseum","floor":20,"gold_loss":0}],"is_beta":true,"boss_relics":[{"not_picked":["Runic Pyramid","Ectoplasm"],"picked":"Ring of the Serpent"}],"items_purged_floors":[],"is_endless":false,"potions_floor_spawned":[3,7,11],"killed_by":"Colosseum Nobs","ascension_level":0}