{"gold_per_floor":[117,127,143,159,4,4,19,194,194,194,194,194,194],"floor_reached":13,"playtime":421,"items_purged":[],"score":75,"play_id":"84751dc9-a1e5-44fb-9b19-b2014fb295a1","local_time":"20180704223047","is_ascension_mode":false,"campfire_choices":[{"data":"Searing Blow","floor":6.0,"key":"SMITH"},{"data":"Searing Blow+1","floor":11,"key":"SMITH"}],"neow_cost":"","seed_source_timestamp":0,"circlet_count":0,"master_deck":["Strike_R","Strike_R","Strike_R","Strike_R","Defend_R","Defend_R","Defend_R","Defend_R","Bash","Heavy Blade","Iron Wave","Feed","Searing Blow+2","Sword Boomerang","Doubt","Injury"],"special_seed":17714,"relics":["Burning Blood","Juzu Bracelet","Matryoshka","Paper Frog","Golden Idol"],"potions_floor_usage":[],"damage_taken":[{"damage":1.0,"enemies":"Cultist","floor":1.0,"turns":3.0},{"damage":11.0,"enemies":"Jaw Worm","floor":2.0,"turns":2.0},{"damage":5.0,"enemies":"2 Louse","floor":3.0,"turns":2.0},{"damage":16.0,"enemies":"Large Slime","floor":4.0,"turns":6.0},{"damage":15.0,"enemies":"Looter","floor":7.0,"turns":3.0},{"damage":59,"enemies":"Lagavulin","floor":13,"turns":6}],"seed_played":"-1225959166387634968","potions_obtained":[{"floor":1.0,"key":"SkillPotion"},{"floor":7,"key":"PowerPotion"}],"is_trial":false,"path_per_floor":["M","M","M","M","$","R","M","?","T","?","R","?"],"character_chosen":"IRONCLAD","items_purchased":["Juzu Bracelet"],"campfire_rested":0,"item_purchase_floors":[],"current_hp_per_floor":[80,75,76,66,66,66,57,57,57,57,57,57,0],"gold":194,"neow_bonus":"","is_prod":false,"is_daily":false,"chose_seed":false,"campfire_upgraded":2,"win_rate":0.0,"timestamp":1530718247,"path_taken":["M","M","M","M","?","R","M","?","T","?","R","?","E"],"build_version":"2018-06-28","purchased_purges":0,"victory":false,"max_hp_per_floor":[80,80,80,80,80,80,80,80,80,80,80,80,80],"card_choices":[{"not_picked":["Iron Wave","Twin Strike"],"picked":"Heavy Blade","floor":1.0},{"not_picked":["Heavy Blade","Body Slam"],"picked":"Iron Wave","floor":2.0},{"not_picked":["Rampage","Uppercut"],"picked":"Feed","floor":3.0},{"not_picked":["True Grit","Pommel Strike"],"picked":"Searing Blow","floor":4.0},{"not_picked":["Perfected Strike","Heavy Blade"],"picked":"Sword Boomerang","floor":7}],"player_experience":34723,"relics_obtained":[{"floor":9,"key":"Matryoshka"}],"event_choices":[{"event_name":"Liars Game","player_choice":"agreed","floor":8,"damage_taken":0},{"event_name":"Accursed Blacksmith","player_choice":"Rummage","floor":10,"damage_taken":0},{"event_name":"Golden Idol","player_choice":"Take Wound","floor":12,"damage_taken":0}],"boss_relics":[],"items_purged_floors":[],"is_endless":false,"potions_floor_spawned":[1,7],"killed_by":"Lagavulin","ascension_level":0}