{"gold_per_floor":[118,135,147,147,112,112,144,15,41,78,155,167,11,37,37,108,108,124,174,374,374,374,407,407,438,438,438,456,42,55,73,73,150,150,164,180,180,180,180,180,215,215,242,242,256,256,356,356,356,356],"floor_reached":51,"playtime":2392,"items_purged":["Strike_G","Strike_G+1"],"score":1538,"play_id":"850c1a7d-4953-4e19-a29e-2219d50165b4","local_time":"20181107143117","is_ascension_mode":true,"campfire_choices":[{"data":"Neutralize","floor":6,"key":"SMITH"},{"floor":12,"key":"REST"},{"data":"Noxious Fumes","floor":15,"key":"SMITH"},{"data":"Crippling Poison","floor":24,"key":"SMITH"},{"data":"Wraith Form v2","floor":27,"key":"SMITH"},{"data":"Infinite Blades","floor":32,"key":"SMITH"},{"data":"Wraith Form v2","floor":40,"key":"SMITH"},{"data":"Deadly Poison","floor":42,"key":"SMITH"},{"data":"Poisoned Stab","floor":46,"key":"SMITH"},{"data":"Poisoned Stab","floor":49,"key":"SMITH"}],"neow_cost":"NONE","seed_source_timestamp":88390821401927,"circlet_count":0,"master_deck":["AscendersBane","Defend_G+1","Defend_G+1","Defend_G+1","Defend_G+1","Defend_G+1","Strike_G+1","Strike_G+1","Survivor+1","Neutralize+1","Masterful Stab","Poisoned Stab+1","Poisoned Stab+1","Endless Agony","Deadly Poison+1","Backflip+1","Noxious Fumes+1","Crippling Poison+1","Wraith Form v2+1","Wraith Form v2+1","Infinite Blades+1","Poisoned Stab","Calculated Gamble+1","PiercingWail+1","Corpse Explosion+1","Cloak And Dagger+1","Catalyst+1","Crippling Poison+1","Deflect+1"],"relics":["Ring of the Snake","Art of War","Ancient Tea Set","MawBank","Strawberry","Juzu Bracelet","Coffee Dripper","Ornamental Fan","Kunai","Toxic Egg 2","Ninja Scroll","Runic Pyramid","Singing Bowl","Bag of Marbles","War Paint","Ice Cream"],"potions_floor_usage":[7,7,14,16,23,23,50],"damage_taken":[{"damage":6,"enemies":"2 Louse","floor":1,"turns":4},{"damage":6,"enemies":"Jaw Worm","floor":2,"turns":6},{"damage":4,"enemies":"Small Slimes","floor":3,"turns":3},{"damage":19,"enemies":"Gremlin Nob","floor":7,"turns":4},{"damage":19,"enemies":"3 Sentries","floor":10,"turns":9},{"damage":8,"enemies":"Gremlin Nob","floor":14,"turns":3},{"damage":14,"enemies":"Slime Boss","floor":16,"turns":9},{"damage":5,"enemies":"Spheric Guardian","floor":18,"turns":5},{"damage":21,"enemies":"Book of Stabbing","floor":23,"turns":6},{"damage":0,"enemies":"Slavers","floor":25,"turns":5},{"damage":1,"enemies":"Shell Parasite","floor":28,"turns":5},{"damage":0,"enemies":"Snake Plant","floor":30,"turns":4},{"damage":0,"enemies":"Centurion and Healer","floor":31,"turns":6},{"damage":27,"enemies":"Collector","floor":33,"turns":9},{"damage":0,"enemies":"Orb Walker","floor":35,"turns":3},{"damage":0,"enemies":"3 Shapes","floor":36,"turns":3},{"damage":0,"enemies":"Nemesis","floor":41,"turns":9},{"damage":0,"enemies":"Jaw Worm Horde","floor":45,"turns":4},{"damage":0,"enemies":"Mind Bloom Boss Battle","floor":47,"turns":5},{"damage":16,"enemies":"Awakened One","floor":50,"turns":14}],"seed_played":"574797394705702490","potions_obtained":[{"floor":1,"key":"FairyPotion"},{"floor":2,"key":"Weak Potion"},{"floor":3,"key":"PowerPotion"},{"floor":14,"key":"Dexterity Potion"},{"floor":16,"key":"Poison Potion"},{"floor":18,"key":"FearPotion"},{"floor":28,"key":"Energy Potion"},{"floor":30,"key":"Energy Potion"},{"floor":36,"key":"PowerPotion"},{"floor":41,"key":"LiquidBronze"}],"is_trial":false,"path_per_floor":["M","M","M","?","?","R","E","$","T","E","?","R","$","E","R","B",null,"M","?","?","?","?","E","R","E","T","R","M","$","M","M","R","B",null,"M","M","?","?","T","R","E","R","T","?","M","R","?","?","R","B",null],"character_chosen":"THE_SILENT","items_purchased":["Deadly Poison","Noxious Fumes","Crippling Poison","PowerPotion","Ninja Scroll","Calculated Gamble+1"],"campfire_rested":1,"item_purchase_floors":[8,13,13,13,29,29],"current_hp_per_floor":[53,47,43,23,39,39,20,20,20,8,8,29,29,21,21,7,57,52,52,52,52,52,31,31,31,31,31,30,30,30,30,30,3,56,56,56,73,73,73,73,73,73,73,73,73,73,73,75,75,59],"gold":356,"neow_bonus":"RANDOM_COMMON_RELIC","is_prod":false,"is_daily":false,"chose_seed":false,"campfire_upgraded":9,"win_rate":0,"timestamp":1541619077,"path_taken":["M","M","M","?","?","R","E","$","T","E","?","R","$","E","R","BOSS","M","?","?","?","?","E","R","E","T","R","M","$","M","M","R","BOSS","M","M","?","?","?","R","E","R","T","?","M","R","?","?","R","BOSS"],"build_version":"2018-11-01","purchased_purges":2,"victory":true,"max_hp_per_floor":[66,66,66,66,66,66,66,66,66,73,73,73,73,73,73,73,73,73,73,73,73,73,73,73,73,73,73,73,73,73,73,73,73,73,73,73,73,73,73,73,73,73,73,73,73,73,73,75,75,75],"card_choices":[{"not_picked":["Footwork","Prepared"],"picked":"Masterful Stab","floor":1},{"not_picked":["Bane","Blade Dance"],"picked":"Poisoned Stab","floor":2},{"not_picked":["Deflect","Flechettes"],"picked":"Poisoned Stab","floor":3},{"not_picked":["Acrobatics","Outmaneuver"],"picked":"Endless Agony","floor":7},{"not_picked":["Flechettes","Outmaneuver"],"picked":"Backflip","floor":10},{"not_picked":["Prepared","Crippling Poison"],"picked":"Wraith Form v2","floor":14},{"not_picked":["Unload","Tools of the Trade"],"picked":"Wraith Form v2","floor":16},{"not_picked":["Expertise+1","Quick Slash"],"picked":"Dash","floor":18},{"not_picked":["Leg Sweep+1","Poisoned Stab"],"picked":"Dagger Spray","floor":23},{"not_picked":["Bane+1","Quick Slash"],"picked":"Infinite Blades","floor":25},{"not_picked":["Prepared+1","Distraction+1"],"picked":"Poisoned Stab","floor":28},{"not_picked":["Prepared+1","Dagger Spray","Riddle With Holes"],"picked":"SKIP","floor":30},{"not_picked":["Prepared+1","Dagger Spray","Riddle With Holes"],"picked":"SKIP","floor":30},{"not_picked":["Prepared+1","Dagger Spray","Riddle With Holes"],"picked":"SKIP","floor":30},{"not_picked":["Leg Sweep+1","Dagger Spray"],"picked":"PiercingWail+1","floor":31},{"not_picked":["Glass Knife","Phantasmal Killer+1"],"picked":"Corpse Explosion+1","floor":33},{"not_picked":["Flechettes+1","Infinite Blades"],"picked":"Cloak And Dagger+1","floor":35},{"not_picked":["Reflex+1","Bane","Tactician+1"],"picked":"SKIP","floor":36},{"not_picked":["Poisoned Stab","Riddle With Holes"],"picked":"Catalyst+1","floor":41},{"not_picked":["Acrobatics+1","Flying Knee"],"picked":"Crippling Poison+1","floor":45},{"not_picked":["Footwork","Finisher"],"picked":"Deflect+1","floor":47},{"not_picked":["Discovery+1","Dramatic Entrance","Enlightenment+1"],"picked":"Singing Bowl","floor":48}],"player_experience":625747,"relics_obtained":[{"floor":7,"key":"Ancient Tea Set"},{"floor":9,"key":"MawBank"},{"floor":10,"key":"Strawberry"},{"floor":14,"key":"Juzu Bracelet"},{"floor":23,"key":"Ornamental Fan"},{"floor":25,"key":"Kunai"},{"floor":26,"key":"Toxic Egg 2"},{"floor":39,"key":"Singing Bowl"},{"floor":41,"key":"Bag of Marbles"},{"floor":43,"key":"War Paint"},{"floor":47,"key":"Ice Cream"}],"event_choices":[{"damage_healed":0,"gold_gain":0,"player_choice":"Entered Light","damage_taken":20,"max_hp_gain":0,"max_hp_loss":0,"event_name":"Shining Light","floor":4,"gold_loss":0,"cards_upgraded":["Defend_G","Strike_G"]},{"damage_healed":16,"gold_gain":0,"player_choice":"Healed","damage_taken":0,"max_hp_gain":0,"max_hp_loss":0,"event_name":"The Cleric","floor":5,"gold_loss":35},{"damage_healed":0,"gold_gain":65,"player_choice":"Gained Gold","damage_taken":0,"max_hp_gain":0,"max_hp_loss":0,"event_name":"Golden Wing","floor":11,"gold_loss":0},{"damage_healed":0,"gold_gain":50,"player_choice":"Stole From Cult","damage_taken":0,"max_hp_gain":0,"max_hp_loss":0,"event_name":"Nest","floor":19,"gold_loss":0},{"damage_healed":0,"gold_gain":250,"player_choice":"Bet on Owner","damage_taken":0,"max_hp_gain":0,"max_hp_loss":0,"event_name":"The Joust","floor":20,"gold_loss":50},{"damage_healed":0,"gold_gain":0,"player_choice":"Ignored","damage_taken":0,"max_hp_gain":0,"max_hp_loss":0,"event_name":"The Mausoleum","floor":21,"gold_loss":0},{"damage_healed":0,"gold_gain":0,"player_choice":"Simplicity","damage_taken":0,"max_hp_gain":0,"max_hp_loss":0,"event_name":"Back to Basics","floor":22,"gold_loss":0,"cards_upgraded":["Defend_G","Defend_G","Defend_G","Defend_G","Strike_G","Strike_G","Strike_G"]},{"cards_removed":["Dash"],"damage_healed":17,"gold_gain":0,"player_choice":"Offered Uncommon","damage_taken":0,"max_hp_gain":0,"max_hp_loss":0,"event_name":"Bonfire Elementals","floor":37,"gold_loss":0},{"cards_removed":["Strike_G"],"damage_healed":0,"gold_gain":0,"player_choice":"Card Removal","damage_taken":0,"max_hp_gain":0,"max_hp_loss":0,"event_name":"Wheel of Change","floor":38,"gold_loss":0},{"cards_removed":["Dagger Spray"],"damage_healed":0,"gold_gain":0,"player_choice":"Removed Attack","damage_taken":0,"max_hp_gain":0,"max_hp_loss":0,"event_name":"Falling","floor":44,"gold_loss":0},{"damage_healed":0,"gold_gain":0,"player_choice":"Fight","damage_taken":0,"max_hp_gain":0,"max_hp_loss":0,"event_name":"MindBloom","floor":47,"gold_loss":0},{"damage_healed":0,"gold_gain":0,"player_choice":"Memory 1","damage_taken":0,"max_hp_gain":0,"max_hp_loss":0,"event_name":"SensoryStone","floor":48,"gold_loss":0}],"is_beta":false,"boss_relics":[{"not_picked":["Calling Bell","Astrolabe"],"picked":"Coffee Dripper"},{"not_picked":["Philosopher\u0027s Stone","Cursed Key"],"picked":"Runic Pyramid"}],"items_purged_floors":[8,29],"is_endless":false,"potions_floor_spawned":[1,2,3,14,16,18,28,30,31,36,41],"ascension_level":19}