{"gold_per_floor":[115,133,143,143,158,158,206,206,206,239,204,233,252,77,77,152,152,167,179,191,116,130,130,130,147,147,147,167,187,46,46,46,46],"floor_reached":33,"playtime":987,"items_purged":["Strike_B"],"score":492,"play_id":"4b70765e-ffaa-4580-a0e7-87c8b19a8b71","local_time":"20181015231420","is_ascension_mode":true,"campfire_choices":[{"floor":6,"key":"REST"},{"data":"Streamline","floor":8,"key":"SMITH"},{"floor":15,"key":"REST"},{"floor":23,"key":"REST"},{"data":"Capacitor","floor":32,"key":"SMITH"}],"neow_cost":"PERCENT_DAMAGE","seed_source_timestamp":687528144972735,"circlet_count":0,"master_deck":["Defend_B","Defend_B","Defend_B","Defend_B","Zap","Dualcast","AscendersBane","Core Surge","Streamline+1","Ball Lightning","Self Repair","Biased Cognition","Leap","Lockon","Echo Form","Cold Snap","Multi-Cast","Leap","Auto Shields","Capacitor+1"],"relics":["Cracked Core","Bronze Scales","Singing Bowl","Ancient Tea Set","Omamori","Cursed Key","Bottled Flame","Lantern","Kunai"],"potions_floor_usage":[10,12,16,20,33],"damage_taken":[{"damage":0,"enemies":"2 Louse","floor":1,"turns":2},{"damage":6,"enemies":"Cultist","floor":2,"turns":3},{"damage":7,"enemies":"Jaw Worm","floor":3,"turns":3},{"damage":24,"enemies":"Exordium Wildlife","floor":5,"turns":4},{"damage":22,"enemies":"Gremlin Nob","floor":10,"turns":4},{"damage":26,"enemies":"Lagavulin","floor":12,"turns":6},{"damage":13,"enemies":"2 Fungi Beasts","floor":13,"turns":3},{"damage":9,"enemies":"Slime Boss","floor":16,"turns":8},{"damage":5,"enemies":"Chosen","floor":18,"turns":4},{"damage":22,"enemies":"2 Thieves","floor":19,"turns":3},{"damage":25,"enemies":"3 Cultists","floor":20,"turns":5},{"damage":23,"enemies":"Snecko","floor":22,"turns":6},{"damage":10,"enemies":"Snake Plant","floor":25,"turns":3},{"damage":10,"enemies":"3 Cultists","floor":28,"turns":5},{"damage":8,"enemies":"Snecko","floor":29,"turns":4},{"damage":70,"enemies":"Automaton","floor":33,"turns":6}],"seed_played":"8387624833810836962","potions_obtained":[{"floor":1,"key":"Weak Potion"},{"floor":5,"key":"Dexterity Potion"},{"floor":12,"key":"SpeedPotion"},{"floor":18,"key":"Energy Potion"},{"floor":22,"key":"EssenceOfSteel"},{"floor":29,"key":"SmokeBomb"}],"is_trial":false,"path_per_floor":["M","M","M","?","M","R","T","R","T","E","?","E","M","$","R","B",null,"M","M","M","?","M","R","?","M","T","?","M","M","$","?","R"],"character_chosen":"DEFECT","items_purchased":["Leap","Lockon","Capacitor","PowerPotion"],"campfire_rested":3,"item_purchase_floors":[14,14,30,30],"current_hp_per_floor":[46,40,33,33,9,30,30,30,30,15,32,15,11,11,33,31,64,73,60,35,35,21,44,44,43,43,43,40,39,39,39,39,0],"gold":46,"neow_bonus":"THREE_RARE_CARDS","is_prod":false,"is_daily":false,"chose_seed":false,"campfire_upgraded":2,"win_rate":0,"timestamp":1539659660,"path_taken":["M","M","M","?","M","R","?","R","T","E","?","E","M","$","R","BOSS","M","M","M","?","M","R","?","M","T","?","M","?","?","?","R","BOSS"],"build_version":"2018-10-11","purchased_purges":1,"victory":false,"max_hp_per_floor":[71,71,71,71,71,71,71,71,71,71,71,73,75,75,75,75,75,75,77,77,77,79,79,79,81,81,81,81,81,81,81,81,81],"card_choices":[{"not_picked":["Rainbow","Buffer"],"picked":"Core Surge","floor":0},{"not_picked":["Lockon","Stack"],"picked":"Streamline","floor":1},{"not_picked":["Streamline","Blizzard","Reprogram"],"picked":"SKIP","floor":2},{"not_picked":["Darkness","Rebound"],"picked":"Ball Lightning","floor":3},{"not_picked":["Ball Lightning","Static Discharge"],"picked":"Self Repair","floor":5},{"not_picked":["Aggregate","Rip and Tear"],"picked":"Biased Cognition","floor":10},{"not_picked":["Gash","Consume","Redo"],"picked":"Singing Bowl","floor":12},{"not_picked":["Force Field","Beam Cell","Rebound"],"picked":"Singing Bowl","floor":13},{"not_picked":["Machine Learning","All For One"],"picked":"Echo Form","floor":16},{"not_picked":["Coolheaded","Leap"],"picked":"Cold Snap","floor":18},{"not_picked":["Gash","Ball Lightning","Go for the Eyes"],"picked":"Singing Bowl","floor":19},{"not_picked":["Reprogram","Skim"],"picked":"Multi-Cast","floor":20},{"not_picked":["Turbo","Static Discharge","Gash"],"picked":"Singing Bowl","floor":22},{"not_picked":["Reprogram","Steam","Coolheaded"],"picked":"Singing Bowl","floor":25},{"not_picked":["Fusion+1","Streamline"],"picked":"Leap","floor":28},{"not_picked":["Melter","Reprogram"],"picked":"Auto Shields","floor":29}],"player_experience":569473,"relics_obtained":[{"floor":7,"key":"Bronze Scales"},{"floor":9,"key":"Singing Bowl"},{"floor":10,"key":"Ancient Tea Set"},{"floor":12,"key":"Omamori"},{"floor":26,"key":"Bottled Flame"}],"event_choices":[{"event_name":"Purifier","player_choice":"One Purge","floor":4,"damage_taken":0},{"event_name":"The Cleric","player_choice":"Healed","floor":11,"damage_taken":0},{"event_name":"Beggar","player_choice":"Gave Gold","floor":21,"damage_taken":0},{"event_name":"Wheel of Change","player_choice":"Card Removal","floor":24,"damage_taken":0},{"event_name":"The Mausoleum","player_choice":"Yes","floor":27,"damage_taken":0},{"event_name":"WeMeetAgain","player_choice":"Potion","floor":31,"damage_taken":0}],"is_beta":false,"boss_relics":[{"not_picked":["Nuclear Battery","Coffee Dripper"],"picked":"Cursed Key"}],"items_purged_floors":[14],"is_endless":false,"potions_floor_spawned":[1,5,12,18,22,29],"killed_by":"Automaton","ascension_level":18}