{"gold_per_floor":[110,110,135,34,209,249,249,249,275,275,288,307,257,257,257,378,378,348,348,348,348,348,348,348,348,348,348,348,181,181,181,181,181],"floor_reached":33,"playtime":1258,"items_purged":["Injury","Strike_B"],"score":357,"play_id":"9d3d2136-ae77-4772-8bbd-86a9a06822e6","local_time":"20190123174250","is_ascension_mode":true,"campfire_choices":[{"floor":8,"key":"REST"},{"floor":15,"key":"REST"},{"floor":23,"key":"REST"},{"data":"Gash","floor":25,"key":"SMITH"},{"data":"Gash","floor":28,"key":"SMITH"},{"floor":32,"key":"REST"}],"neow_cost":"NONE","seed_source_timestamp":12888696073584,"circlet_count":0,"master_deck":["Strike_B","Defend_B","Defend_B","Defend_B","Defend_B","Zap","Dualcast","All For One","Gash+1","Gash+1","Doubt","Static Discharge","Beam Cell","Leap","White Noise","Biased Cognition","Conserve Battery","Recycle+1","Electrodynamics","Capacitor","Scrape+1","Tempest","Gash","Loop"],"relics":["Cracked Core","Golden Idol","Bird Faced Urn","Centennial Puzzle","The Courier","Ectoplasm","Strawberry","Sundial"],"potions_floor_usage":[18,20,31,31],"damage_taken":[{"damage":10,"enemies":"Small Slimes","floor":1,"turns":4},{"damage":0,"enemies":"2 Louse","floor":3,"turns":2},{"damage":53,"enemies":"Lagavulin","floor":6,"turns":7},{"damage":7,"enemies":"Jaw Worm","floor":11,"turns":2},{"damage":0,"enemies":"Large Slime","floor":12,"turns":5},{"damage":49,"enemies":"Hexaghost","floor":16,"turns":9},{"damage":6,"enemies":"2 Thieves","floor":18,"turns":3},{"damage":39,"enemies":"Shell Parasite","floor":19,"turns":5},{"damage":17,"enemies":"Sentry and Sphere","floor":20,"turns":5},{"damage":2,"enemies":"Snecko","floor":21,"turns":3},{"damage":0,"enemies":"Gremlin Leader","floor":24,"turns":5},{"damage":24,"enemies":"Chosen and Byrds","floor":27,"turns":6},{"damage":34,"enemies":"Snake Plant","floor":30,"turns":3},{"damage":24,"enemies":"Slavers","floor":31,"turns":2},{"damage":54,"enemies":"Champ","floor":33,"turns":6}],"seed_played":"7917397867801371321","potions_obtained":[{"floor":3,"key":"FearPotion"},{"floor":11,"key":"FearPotion"},{"floor":16,"key":"Explosive Potion"},{"floor":19,"key":"PowerPotion"},{"floor":27,"key":"PowerPotion"}],"is_trial":false,"path_per_floor":["M","?","M","$","?","E","?","R","T","?","M","M","?","?","R","B",null,"M","M","M","M","?","R","E","R","T","M","R","$","M","E","R","B"],"character_chosen":"DEFECT","items_purchased":["Gash","Tempest","Gash"],"campfire_rested":4,"item_purchase_floors":[4,29,29],"current_hp_per_floor":[65,65,65,65,65,12,17,41,41,38,31,33,33,33,57,12,80,76,43,34,38,64,80,87,87,87,67,67,67,37,19,45,0],"gold":181,"neow_bonus":"ONE_RANDOM_RARE_CARD","is_prod":false,"is_daily":false,"chose_seed":false,"campfire_upgraded":2,"win_rate":0,"timestamp":1548283370,"path_taken":["M","?","M","$","?","E","?","R","T","?","M","?","?","?","R","BOSS","M","M","?","?","?","R","E","R","T","M","R","?","M","E","R","BOSS"],"build_version":"2019-01-23","purchased_purges":2,"victory":false,"max_hp_per_floor":[75,75,75,75,75,75,80,80,80,80,80,80,80,80,80,80,80,80,80,80,80,80,80,87,87,87,87,87,87,87,87,87,87],"card_choices":[{"not_picked":["Aggregate","Conserve Battery"],"picked":"Gash","floor":1},{"not_picked":["Skim","Chaos","Compile Driver"],"picked":"SKIP","floor":3},{"not_picked":["Streamline","Hologram"],"picked":"Static Discharge","floor":6},{"not_picked":["Leap","Redo"],"picked":"Beam Cell","floor":11},{"not_picked":["Rebound","Stack"],"picked":"Leap","floor":12},{"not_picked":["Thunder Strike","Reboot"],"picked":"Biased Cognition","floor":16},{"not_picked":["Hologram+1","Compile Driver+1","Blizzard"],"picked":"SKIP","floor":18},{"not_picked":["Stack+1","Compile Driver"],"picked":"Conserve Battery","floor":19},{"not_picked":["Steam+1","Hologram"],"picked":"Recycle+1","floor":20},{"not_picked":["FTL","Melter"],"picked":"Electrodynamics","floor":21},{"not_picked":["Auto Shields","Consume"],"picked":"Capacitor","floor":24},{"not_picked":["Conserve Battery","Leap"],"picked":"Scrape+1","floor":27},{"not_picked":["Blizzard+1","Barrage"],"picked":"Loop","floor":30},{"not_picked":["Cold Snap+1","Ball Lightning","Rebound"],"picked":"SKIP","floor":31}],"player_experience":110583,"relics_obtained":[{"floor":6,"key":"Bird Faced Urn"},{"floor":9,"key":"Centennial Puzzle"},{"floor":24,"key":"Strawberry"},{"floor":31,"key":"Sundial"}],"event_choices":[{"damage_healed":0,"gold_gain":0,"player_choice":"Take Wound","damage_taken":0,"relics_obtained":["Golden Idol"],"max_hp_gain":0,"max_hp_loss":0,"event_name":"Golden Idol","floor":2,"gold_loss":0,"cards_obtained":["Injury"]},{"damage_healed":0,"gold_gain":175,"player_choice":"AGREE","damage_taken":0,"max_hp_gain":0,"max_hp_loss":0,"event_name":"Liars Game","floor":5,"gold_loss":0,"cards_obtained":["Doubt"]},{"damage_healed":0,"gold_gain":0,"player_choice":"Donut","damage_taken":0,"max_hp_gain":5,"max_hp_loss":0,"event_name":"Big Fish","floor":7,"gold_loss":0},{"damage_healed":0,"gold_gain":0,"player_choice":"Success","damage_taken":3,"relics_obtained":["The Courier"],"max_hp_gain":0,"max_hp_loss":0,"event_name":"Scrap Ooze","floor":10,"gold_loss":0},{"cards_removed":["Strike_B"],"damage_healed":0,"gold_gain":0,"player_choice":"Card Removal","damage_taken":0,"max_hp_gain":0,"max_hp_loss":0,"event_name":"The Cleric","floor":13,"gold_loss":50},{"damage_healed":0,"gold_gain":0,"cards_transformed":["Strike_B"],"player_choice":"Transformed","damage_taken":0,"max_hp_gain":0,"max_hp_loss":0,"event_name":"Transmorgrifier","floor":14,"gold_loss":0,"cards_obtained":["White Noise"]},{"damage_healed":26,"gold_gain":0,"player_choice":"Heal","damage_taken":0,"max_hp_gain":0,"max_hp_loss":0,"event_name":"The Library","floor":22,"gold_loss":0}],"is_beta":false,"boss_relics":[{"not_picked":["Philosopher\u0027s Stone","Pandora\u0027s Box"],"picked":"Ectoplasm"}],"items_purged_floors":[4,29],"is_endless":false,"potions_floor_spawned":[3,11,16,19,27,30],"killed_by":"Champ","ascension_level":3}