{"gold_per_floor":[119,132,144,156,174,174,199,199,223,148,164,191,191,202,202,281,281,291,15,15,65,65,92,92,108,108,123,123,141,166,182,182,182],"floor_reached":33,"playtime":1299,"items_purged":["Strike_R"],"score":673,"play_id":"5d8510b4-5849-4b41-b2b4-098b85ad5e1c","local_time":"20180908140856","is_ascension_mode":true,"campfire_choices":[{"data":"Bash","floor":6,"key":"SMITH"},{"data":"Immolate","floor":8,"key":"SMITH"},{"data":"Clothesline","floor":13,"key":"SMITH"},{"data":"True Grit","floor":15,"key":"SMITH"},{"data":"Flame Barrier","floor":24,"key":"SMITH"},{"floor":28,"key":"REST"},{"data":"Limit Break","floor":32,"key":"SMITH"}],"neow_cost":"NONE","seed_source_timestamp":182006535911523,"circlet_count":0,"master_deck":["Strike_R","Strike_R","Strike_R","Strike_R","Defend_R+1","Defend_R","Defend_R","Defend_R+1","Bash+1","AscendersBane","Wild Strike","Iron Wave","Immolate+1","Iron Wave","True Grit+1","Clothesline+1","Headbutt","Impervious","Uppercut+1","Metallicize","Evolve","Flame Barrier+1","Spot Weakness","True Grit","Limit Break+1","Warcry"],"relics":["Burning Blood","Anchor","Gremlin Horn","War Paint","Orichalcum","Snecko Eye","Membership Card","Boot","Pantograph","Paper Frog"],"potions_floor_usage":[7,16,30,33,33],"damage_taken":[{"damage":0,"enemies":"Small Slimes","floor":1,"turns":4},{"damage":0,"enemies":"Cultist","floor":2,"turns":2},{"damage":4,"enemies":"Jaw Worm","floor":3,"turns":3},{"damage":3,"enemies":"Blue Slaver","floor":4,"turns":3},{"damage":9,"enemies":"Exordium Thugs","floor":5,"turns":4},{"damage":25,"enemies":"Lagavulin","floor":7,"turns":5},{"damage":0,"enemies":"Red Slaver","floor":11,"turns":2},{"damage":11,"enemies":"Gremlin Nob","floor":12,"turns":3},{"damage":0,"enemies":"Large Slime","floor":14,"turns":4},{"damage":0,"enemies":"Slime Boss","floor":16,"turns":4},{"damage":0,"enemies":"Chosen","floor":18,"turns":3},{"damage":27,"enemies":"Book of Stabbing","floor":23,"turns":7},{"damage":0,"enemies":"Shell Parasite","floor":25,"turns":3},{"damage":21,"enemies":"Sentry and Sphere","floor":27,"turns":5},{"damage":0,"enemies":"Centurion and Healer","floor":29,"turns":5},{"damage":0,"enemies":"Gremlin Leader","floor":30,"turns":4},{"damage":0,"enemies":"Snake Plant","floor":31,"turns":2},{"damage":82,"enemies":"Automaton","floor":33,"turns":6}],"seed_played":"-3320970831785048824","potions_obtained":[{"floor":1,"key":"Poison Potion"},{"floor":5,"key":"Dexterity Potion"},{"floor":11,"key":"PowerPotion"},{"floor":16,"key":"Weak Potion"},{"floor":29,"key":"SkillPotion"},{"floor":31,"key":"AttackPotion"}],"is_trial":false,"path_per_floor":["M","M","M","M","M","R","E","R","T","$","M","E","R","M","R","B",null,"M","$","?","?","?","E","R","M","T","M","R","M","E","M","R"],"character_chosen":"IRONCLAD","items_purchased":["Membership Card","Metallicize"],"campfire_rested":1,"item_purchase_floors":[19,19],"current_hp_per_floor":[74,75,75,75,72,72,53,53,53,53,59,54,54,60,60,66,73,75,75,75,68,68,47,47,53,53,38,60,66,72,75,75,0],"gold":182,"neow_bonus":"RANDOM_COMMON_RELIC","is_prod":false,"is_daily":false,"chose_seed":false,"campfire_upgraded":6,"win_rate":0,"timestamp":1536430136,"path_taken":["M","M","M","M","M","R","E","R","T","$","M","E","R","M","R","BOSS","M","$","?","?","?","E","R","M","T","?","R","?","E","M","R","BOSS"],"build_version":"2018-09-06","purchased_purges":1,"victory":false,"max_hp_per_floor":[75,75,75,75,75,75,75,75,75,75,75,75,75,75,75,75,75,75,75,75,75,75,75,75,75,75,75,75,75,75,75,75,75],"card_choices":[{"not_picked":["Rupture","Body Slam"],"picked":"Wild Strike","floor":1},{"not_picked":["Perfected Strike","Rage"],"picked":"Iron Wave","floor":2},{"not_picked":["Headbutt","True Grit"],"picked":"Immolate","floor":3},{"not_picked":["Clash","Hemokinesis"],"picked":"Iron Wave","floor":4},{"not_picked":["Wild Strike","Cleave"],"picked":"True Grit","floor":5},{"not_picked":["Pommel Strike","Blood for Blood","Power Through"],"picked":"SKIP","floor":7},{"not_picked":["Heavy Blade","Cleave","Entrench"],"picked":"SKIP","floor":11},{"not_picked":["Clash","Exhume"],"picked":"Clothesline","floor":12},{"not_picked":["Searing Blow","Heavy Blade"],"picked":"Headbutt","floor":14},{"not_picked":["Berserk","Bludgeon"],"picked":"Impervious","floor":16},{"not_picked":["Twin Strike","Clothesline"],"picked":"Uppercut+1","floor":18},{"not_picked":["Thunderclap+1","Searing Blow"],"picked":"Spot Weakness","floor":23},{"not_picked":["Fire Breathing","Thunderclap"],"picked":"True Grit","floor":25},{"not_picked":["Seeing Red","Warcry"],"picked":"Limit Break","floor":27},{"not_picked":["Sever Soul","Headbutt","Rupture+1"],"picked":"SKIP","floor":29},{"not_picked":["Second Wind","Clash","Clothesline"],"picked":"SKIP","floor":30},{"not_picked":["Burning Pact","Clothesline"],"picked":"Warcry","floor":31}],"player_experience":488083,"relics_obtained":[{"floor":7,"key":"Gremlin Horn"},{"floor":9,"key":"War Paint"},{"floor":12,"key":"Orichalcum"},{"floor":23,"key":"Boot"},{"floor":26,"key":"Pantograph"},{"floor":30,"key":"Paper Frog"}],"event_choices":[{"event_name":"Match and Keep!","player_choice":"1 cards matched","floor":20,"damage_taken":0},{"event_name":"FaceTrader","player_choice":"Touch","floor":21,"damage_taken":0},{"event_name":"The Library","player_choice":"Read","floor":22,"damage_taken":0}],"is_beta":false,"boss_relics":[{"not_picked":["Coffee Dripper","Cursed Key"],"picked":"Snecko Eye"}],"items_purged_floors":[10],"is_endless":false,"potions_floor_spawned":[1,5,11,12,16,18,27,29,31],"killed_by":"Automaton","ascension_level":16}