{"path_per_floor":["M","?","M","M","?","E","R","E","T","M","M","$","T","M","R"],"character_chosen":"IRONCLAD","items_purchased":["War Paint","Inflame","Sever Soul"],"gold_per_floor":[116,116,129,144,222,249,249,312,312,331,345,77,77,97,97],"floor_reached":16,"campfire_rested":1,"playtime":622,"current_hp_per_floor":[96,77,77,77,77,40,68,50,50,40,42,42,42,35,35],"items_purged":[],"gold":97,"score":159,"play_id":"d5c633e8-def6-4c41-a7e6-b75cbbe33399","is_prod":false,"is_daily":false,"is_ascension_mode":true,"campfire_upgraded":1,"path_taken":["M","?","?","M","?","E","R","E","T","M","?","?","?","M","R","BOSS"],"build_version":"2018-02-15-PROD1","purchased_purges":0,"victory":false,"master_deck":["Strike_R","Strike_R","Strike_R","Strike_R+1","Strike_R","Defend_R","Defend_R","Defend_R","Defend_R","Bash+1","Clumsy","Thunderclap","Evolve","Offering+1","Dark Embrace","Power Through+1","Flame Barrier","Corruption+1","Inflame","Sever Soul","Feel No Pain"],"max_hp_per_floor":[96,96,96,96,96,96,96,96,96,96,96,96,96,96,96],"relics":["Burning Blood","Paper Frog","Tiny Chest","Du-Vu Doll","War Paint","Bottled Flame"],"card_choices":[{"not_picked":["Wild Strike","Perfected Strike"],"picked":"Thunderclap"},{"not_picked":["Power Through","Sever Soul"],"picked":"Evolve"},{"not_picked":["Pummel","Perfected Strike"],"picked":"Offering"},{"not_picked":["Reckless Charge","Rupture"],"picked":"Dark Embrace"},{"not_picked":["Havoc","Dropkick"],"picked":"Power Through"},{"not_picked":["Sword Boomerang","Warcry"],"picked":"Flame Barrier"},{"not_picked":["Reckless Charge","Sentinel"],"picked":"Corruption"},{"not_picked":["Spot Weakness","Metallicize"],"picked":"Feel No Pain"}],"player_experience":124116,"potions_floor_usage":[8,16,16],"damage_taken":[{"damage":0,"enemies":"Small Slimes","floor":1,"turns":3},{"damage":6,"enemies":"Cultist","floor":3,"turns":3},{"damage":6,"enemies":"2 Louse","floor":4,"turns":2},{"damage":43,"enemies":"3 Sentries","floor":6,"turns":8},{"damage":24,"enemies":"Lagavulin","floor":8,"turns":5},{"damage":16,"enemies":"Exordium Wildlife","floor":10,"turns":3},{"damage":4,"enemies":"Exordium Thugs","floor":11,"turns":3},{"damage":13,"enemies":"Blue Slaver","floor":14,"turns":3},{"damage":40,"enemies":"The Guardian","floor":16,"turns":8}],"event_choices":[{"event_name":"Shining Light","player_choice":"Entered Light","floor":2,"damage_taken":0},{"event_name":"Golden Wing","player_choice":"Gained Gold","floor":5,"damage_taken":0}],"boss_relics":[],"potions_floor_spawned":[6,10,11,14],"seed_played":"4678107989305230230","killed_by":"The Guardian","ascension_level":4,"is_trial":false}