{"gold_per_floor":[109,109,120,136,152,152,19,53,53,53,66,100,100,100,100,174,174,189,114,114,114,129,129,129],"floor_reached":24,"playtime":864,"items_purged":[],"score":433,"play_id":"21cacaaf-4089-4ba2-b669-002a43d3fdc1","local_time":"20181201225514","is_ascension_mode":true,"campfire_choices":[{"data":"Poisoned Stab","floor":6,"key":"SMITH"},{"floor":10,"key":"REST"},{"floor":13,"key":"REST"},{"data":"All Out Attack","floor":15,"key":"SMITH"},{"floor":23,"key":"REST"}],"neow_cost":"PERCENT_DAMAGE","seed_source_timestamp":644578791537027,"circlet_count":0,"master_deck":["AscendersBane","Defend_G","Defend_G","Defend_G","Defend_G","Defend_G","Survivor","Neutralize","Unload","Cloak And Dagger","Poisoned Stab+1","Well Laid Plans","Infinite Blades","All Out Attack+1","Backstab","Poisoned Stab","Die Die Die","Bite","Bite","Bite","Bite","Bite","Prepared+1"],"relics":["Ring of the Snake","Juzu Bracelet","Blood Vial","Question Card","The Specimen","Black Star","Toxic Egg 2"],"potions_floor_usage":[8,8,12,12,16,24,24],"damage_taken":[{"damage":0,"enemies":"Jaw Worm","floor":1,"turns":5},{"damage":1,"enemies":"Cultist","floor":3,"turns":4},{"damage":1,"enemies":"2 Louse","floor":4,"turns":3},{"damage":16,"enemies":"Exordium Thugs","floor":5,"turns":6},{"damage":16,"enemies":"Gremlin Nob","floor":8,"turns":4},{"damage":0,"enemies":"Exordium Wildlife","floor":11,"turns":3},{"damage":17,"enemies":"Lagavulin","floor":12,"turns":5},{"damage":25,"enemies":"Slime Boss","floor":16,"turns":9},{"damage":10,"enemies":"Chosen","floor":18,"turns":5},{"damage":44,"enemies":"Shell Parasite","floor":22,"turns":7},{"damage":30,"enemies":"Book of Stabbing","floor":24,"turns":4}],"seed_played":"5004839847792369970","potions_obtained":[{"floor":4,"key":"SpeedPotion"},{"floor":11,"key":"EntropicBrew"},{"floor":16,"key":"Poison Potion"},{"floor":22,"key":"Dexterity Potion"}],"is_trial":false,"path_per_floor":["M","?","M","M","M","R","$","E","T","R","M","E","R","?","R","B",null,"M","?","?","?","M","R","E"],"character_chosen":"THE_SILENT","items_purchased":["All Out Attack","FearPotion"],"campfire_rested":3,"item_purchase_floors":[7,7],"current_hp_per_floor":[44,44,43,42,26,26,26,10,10,29,31,16,35,30,30,7,51,43,43,43,43,11,24,0],"gold":129,"neow_bonus":"THREE_RARE_CARDS","is_prod":false,"is_daily":false,"chose_seed":false,"campfire_upgraded":2,"win_rate":0,"timestamp":1543722914,"path_taken":["M","?","M","M","M","R","?","E","T","R","M","E","R","?","R","BOSS","M","?","?","?","M","R","E"],"build_version":"2018-11-15","purchased_purges":0,"victory":false,"max_hp_per_floor":[66,66,66,66,66,66,66,66,66,66,66,66,66,66,66,66,66,66,66,46,46,46,46,46],"card_choices":[{"not_picked":["Grand Finale","Malaise"],"picked":"Unload","floor":0},{"not_picked":["Accuracy","Deflect"],"picked":"Cloak And Dagger","floor":1},{"not_picked":["Choke","Cloak And Dagger"],"picked":"Poisoned Stab","floor":3},{"not_picked":["Blur","Dodge and Roll"],"picked":"Well Laid Plans","floor":4},{"not_picked":["Calculated Gamble","Venomology"],"picked":"Infinite Blades","floor":5},{"not_picked":["PiercingWail","Underhanded Strike"],"picked":"Backstab","floor":8},{"not_picked":["Prepared","Dagger Throw"],"picked":"Poisoned Stab","floor":11},{"not_picked":["Distraction","Quick Slash"],"picked":"Infinite Blades","floor":12},{"not_picked":["Storm of Steel","Phantasmal Killer","Envenom"],"picked":"Die Die Die","floor":16},{"not_picked":["Outmaneuver","Slice","Finisher","Dagger Throw"],"picked":"SKIP","floor":18},{"not_picked":["Outmaneuver+1","Dagger Throw","Flying Knee"],"picked":"Prepared+1","floor":22}],"player_experience":651418,"relics_obtained":[{"floor":8,"key":"Juzu Bracelet"},{"floor":9,"key":"Blood Vial"},{"floor":12,"key":"Question Card"}],"event_choices":[{"cards_removed":["Strike_G"],"damage_healed":0,"gold_gain":0,"player_choice":"Offered Basic","damage_taken":0,"max_hp_gain":0,"max_hp_loss":0,"event_name":"Bonfire Elementals","floor":2,"gold_loss":0},{"damage_healed":0,"gold_gain":0,"player_choice":"Success","damage_taken":5,"relics_obtained":["The Specimen"],"max_hp_gain":0,"max_hp_loss":0,"event_name":"Scrap Ooze","floor":14,"gold_loss":0},{"cards_removed":["Strike_G"],"damage_healed":0,"gold_gain":0,"player_choice":"Gave Gold","damage_taken":0,"max_hp_gain":0,"max_hp_loss":0,"event_name":"Beggar","floor":19,"gold_loss":75},{"damage_healed":0,"gold_gain":0,"player_choice":"Became a vampire","damage_taken":0,"max_hp_gain":0,"max_hp_loss":20,"event_name":"Vampires","floor":20,"gold_loss":0,"cards_obtained":["Bite","Bite","Bite","Bite","Bite"]},{"cards_removed":["Infinite Blades"],"damage_healed":0,"gold_gain":0,"player_choice":"Gave Card","damage_taken":0,"relics_obtained":["Toxic Egg 2"],"max_hp_gain":0,"max_hp_loss":0,"event_name":"WeMeetAgain","floor":21,"gold_loss":0}],"is_beta":false,"boss_relics":[{"not_picked":["Runic Dome","Ectoplasm"],"picked":"Black Star"}],"items_purged_floors":[],"is_endless":false,"potions_floor_spawned":[4,11,16,22],"killed_by":"Book of Stabbing","ascension_level":20}