{"gold_per_floor":[118,43,59,71,71,71,17,17,17,61,76,94,127,127,127,225,225,246,246,260,278,297,297,312,312,312,312],"floor_reached":27,"playtime":1138,"items_purged":[],"score":450,"play_id":"88f179ff-40a3-420f-9ee5-35028bd017bd","local_time":"20190205093650","is_ascension_mode":true,"campfire_choices":[{"data":"Sweeping Beam","floor":6,"key":"SMITH"},{"data":"Hologram","floor":8,"key":"SMITH"},{"floor":15,"key":"REST"},{"data":"Consume","floor":23,"key":"SMITH"},{"floor":25,"key":"REST"}],"neow_cost":"NONE","seed_source_timestamp":1152791752693553,"circlet_count":0,"master_deck":["AscendersBane","Strike_B","Strike_B","Strike_B","Defend_B","Defend_B","Defend_B","Defend_B","Zap+1","Dualcast","Hologram+1","Gash","Sweeping Beam+1","Recycle","Echo Form","Coolheaded+1","Electrodynamics","Ball Lightning","Cold Snap","Reinforced Body","Consume+1","Gash"],"relics":["Cracked Core","Golden Idol","Singing Bowl","Lantern","Meat on the Bone","Sozu","Shuriken"],"potions_floor_usage":[10,13,16,27],"damage_taken":[{"damage":7,"enemies":"Small Slimes","floor":1,"turns":3},{"damage":2,"enemies":"2 Louse","floor":3,"turns":3},{"damage":6,"enemies":"Jaw Worm","floor":4,"turns":4},{"damage":11,"enemies":"Gremlin Nob","floor":10,"turns":3},{"damage":14,"enemies":"Blue Slaver","floor":11,"turns":4},{"damage":0,"enemies":"Lots of Slimes","floor":12,"turns":2},{"damage":20,"enemies":"Lagavulin","floor":13,"turns":7},{"damage":24,"enemies":"Slime Boss","floor":16,"turns":9},{"damage":25,"enemies":"2 Thieves","floor":18,"turns":3},{"damage":9,"enemies":"3 Byrds","floor":20,"turns":3},{"damage":22,"enemies":"Cultist and Chosen","floor":21,"turns":5},{"damage":9,"enemies":"Sentry and Sphere","floor":22,"turns":4},{"damage":18,"enemies":"Centurion and Healer","floor":24,"turns":7},{"damage":47,"enemies":"Gremlin Leader","floor":27,"turns":3}],"seed_played":"5456640834904664806","potions_obtained":[{"floor":4,"key":"AttackPotion"},{"floor":10,"key":"Regen Potion"},{"floor":13,"key":"Fire Potion"}],"is_trial":false,"path_per_floor":["M","?","M","M","?","R","$","R","T","E","M","M","E","?","R","B",null,"M","?","M","M","M","R","M","R","T","E"],"character_chosen":"DEFECT","items_purchased":["Strength Potion"],"campfire_rested":2,"item_purchase_floors":[7],"current_hp_per_floor":[57,57,55,49,49,49,49,49,49,38,24,26,21,21,40,28,57,44,44,35,25,28,28,22,41,41,0],"gold":312,"neow_bonus":"UPGRADE_CARD","is_prod":false,"is_daily":false,"chose_seed":false,"campfire_upgraded":3,"win_rate":0,"timestamp":1549377410,"path_taken":["M","?","M","M","?","R","$","R","T","E","M","?","E","?","R","BOSS","M","?","M","?","M","R","M","R","T","E"],"build_version":"2019-01-23","purchased_purges":0,"victory":false,"max_hp_per_floor":[71,71,71,71,64,64,64,64,64,64,64,66,66,66,66,66,66,66,66,66,66,66,66,66,66,66,66],"card_choices":[{"not_picked":["Stack","Conserve Battery"],"picked":"Hologram","floor":1},{"not_picked":["Force Field","Scrape"],"picked":"Gash","floor":3},{"not_picked":["Rebound","Redo"],"picked":"Sweeping Beam","floor":4},{"not_picked":["Streamline","Force Field"],"picked":"Recycle","floor":10},{"not_picked":["Ball Lightning","Steam"],"picked":"Echo Form","floor":11},{"not_picked":["Conserve Battery","Double Energy","Hologram"],"picked":"Singing Bowl","floor":12},{"not_picked":["Scrape","Go for the Eyes"],"picked":"Coolheaded","floor":13},{"not_picked":["Amplify","Reboot"],"picked":"Electrodynamics","floor":16},{"not_picked":["Hologram+1","Compile Driver"],"picked":"Ball Lightning","floor":18},{"not_picked":["Turbo","Compile Driver"],"picked":"Cold Snap","floor":20},{"not_picked":["Coolheaded","Beam Cell+1"],"picked":"Reinforced Body","floor":21},{"not_picked":["Rebound","Turbo"],"picked":"Consume","floor":22},{"not_picked":["Hello World","Doom and Gloom"],"picked":"Gash","floor":24}],"player_experience":805780,"relics_obtained":[{"floor":9,"key":"Singing Bowl"},{"floor":10,"key":"Lantern"},{"floor":13,"key":"Meat on the Bone"},{"floor":26,"key":"Shuriken"}],"event_choices":[{"cards_removed":["Strike_B"],"damage_healed":0,"gold_gain":0,"player_choice":"Card Removal","damage_taken":0,"max_hp_gain":0,"max_hp_loss":0,"event_name":"The Cleric","floor":2,"gold_loss":75},{"damage_healed":0,"gold_gain":0,"player_choice":"Lose Max HP","damage_taken":0,"relics_obtained":["Golden Idol"],"max_hp_gain":0,"max_hp_loss":7,"event_name":"Golden Idol","floor":5,"gold_loss":0},{"damage_healed":0,"gold_gain":0,"player_choice":"Ignored","damage_taken":0,"max_hp_gain":0,"max_hp_loss":0,"event_name":"Liars Game","floor":14,"gold_loss":0},{"damage_healed":0,"gold_gain":0,"player_choice":"Upgraded","damage_taken":0,"max_hp_gain":0,"max_hp_loss":0,"event_name":"Upgrade Shrine","floor":19,"gold_loss":0,"cards_upgraded":["Coolheaded"]}],"is_beta":false,"boss_relics":[{"not_picked":["Velvet Choker","Inserter"],"picked":"Sozu"}],"items_purged_floors":[],"is_endless":false,"potions_floor_spawned":[4,10,13,21,24],"killed_by":"Gremlin Leader","ascension_level":20}