{"gold_per_floor":[12,31,46,56,22,22,42,60,60,70,70,82,82,82,82,186,236,256,267,280,81,92,92,112,125,149,249,268,280,280,280,280,280],"floor_reached":33,"playtime":3668,"items_purged":["Strike_B"],"score":284,"play_id":"8accad94-01d1-4040-af56-8a298c3930c0","local_time":"20181126004829","is_ascension_mode":true,"campfire_choices":[{"data":"Zap","floor":6.0,"key":"SMITH"},{"data":"Hologram","floor":11.0,"key":"SMITH"},{"data":"Chill","floor":13.0,"key":"SMITH"},{"floor":15.0,"key":"REST"},{"data":"Coolheaded","floor":23,"key":"SMITH"},{"floor":30,"key":"REST"},{"floor":32,"key":"REST"}],"neow_cost":"NO_GOLD","seed_source_timestamp":190393600216211,"circlet_count":0,"master_deck":["Strike_B","Strike_B+1","Strike_B","Defend_B+1","Defend_B","Defend_B","Defend_B","Zap+1","Dualcast+1","Hologram+1","Chill+1","Cold Snap","FTL","Coolheaded+1","Ball Lightning","Buffer+1","Conserve Battery","Consume+1","Skim","Coolheaded+1","Cold Snap","Conserve Battery","Conserve Battery","Cold Snap"],"special_seed":0,"relics":["Cracked Core","Peace Pipe","Frozen Egg 2","Tiny House","Juzu Bracelet"],"potions_floor_usage":[16,20,20,22,22,29,29,29,29,29,29],"damage_taken":[{"damage":1.0,"enemies":"Cultist","floor":1.0,"turns":3.0},{"damage":0.0,"enemies":"Small Slimes","floor":2.0,"turns":2.0},{"damage":2.0,"enemies":"2 Louse","floor":3.0,"turns":2.0},{"damage":11.0,"enemies":"Lots of Slimes","floor":4.0,"turns":5.0},{"damage":2.0,"enemies":"Exordium Wildlife","floor":7.0,"turns":3.0},{"damage":7.0,"enemies":"Exordium Thugs","floor":8.0,"turns":5.0},{"damage":7.0,"enemies":"Red Slaver","floor":10.0,"turns":4.0},{"damage":3.0,"enemies":"Gremlin Gang","floor":12.0,"turns":5.0},{"damage":44,"enemies":"Slime Boss","floor":16,"turns":13},{"damage":5,"enemies":"Chosen","floor":18,"turns":5},{"damage":2,"enemies":"3 Byrds","floor":19,"turns":8},{"damage":13,"enemies":"Cultist and Chosen","floor":20,"turns":7},{"damage":0,"enemies":"Sentry and Sphere","floor":22,"turns":8},{"damage":0,"enemies":"Snecko","floor":24,"turns":7},{"damage":2,"enemies":"Shelled Parasite and Fungi","floor":25,"turns":13},{"damage":28,"enemies":"Centurion and Healer","floor":28,"turns":13},{"damage":22,"enemies":"Chosen and Byrds","floor":29,"turns":7},{"damage":67,"enemies":"Champ","floor":33,"turns":25}],"seed_played":"-8720851343461876609","potions_obtained":[{"floor":2.0,"key":"Swift Potion"},{"floor":10.0,"key":"SpeedPotion"},{"floor":16,"key":"EssenceOfSteel"},{"floor":17,"key":"FocusPotion"},{"floor":20,"key":"SpeedPotion"},{"floor":22,"key":"AttackPotion"},{"floor":24,"key":"AttackPotion"},{"floor":25,"key":"EntropicBrew"}],"is_trial":false,"path_per_floor":["M","M","M","M","$","R","M","M","T","M","R","M","R","?","R","B",null,"M","M","M","$","M","R","M","M","T","?","M","M","R","?","R","B"],"character_chosen":"DEFECT","items_purchased":["FTL","FocusPotion","Cold Snap"],"campfire_rested":3,"item_purchase_floors":[5,21,21],"current_hp_per_floor":[74,74,72,61,61,61,59,52,52,45,45,42,42,27,49,5,80,75,73,60,60,60,60,60,58,58,58,30,13,37,37,61,0],"gold":280,"neow_bonus":"ONE_RARE_RELIC","is_prod":false,"is_daily":false,"chose_seed":false,"campfire_upgraded":4,"win_rate":0,"timestamp":1543160909,"path_taken":["M","M","M","M","?","R","M","?","T","M","R","M","R","?","R","BOSS","M","M","M","$","M","R","M","M","T","?","M","M","R","?","R","BOSS"],"build_version":"2018-11-15","purchased_purges":1,"victory":false,"max_hp_per_floor":[75,75,75,75,75,75,75,75,75,75,75,75,75,75,75,75,80,80,80,80,80,80,80,80,80,80,80,80,80,80,80,80,80],"card_choices":[{"not_picked":["Leap","Barrage"],"picked":"Hologram","floor":1.0},{"not_picked":["Blizzard","Compile Driver","Redo"],"picked":"SKIP","floor":2.0},{"not_picked":["Sweeping Beam","Genetic Algorithm"],"picked":"Chill","floor":3.0},{"not_picked":["Beam Cell","Genetic Algorithm"],"picked":"Cold Snap","floor":4.0},{"not_picked":["Sweeping Beam","Ball Lightning"],"picked":"Coolheaded","floor":7.0},{"not_picked":["Streamline","Redo"],"picked":"Ball Lightning","floor":8.0},{"not_picked":["Rebound","Beam Cell","Fusion"],"picked":"SKIP","floor":10.0},{"not_picked":["Creative AI+1","Gash","Beam Cell"],"picked":"SKIP","floor":12.0},{"not_picked":["Core Surge","Fission"],"picked":"Buffer+1","floor":16},{"not_picked":["Steam","Stack"],"picked":"Conserve Battery","floor":17},{"not_picked":["Compile Driver","Lockon+1"],"picked":"Consume+1","floor":18},{"not_picked":["Leap","Ball Lightning"],"picked":"Skim","floor":19},{"not_picked":["Redo","Heatsinks+1"],"picked":"Coolheaded+1","floor":20},{"not_picked":["Force Field","Lockon+1"],"picked":"Conserve Battery","floor":22},{"not_picked":["Rebound","Leap","Hyperbeam"],"picked":"SKIP","floor":24},{"not_picked":["Streamline","Compile Driver","Beam Cell"],"picked":"SKIP","floor":25},{"not_picked":["Steam","Redo"],"picked":"Conserve Battery","floor":28},{"not_picked":["Redo","Undo"],"picked":"Cold Snap","floor":29}],"player_experience":108714,"relics_obtained":[{"floor":9.0,"key":"Frozen Egg 2"},{"floor":26,"key":"Juzu Bracelet"}],"event_choices":[{"damage_healed":0.0,"max_hp_gain":0.0,"max_hp_loss":0.0,"gold_gain":0.0,"event_name":"Shining Light","player_choice":"Entered Light","floor":14.0,"gold_loss":0.0,"damage_taken":15.0,"cards_upgraded":["Dualcast","Defend_B"]},{"damage_healed":0,"gold_gain":100,"player_choice":"Pray","damage_taken":0,"max_hp_gain":0,"max_hp_loss":0,"event_name":"Golden Shrine","floor":27,"gold_loss":0},{"damage_healed":0,"gold_gain":0,"player_choice":"Ignored","damage_taken":0,"max_hp_gain":0,"max_hp_loss":0,"event_name":"Vampires","floor":31,"gold_loss":0}],"is_beta":false,"boss_relics":[{"not_picked":["Runic Dome","Snecko Eye"],"picked":"Tiny House"}],"items_purged_floors":[21],"is_endless":false,"potions_floor_spawned":[2,10,16,20,22,24,25],"killed_by":"Champ","ascension_level":3}