{"gold_per_floor":[116,116,90,116,128,140,164,203,238,279,291,66,97,116,116,189,189,199,216,216,6,19,51,69,69,69,69,69,83,109,109,109,180,180,199,0,19,35,35,35,50,50,50,68,82,107,107],"floor_reached":47,"playtime":2507,"items_purged":["Strike_G","Strike_G"],"score":1040,"play_id":"1468a2ab-7afe-48cd-abff-9eb346e11418","local_time":"20190207094740","is_ascension_mode":true,"campfire_choices":[{"data":"Noxious Fumes","floor":6,"key":"SMITH"},{"floor":11,"key":"REST"},{"data":"Dash","floor":15,"key":"SMITH"},{"floor":25,"key":"REST"},{"data":"Catalyst","floor":27,"key":"SMITH"},{"floor":32,"key":"REST"},{"floor":40,"key":"RECALL"},{"floor":42,"key":"REST"}],"neow_cost":"NONE","seed_source_timestamp":1324872980539423,"circlet_count":0,"master_deck":["AscendersBane","Defend_G","Defend_G","Defend_G","Defend_G","Defend_G","Strike_G","Strike_G","Survivor","Neutralize+1","Noxious Fumes+1","Cloak And Dagger","Heel Hook","Dash+1","Cloak And Dagger","Envenom","Acrobatics+1","Noxious Fumes","Endless Agony","Crippling Poison","Deadly Poison","PiercingWail","Catalyst+1","Bullet Time+1","Cloak And Dagger+1","PiercingWail+1","Well Laid Plans","Leg Sweep+1","Night Terror+1","Blur+1"],"relics":["Ring of the Snake","MawBank","Mercury Hourglass","Regal Pillow","Pen Nib","Omamori","PreservedInsect","Sozu","Pocketwatch","Matryoshka","Toxic Egg 2","Question Card","Fusion Hammer","Red Mask","Shuriken","Bottled Lightning","Smiling Mask"],"potions_floor_usage":[10,23],"damage_taken":[{"damage":3,"enemies":"Jaw Worm","floor":1,"turns":7},{"damage":0,"enemies":"2 Louse","floor":4,"turns":4},{"damage":0,"enemies":"Cultist","floor":7,"turns":5},{"damage":23,"enemies":"Lagavulin","floor":8,"turns":10},{"damage":2,"enemies":"3 Sentries","floor":10,"turns":6},{"damage":12,"enemies":"Lagavulin","floor":13,"turns":7},{"damage":0,"enemies":"Blue Slaver","floor":14,"turns":4},{"damage":7,"enemies":"The Guardian","floor":16,"turns":12},{"damage":4,"enemies":"Spheric Guardian","floor":18,"turns":5},{"damage":14,"enemies":"Chosen","floor":19,"turns":5},{"damage":8,"enemies":"Snake Plant","floor":22,"turns":4},{"damage":14,"enemies":"Gremlin Leader","floor":23,"turns":5},{"damage":12,"enemies":"Shelled Parasite and Fungi","floor":24,"turns":6},{"damage":27,"enemies":"Cultist and Chosen","floor":29,"turns":5},{"damage":33,"enemies":"Collector","floor":33,"turns":6},{"damage":9,"enemies":"Orb Walker","floor":35,"turns":4},{"damage":0,"enemies":"3 Shapes","floor":37,"turns":5},{"damage":8,"enemies":"3 Darklings","floor":38,"turns":6},{"damage":15,"enemies":"Maw","floor":41,"turns":7},{"damage":10,"enemies":"Sphere and 2 Shapes","floor":44,"turns":6},{"damage":9,"enemies":"Jaw Worm Horde","floor":45,"turns":4},{"damage":33,"enemies":"Nemesis","floor":46,"turns":7},{"damage":12,"enemies":"3 Darklings","floor":47,"turns":3}],"seed_played":"-7758373401249389399","potions_obtained":[{"floor":4,"key":"Fire Potion"},{"floor":8,"key":"Strength Potion"},{"floor":10,"key":"Strength Potion"}],"is_trial":false,"path_per_floor":["M","?","?","M","?","R","M","E","T","E","R","$","E","M","R","B",null,"M","M","?","$","M","E","M","R","T","R","?","M","T","?","R","B",null,"M","?","M","M","?","R","M","R","T","M","M","E","M"],"character_chosen":"THE_SILENT","items_purchased":["Omamori","Crippling Poison","Deadly Poison"],"campfire_rested":4,"item_purchase_floors":[12,21,21],"current_hp_per_floor":[56,38,38,38,38,38,38,15,15,13,47,47,35,35,35,28,57,53,39,39,39,31,17,5,39,39,39,39,12,12,12,46,13,53,44,44,44,36,36,36,21,55,55,45,36,3,0],"gold":107,"neow_bonus":"UPGRADE_CARD","is_prod":false,"is_daily":false,"chose_seed":false,"campfire_upgraded":3,"win_rate":0,"timestamp":1549550860,"path_taken":["M","?","?","M","?","R","M","E","T","E","R","$","E","M","R","BOSS","M","M","?","$","M","E","?","R","T","R","?","?","?","?","R","BOSS","M","?","M","M","?","R","M","R","T","M","M","E","M"],"build_version":"2019-01-23","purchased_purges":2,"victory":false,"max_hp_per_floor":[66,66,66,66,66,66,66,66,66,66,66,66,66,66,66,66,66,66,66,66,66,66,66,66,66,66,66,66,66,66,66,66,66,66,66,66,66,66,66,66,66,66,66,66,66,66,66],"card_choices":[{"not_picked":["Backflip","Underhanded Strike"],"picked":"Noxious Fumes","floor":1},{"not_picked":["Slice","Infinite Blades"],"picked":"Cloak And Dagger","floor":4},{"not_picked":["Blur","Cloak And Dagger"],"picked":"Heel Hook","floor":7},{"not_picked":["Flechettes","Accuracy"],"picked":"Dash","floor":8},{"not_picked":["Acrobatics","Dodge and Roll"],"picked":"Cloak And Dagger","floor":10},{"not_picked":["Heel Hook","Prepared"],"picked":"Dash","floor":13},{"not_picked":["Quick Slash","Dodge and Roll","Sucker Punch"],"picked":"SKIP","floor":14},{"not_picked":["Bullet Time","Doppelganger"],"picked":"Envenom","floor":16},{"not_picked":["Setup","Cloak And Dagger"],"picked":"Acrobatics+1","floor":18},{"not_picked":["Outmaneuver","Skewer"],"picked":"Noxious Fumes","floor":19},{"not_picked":["Prepared","Cloak And Dagger"],"picked":"PiercingWail","floor":22},{"not_picked":["Choke","Endless Agony+1"],"picked":"PiercingWail","floor":23},{"not_picked":["Backflip","Flying Knee"],"picked":"Catalyst","floor":24},{"not_picked":["Accuracy","Noxious Fumes","Choke"],"picked":"SKIP","floor":29},{"not_picked":["Tools of the Trade","A Thousand Cuts","Glass Knife"],"picked":"Bullet Time+1","floor":33},{"not_picked":["Flying Knee","Blade Dance+1","Dash"],"picked":"Cloak And Dagger+1","floor":35},{"not_picked":["Dagger Throw","Quick Slash+1","Concentrate+1"],"picked":"PiercingWail+1","floor":37},{"not_picked":["Dodge and Roll+1","Concentrate+1","Slice"],"picked":"Well Laid Plans","floor":38},{"not_picked":["Expertise+1","Skewer","Poisoned Stab"],"picked":"Leg Sweep+1","floor":41},{"not_picked":["Caltrops","Endless Agony+1","Riddle With Holes+1","Quick Slash"],"picked":"SKIP","floor":44},{"not_picked":["Bane","Deflect+1","Poisoned Stab"],"picked":"Night Terror+1","floor":45},{"not_picked":["Endless Agony","Riddle With Holes+1","Blur+1","Finisher+1"],"picked":"SKIP","floor":46},{"not_picked":["Endless Agony","Riddle With Holes+1","Finisher+1"],"picked":"Blur+1","floor":46}],"player_experience":808837,"relics_obtained":[{"floor":8,"key":"Mercury Hourglass"},{"floor":9,"key":"Regal Pillow"},{"floor":10,"key":"Pen Nib"},{"floor":13,"key":"PreservedInsect"},{"floor":23,"key":"Pocketwatch"},{"floor":26,"key":"Matryoshka"},{"floor":30,"key":"Question Card"},{"floor":43,"key":"Shuriken"},{"floor":43,"key":"Bottled Lightning"},{"floor":46,"key":"Smiling Mask"}],"event_choices":[{"damage_healed":0,"gold_gain":0,"player_choice":"Success","damage_taken":18,"relics_obtained":["MawBank"],"max_hp_gain":0,"max_hp_loss":0,"event_name":"Scrap Ooze","floor":2,"gold_loss":0},{"damage_healed":0,"gold_gain":0,"player_choice":"Left Gold","damage_taken":0,"max_hp_gain":0,"max_hp_loss":0,"event_name":"World of Goop","floor":3,"gold_loss":38},{"damage_healed":0,"gold_gain":0,"player_choice":"Ignored","damage_taken":0,"max_hp_gain":0,"max_hp_loss":0,"event_name":"Golden Wing","floor":5,"gold_loss":0},{"damage_healed":0,"gold_gain":0,"cards_transformed":["Strike_G"],"player_choice":"Transformed","damage_taken":0,"max_hp_gain":0,"max_hp_loss":0,"event_name":"Transmorgrifier","floor":20,"gold_loss":0,"cards_obtained":["Endless Agony"]},{"cards_removed":["Dash"],"damage_healed":0,"gold_gain":0,"player_choice":"Gave Card","damage_taken":0,"relics_obtained":["Toxic Egg 2"],"max_hp_gain":0,"max_hp_loss":0,"event_name":"WeMeetAgain","floor":28,"gold_loss":0},{"damage_healed":0,"gold_gain":0,"player_choice":"Smashed Altar","damage_taken":0,"max_hp_gain":0,"max_hp_loss":0,"event_name":"Forgotten Altar","floor":31,"gold_loss":0,"cards_obtained":["Decay"]},{"damage_healed":0,"gold_gain":0,"player_choice":"Paid","damage_taken":0,"relics_obtained":["Red Mask"],"max_hp_gain":0,"max_hp_loss":0,"event_name":"Tomb of Lord Red Mask","floor":36,"gold_loss":199},{"cards_removed":["PiercingWail"],"damage_healed":0,"gold_gain":0,"player_choice":"Removed Skill","damage_taken":0,"max_hp_gain":0,"max_hp_loss":0,"event_name":"Falling","floor":39,"gold_loss":0}],"is_beta":false,"boss_relics":[{"not_picked":["Black Star","Coffee Dripper"],"picked":"Sozu"},{"not_picked":["Philosopher\u0027s Stone","Cursed Key"],"picked":"Fusion Hammer"}],"items_purged_floors":[12,21],"is_endless":false,"potions_floor_spawned":[4,8,10,16,18,23,29,38,45],"killed_by":"3 Darklings","ascension_level":20}