{"gold_per_floor":[114,114,132,149,44,70,83,94,121,121,156,156,171,171,171,270,270,289,39,39,62,83,83,83,83,109,121,146,158,209,240,252,353,365,391,416,449,146,159,200,65,84,111,147,147,171,504,504,504,504],"floor_reached":50,"playtime":2414,"items_purged":[],"score":1091,"play_id":"282f7f6c-715b-4a64-ac3a-44642a20588b","local_time":"20190222161238","is_ascension_mode":true,"campfire_choices":[{"data":"Whirlwind","floor":10.0,"key":"SMITH"},{"data":"Inflame","floor":12.0,"key":"SMITH"},{"floor":15.0,"key":"REST"},{"floor":23.0,"key":"REST"},{"floor":25.0,"key":"REST"},{"data":"Corruption","floor":27.0,"key":"SMITH"},{"data":"Demon Form","floor":29.0,"key":"SMITH"},{"data":"Juggernaut","floor":32.0,"key":"SMITH"},{"data":"Feel No Pain","floor":45.0,"key":"SMITH"},{"floor":49,"key":"REST"}],"neow_cost":"NONE","seed_source_timestamp":0,"circlet_count":0,"master_deck":["AscendersBane","Strike_R","Strike_R","Strike_R","Defend_R","Defend_R","Defend_R","Defend_R","Bash","Whirlwind+1","Flame Barrier","Ghostly Armor","Corruption+1","True Grit","Intimidate","Inflame+1","Impervious","Pummel","Demon Form+1","Feel No Pain+1","Body Slam","Shrug It Off","Juggernaut+1","Shockwave","Shrug It Off","Ghostly Armor","Reaper","Battle Trance","Havoc+1","Heavy Blade","Pummel","Body Slam","Decay","Spot Weakness","Enlightenment"],"special_seed":0,"relics":["Burning Blood","Shuriken","Boot","Centennial Puzzle","Velvet Choker","Bronze Scales","MawBank","Lantern","Cursed Key","Turnip","Ice Cream","Blood Vial","Darkstone Periapt"],"potions_floor_usage":[46,50],"damage_taken":[{"damage":6.0,"enemies":"Cultist","floor":1.0,"turns":3.0},{"damage":5.0,"enemies":"Small Slimes","floor":3.0,"turns":4.0},{"damage":9.0,"enemies":"Jaw Worm","floor":4.0,"turns":5.0},{"damage":26.0,"enemies":"Gremlin Nob","floor":6.0,"turns":4.0},{"damage":11.0,"enemies":"Gremlin Gang","floor":7.0,"turns":5.0},{"damage":0.0,"enemies":"2 Fungi Beasts","floor":8.0,"turns":3.0},{"damage":10.0,"enemies":"3 Sentries","floor":11.0,"turns":4.0},{"damage":10.0,"enemies":"Exordium Thugs","floor":13.0,"turns":4.0},{"damage":58.0,"enemies":"The Guardian","floor":16.0,"turns":16.0},{"damage":6.0,"enemies":"Chosen","floor":18.0,"turns":4.0},{"damage":42.0,"enemies":"Shell Parasite","floor":21.0,"turns":7.0},{"damage":5.0,"enemies":"Snake Plant","floor":22.0,"turns":4.0},{"damage":20.0,"enemies":"Shelled Parasite and Fungi","floor":28.0,"turns":5.0},{"damage":1.0,"enemies":"Book of Stabbing","floor":30.0,"turns":5.0},{"damage":6.0,"enemies":"Centurion and Healer","floor":31.0,"turns":6.0},{"damage":11.0,"enemies":"Automaton","floor":33.0,"turns":7.0},{"damage":0.0,"enemies":"3 Darklings","floor":35.0,"turns":3.0},{"damage":6.0,"enemies":"Orb Walker","floor":36.0,"turns":3.0},{"damage":5.0,"enemies":"Jaw Worm Horde","floor":37.0,"turns":2.0},{"damage":0.0,"enemies":"Maw","floor":39.0,"turns":6.0},{"damage":16.0,"enemies":"Reptomancer","floor":40.0,"turns":7.0},{"damage":10.0,"enemies":"Sphere and 2 Shapes","floor":42.0,"turns":5.0},{"damage":18.0,"enemies":"Nemesis","floor":44.0,"turns":9.0},{"damage":30,"enemies":"Spire Growth","floor":46,"turns":6},{"damage":66,"enemies":"Time Eater","floor":50,"turns":3}],"seed_played":"8723922880798545506","potions_obtained":[{"floor":0.0,"key":"Strength Potion"},{"floor":0.0,"key":"EntropicBrew"},{"floor":7.0,"key":"Poison Potion"},{"floor":8.0,"key":"SteroidPotion"},{"floor":11.0,"key":"AttackPotion"},{"floor":28.0,"key":"SpeedPotion"},{"floor":31.0,"key":"Energy Potion"},{"floor":40.0,"key":"Dexterity Potion"},{"floor":44.0,"key":"LiquidBronze"}],"is_trial":false,"path_per_floor":["M","?","M","M","$","E","M","M","T","R","E","R","M","?","R","B",null,"M","$","?","M","M","R","?","R","T","R","M","R","E","M","R","B",null,"M","M","M","$","M","E","$","M","T","E","R","M","?","?","R","B"],"character_chosen":"IRONCLAD","items_purchased":["Corruption","True Grit","Bronze Scales","Body Slam","Energy Potion","Turnip","Pummel","Dexterity Potion"],"campfire_rested":4,"item_purchase_floors":[5,5,19,19,19,38,41,41],"current_hp_per_floor":[68,68,69,66,66,46,41,47,47,47,43,43,39,39,61,9,59,59,59,59,23,24,46,46,68,68,68,54,54,59,59,59,54,70,75,75,75,75,75,75,75,71,71,61,61,39,39,39,61,0],"gold":504,"neow_bonus":"THREE_SMALL_POTIONS","is_prod":false,"is_daily":false,"chose_seed":false,"campfire_upgraded":6,"win_rate":0,"timestamp":1550869958,"path_taken":["M","?","?","M","$","E","M","M","T","R","E","R","M","?","R","BOSS","M","$","?","M","?","R","?","R","T","R","M","R","E","M","R","BOSS","M","?","M","$","M","E","$","M","T","E","R","M","?","?","R","BOSS"],"build_version":"2019-01-23","purchased_purges":0,"victory":false,"max_hp_per_floor":[75,75,75,75,75,75,75,75,75,75,75,75,75,75,75,75,75,75,75,75,75,75,75,75,75,75,75,75,75,75,75,75,75,75,75,75,75,75,75,75,75,75,75,75,75,75,75,75,75,75],"card_choices":[{"not_picked":["Armaments","Cleave"],"picked":"Whirlwind","floor":1.0},{"not_picked":["Anger","Twin Strike"],"picked":"Flame Barrier","floor":3.0},{"not_picked":["Dropkick","Dark Embrace"],"picked":"Ghostly Armor","floor":4.0},{"not_picked":["Perfected Strike","Clash","Corruption"],"picked":"SKIP","floor":6.0},{"not_picked":["Disarm","Perfected Strike"],"picked":"Intimidate","floor":7.0},{"not_picked":["Combust","Blood for Blood"],"picked":"Inflame","floor":8.0},{"not_picked":["Sever Soul","Headbutt"],"picked":"Impervious","floor":11.0},{"not_picked":["Dual Wield","Armaments"],"picked":"Pummel","floor":13.0},{"not_picked":["Dark Embrace","Impervious"],"picked":"Demon Form","floor":16.0},{"not_picked":["Dropkick","Iron Wave"],"picked":"Feel No Pain","floor":18.0},{"not_picked":["Clash","Perfected Strike","Anger"],"picked":"SKIP","floor":21.0},{"not_picked":["Flex+1","Pummel"],"picked":"Shrug It Off","floor":22.0},{"not_picked":["Headbutt","Sword Boomerang"],"picked":"Shockwave","floor":28.0},{"not_picked":["Wild Strike","Battle Trance"],"picked":"Shrug It Off","floor":30.0},{"not_picked":["Second Wind+1","Iron Wave"],"picked":"Ghostly Armor","floor":31.0},{"not_picked":["Fiend Fire","Limit Break"],"picked":"Reaper","floor":33.0},{"not_picked":["Clothesline","Reckless Charge","Sword Boomerang"],"picked":"SKIP","floor":35.0},{"not_picked":["Disarm","Spot Weakness"],"picked":"Battle Trance","floor":36.0},{"not_picked":["Shrug It Off","Whirlwind"],"picked":"Havoc+1","floor":37.0},{"not_picked":["Immolate","Twin Strike","Perfected Strike"],"picked":"SKIP","floor":39.0},{"not_picked":["Perfected Strike","Searing Blow+1"],"picked":"Heavy Blade","floor":40.0},{"not_picked":["True Grit","Iron Wave"],"picked":"Body Slam","floor":42.0},{"not_picked":["Thunderclap","True Grit","Second Wind+1"],"picked":"SKIP","floor":44.0},{"not_picked":["Intimidate+1","Berserk"],"picked":"Spot Weakness","floor":46},{"not_picked":["Good Instincts","Bandage Up"],"picked":"Enlightenment","floor":48}],"player_experience":323460,"relics_obtained":[{"floor":6.0,"key":"Shuriken"},{"floor":9.0,"key":"Boot"},{"floor":11.0,"key":"Centennial Puzzle"},{"floor":26.0,"key":"MawBank"},{"floor":30.0,"key":"Lantern"},{"floor":40.0,"key":"Ice Cream"},{"floor":43.0,"key":"Blood Vial"},{"floor":44.0,"key":"Darkstone Periapt"}],"event_choices":[{"cards_removed":["Strike_R"],"damage_healed":0.0,"max_hp_gain":0.0,"max_hp_loss":0.0,"gold_gain":0.0,"event_name":"Purifier","player_choice":"Purged","floor":2.0,"gold_loss":0.0,"damage_taken":0.0},{"damage_healed":0.0,"max_hp_gain":0.0,"max_hp_loss":0.0,"gold_gain":0.0,"event_name":"Golden Idol","player_choice":"Take Wound","floor":14.0,"gold_loss":0.0,"damage_taken":0.0,"relics_obtained":["Golden Idol"],"cards_obtained":["Injury"]},{"cards_removed":["Injury"],"damage_healed":0.0,"max_hp_gain":0.0,"max_hp_loss":0.0,"gold_gain":0.0,"event_name":"Fountain of Cleansing","player_choice":"Removed Curses","floor":20.0,"gold_loss":0.0,"damage_taken":0.0},{"damage_healed":0.0,"max_hp_gain":0.0,"max_hp_loss":0.0,"gold_gain":0.0,"cards_transformed":["Strike_R"],"event_name":"Transmorgrifier","player_choice":"Transformed","floor":24.0,"gold_loss":0.0,"damage_taken":0.0,"cards_obtained":["Juggernaut"]},{"damage_healed":0,"gold_gain":333,"player_choice":"Gave Idol","damage_taken":0,"max_hp_gain":0,"max_hp_loss":0,"event_name":"The Moai Head","floor":47,"relics_lost":["Golden Idol"],"gold_loss":0},{"damage_healed":0,"gold_gain":0,"player_choice":"Memory 1","damage_taken":0,"max_hp_gain":0,"max_hp_loss":0,"event_name":"SensoryStone","floor":48,"gold_loss":0}],"is_beta":false,"boss_relics":[{"not_picked":["Astrolabe","Tiny House"],"picked":"Velvet Choker"},{"not_picked":["White Beast Statue","Coffee Dripper"],"picked":"Cursed Key"}],"items_purged_floors":[],"is_endless":false,"potions_floor_spawned":[3,7,8,11,28,31,33,35,40,42,44],"killed_by":"Time Eater","ascension_level":19}