{"path_per_floor":["M","?","M","?","M","R","M","R","T","?","$","M","M","T","R","B",null,"M","$","M","?","?","M","?","R","T","R","M","M"],"character_chosen":"IRONCLAD","items_purchased":["Pummel","Armaments","Apotheosis"],"gold_per_floor":[109,109,129,129,146,146,159,159,159,234,109,123,136,190,190,294,294,306,34,45,135,135,148,48,48,48,48,67,87],"floor_reached":30,"campfire_rested":2,"playtime":1677,"current_hp_per_floor":[67,67,68,68,72,72,69,69,69,58,58,63,69,69,69,33,72,69,69,68,44,29,19,19,42,42,65,53,12],"items_purged":["Regret"],"gold":87,"play_id":"e7a855da-abd2-4f91-a4d5-d1489ad83b5d","is_prod":false,"is_daily":false,"campfire_rituals":0,"campfire_upgraded":3,"is_hardmode":false,"path_taken":["M","?","M","?","M","R","M","R","T","?","$","M","M","?","R","BOSS","M","$","?","?","?","M","?","R","T","R","M","M","?"],"build_version":"2017-12-21-PROD1","purchased_purges":1,"victory":false,"master_deck":["Strike_R","Strike_R","Strike_R","Strike_R","Strike_R","Defend_R","Defend_R","Defend_R","Defend_R","Bash","Bludgeon","Reaper","Iron Wave","Flex","Flex","Pummel","Armaments","Flex","Twin Strike","Limit Break","Dual Wield","Apotheosis","Panacea","Headbutt","J.A.X."],"max_hp_per_floor":[72,72,72,72,72,72,72,72,72,72,72,72,72,72,72,72,72,72,72,72,72,77,77,77,77,77,77,77,77],"relics":["Burning Blood","Shuriken","Happy Flower","Whetstone","Mark of Pain","Sundial"],"campfire_meditates":0,"card_choices":[{"not_picked":["Immolate","Offering"],"picked":"Bludgeon"},{"not_picked":["Wild Strike","Second Wind"],"picked":"Reaper"},{"not_picked":["Whirlwind","Wild Strike"],"picked":"Iron Wave"},{"not_picked":["Uppercut","Body Slam"],"picked":"Flex"},{"not_picked":["Pommel Strike","Warcry"],"picked":"Flex"},{"not_picked":["Immolate","Rampage"],"picked":"Flex"},{"not_picked":["Clash","True Grit"],"picked":"Twin Strike"},{"not_picked":["Juggernaut","Berserk"],"picked":"Limit Break"},{"not_picked":["Bloodletting","Perfected Strike"],"picked":"Dual Wield"},{"not_picked":["Searing Blow","Anger"],"picked":"Headbutt"}],"player_experience":31973,"potions_floor_usage":[],"damage_taken":[{"damage":11,"enemies":"Jaw Worm","floor":1,"turns":2},{"damage":9,"enemies":"Looter","floor":3,"turns":4},{"damage":0,"enemies":"Cultist","floor":5,"turns":2},{"damage":15,"enemies":"Exordium Thugs","floor":7,"turns":4},{"damage":1,"enemies":"Red Slaver","floor":12,"turns":2},{"damage":0,"enemies":"2 Fungi Beasts","floor":13,"turns":3},{"damage":42,"enemies":"The Guardian","floor":16,"turns":7},{"damage":9,"enemies":"3 Byrds","floor":18,"turns":5},{"damage":7,"enemies":"Shell Parasite","floor":20,"turns":3},{"damage":16,"enemies":"Snake Plant","floor":23,"turns":4},{"damage":30,"enemies":"3 Cultists","floor":28,"turns":5},{"damage":62,"enemies":"Centurion and Healer","floor":29,"turns":7},{"damage":30,"enemies":"Sentry and Sphere","floor":30,"turns":3}],"event_choices":[{"event_name":"Big Fish","player_choice":"Box","floor":2,"damage_taken":0},{"event_name":"The Lab","player_choice":"Got Potions","floor":4,"damage_taken":0},{"event_name":"World of Goop","player_choice":"Gather Gold","floor":10,"damage_taken":0},{"event_name":"Knowing Skull","player_choice":"GOLD CARD ","floor":21,"damage_taken":0},{"event_name":"Forgotten Altar","player_choice":"Shed Blood","floor":22,"damage_taken":0},{"event_name":"Drug Dealer","player_choice":"Got JAXXED","floor":24,"damage_taken":0}],"boss_relics":[{"not_picked":["Sozu","Black Star"],"picked":"Mark of Pain"}],"potions_floor_spawned":[1,5,16,23,28],"seed_played":"-6505645762675842644","killed_by":"Sentry and Sphere","is_trial":false}