{"path_per_floor":["M","?","$","M","?","E","M","E","T","?","R","M","R","M","R","B",null,"M","T","?","$","M","?","R","M","T","M","M","R","E","M","R","B",null,"M","?","$","M","$","R","?","?","T","E","$","R","T","M","R","B"],"character_chosen":"IRONCLAD","items_purchased":["Pommel Strike","Shuriken","Mind Blast","Bludgeon","Mind Blast","Meat on the Bone","Impervious"],"gold_per_floor":[15,90,43,53,53,83,96,128,176,176,176,191,191,208,208,303,303,315,388,388,38,53,153,153,166,240,256,266,266,299,317,317,417,417,427,427,193,213,113,113,113,168,468,497,11,11,11,29,29,29],"floor_reached":51,"campfire_rested":3,"playtime":2324,"current_hp_per_floor":[79,68,68,63,63,45,51,32,32,37,77,48,48,54,54,29,85,85,85,69,69,58,58,58,64,64,74,80,80,49,43,85,13,90,84,90,90,90,90,90,90,52,52,27,27,69,69,75,75,56],"items_purged":["Writhe","Anger"],"gold":29,"score":679,"play_id":"d6704e61-ad25-4583-bbe4-854743157da7","is_prod":false,"is_daily":false,"is_ascension_mode":true,"campfire_upgraded":6,"path_taken":["M","?","?","M","?","E","?","E","T","?","R","M","R","M","R","BOSS","M","?","?","$","M","?","R","M","T","?","M","R","E","M","R","BOSS","M","?","$","?","$","R","?","?","T","E","$","R","?","M","R","BOSS"],"build_version":"2018-02-15-PROD1","purchased_purges":2,"victory":true,"master_deck":["Strike_R","Strike_R","Defend_R","Defend_R","Defend_R","Bash","Double Tap","Exhume","Iron Wave","Pommel Strike","Metallicize+1","Clothesline","Shrug It Off","Flex","Berserk","Thunderclap","Shrug It Off+1","Reaper","Mind Blast+1","Pummel","Demon Form+1","Fiend Fire","Dropkick","Whirlwind+1","Barricade","Iron Wave+1","Bludgeon","Mind Blast+1","Armaments+1","Impervious","Sword Boomerang","Blood for Blood+1"],"max_hp_per_floor":[80,80,80,80,80,80,80,80,80,85,85,85,85,85,85,85,85,85,85,90,90,90,90,90,90,90,90,90,90,90,90,90,90,90,90,90,90,90,90,90,90,90,90,90,90,90,90,90,90,90],"relics":["Burning Blood","Prayer Wheel","Regal Pillow","Lantern","Velvet Choker","Bottled Tornado","Shuriken","Dodecahedron","Sundial","Sozu","Gambling Chip","Old Coin","Anchor","Meat on the Bone","Ice Cream"],"card_choices":[{"not_picked":["Thunderclap","Shrug It Off"],"picked":"Iron Wave"},{"not_picked":["True Grit","Armaments"],"picked":"Metallicize"},{"not_picked":["Body Slam","Seeing Red"],"picked":"Shrug It Off"},{"not_picked":["Clothesline","Heavy Blade"],"picked":"Flex"},{"not_picked":["Second Wind","Uppercut"],"picked":"Berserk"},{"not_picked":["Wild Strike","Twin Strike"],"picked":"Thunderclap"},{"not_picked":["Heavy Blade","Dual Wield"],"picked":"Shrug It Off"},{"not_picked":["Rupture","Body Slam"],"picked":"Anger"},{"not_picked":["Immolate","Juggernaut"],"picked":"Reaper"},{"not_picked":["Infernal Blade","Thunderclap"],"picked":"Pummel"},{"not_picked":["Headbutt","Heavy Blade"],"picked":"Demon Form"},{"not_picked":["Headbutt","Combust"],"picked":"Fiend Fire"},{"not_picked":["Clash","Uppercut"],"picked":"Dropkick"},{"not_picked":["Dual Wield","Entrench"],"picked":"Whirlwind"},{"not_picked":["Offering","Feed"],"picked":"Barricade"},{"not_picked":["Sever Soul","Clothesline"],"picked":"Iron Wave"},{"not_picked":["Rupture","Metallicize"],"picked":"Armaments"},{"not_picked":["Feel No Pain","Combust"],"picked":"Sword Boomerang"},{"not_picked":["Thunderclap","Intimidate"],"picked":"Blood for Blood"}],"player_experience":128721,"potions_floor_usage":[16,27,30,30],"damage_taken":[{"damage":7,"enemies":"Small Slimes","floor":1,"turns":4},{"damage":11,"enemies":"Jaw Worm","floor":4,"turns":4},{"damage":24,"enemies":"3 Sentries","floor":6,"turns":11},{"damage":0,"enemies":"Cultist","floor":7,"turns":3},{"damage":25,"enemies":"Gremlin Nob","floor":8,"turns":5},{"damage":35,"enemies":"Exordium Thugs","floor":12,"turns":6},{"damage":0,"enemies":"Looter","floor":14,"turns":3},{"damage":31,"enemies":"The Guardian","floor":16,"turns":11},{"damage":9,"enemies":"2 Thieves","floor":18,"turns":4},{"damage":17,"enemies":"Spheric Guardian","floor":22,"turns":4},{"damage":9,"enemies":"Snecko","floor":25,"turns":5},{"damage":7,"enemies":"Centurion and Healer","floor":27,"turns":5},{"damage":6,"enemies":"3 Cultists","floor":28,"turns":5},{"damage":37,"enemies":"Book of Stabbing","floor":30,"turns":5},{"damage":12,"enemies":"Sentry and Sphere","floor":31,"turns":4},{"damage":90,"enemies":"Automaton","floor":33,"turns":11},{"damage":12,"enemies":"Orb Walker","floor":35,"turns":3},{"damage":27,"enemies":"3 Shapes","floor":38,"turns":3},{"damage":44,"enemies":"Mysterious Sphere","floor":42,"turns":4},{"damage":68,"enemies":"Nemesis","floor":44,"turns":6},{"damage":0,"enemies":"Sphere and 2 Shapes","floor":48,"turns":2},{"damage":46,"enemies":"Time Eater","floor":50,"turns":7}],"event_choices":[{"event_name":"World of Goop","player_choice":"Gather Gold","floor":2,"damage_taken":0},{"event_name":"Living Wall","player_choice":"Change","floor":5,"damage_taken":0},{"event_name":"Big Fish","player_choice":"Donut","floor":10,"damage_taken":0},{"event_name":"Forgotten Altar","player_choice":"Shed Blood","floor":20,"damage_taken":0},{"event_name":"Golden Shrine","player_choice":"Pray","floor":23,"damage_taken":0},{"event_name":"Winding Halls","player_choice":"Writhe","floor":36,"damage_taken":0},{"event_name":"Mysterious Sphere","player_choice":"Fight","floor":42,"damage_taken":0}],"boss_relics":[{"not_picked":["Lizard Tail","Tiny House"],"picked":"Velvet Choker"},{"not_picked":["Question Card","Black Star"],"picked":"Sozu"}],"potions_floor_spawned":[6,8,14,25,28,30,33,35],"seed_played":"-31936668635908762","ascension_level":4,"is_trial":false}