{"gold_per_floor":[115,130,140,158,173,173,173,173,173,206,131,151,177,177,177,279,279,299,299,312,328,338,338],"floor_reached":23,"playtime":1315,"items_purged":[],"score":207,"play_id":"4ae61141-cd2c-40fc-ac52-ffb3e83e261f","local_time":"20190126033536","is_ascension_mode":false,"campfire_choices":[{"floor":6,"key":"RECALL"},{"floor":8,"key":"REST"},{"floor":15,"key":"REST"}],"neow_cost":"PERCENT_DAMAGE","seed_source_timestamp":335090267196000,"circlet_count":0,"master_deck":["Strike_B","Strike_B","Strike_B","Strike_B","Defend_B","Defend_B","Defend_B","Defend_B","Zap","Dualcast","Echo Form","Capacitor","Ball Lightning","Ball Lightning","Loop","Redo","Defragment","Seek","Ball Lightning"],"relics":["Cracked Core","Vajra","Singing Bowl","Velvet Choker","MutagenicStrength"],"potions_floor_usage":[3,7,10,16,21,23],"damage_taken":[{"damage":5,"enemies":"Small Slimes","floor":1,"turns":3},{"damage":1,"enemies":"Jaw Worm","floor":2,"turns":4},{"damage":0,"enemies":"2 Louse","floor":3,"turns":2},{"damage":10,"enemies":"Looter","floor":4,"turns":4},{"damage":3,"enemies":"3 Louse","floor":5,"turns":5},{"damage":0,"enemies":"Large Slime","floor":7,"turns":1},{"damage":39,"enemies":"3 Sentries","floor":10,"turns":6},{"damage":0,"enemies":"Exordium Wildlife","floor":12,"turns":3},{"damage":15,"enemies":"Lagavulin","floor":13,"turns":6},{"damage":36,"enemies":"Hexaghost","floor":16,"turns":8},{"damage":15,"enemies":"3 Byrds","floor":18,"turns":5},{"damage":27,"enemies":"Shell Parasite","floor":20,"turns":5},{"damage":16,"enemies":"Sentry and Sphere","floor":21,"turns":4},{"damage":32,"enemies":"Snake Plant","floor":22,"turns":4},{"damage":13,"enemies":"Book of Stabbing","floor":23,"turns":2}],"seed_played":"-1086108540102721480","potions_obtained":[{"floor":2,"key":"FocusPotion"},{"floor":3,"key":"Fruit Juice"},{"floor":4,"key":"SmokeBomb"},{"floor":12,"key":"LiquidBronze"},{"floor":16,"key":"FearPotion"},{"floor":20,"key":"Regen Potion"},{"floor":22,"key":"AttackPotion"}],"is_trial":false,"path_per_floor":["M","M","M","M","M","R","M","R","T","E","$","M","E","?","R","B",null,"M","?","M","M","M","E"],"character_chosen":"DEFECT","items_purchased":["Loop"],"campfire_rested":2,"item_purchase_floors":[11],"current_hp_per_floor":[49,48,53,43,40,40,40,64,64,25,25,25,10,36,60,24,80,67,67,42,38,8,0],"gold":338,"neow_bonus":"THREE_RARE_CARDS","is_prod":false,"is_daily":false,"chose_seed":false,"campfire_upgraded":0,"win_rate":0,"timestamp":1548470136,"path_taken":["M","M","M","M","M","R","M","R","T","E","$","M","E","?","R","BOSS","M","?","M","M","M","E"],"build_version":"2019-01-23","purchased_purges":0,"victory":false,"max_hp_per_floor":[75,75,80,80,80,80,80,80,80,80,80,80,80,80,80,80,80,82,82,84,84,86,86],"card_choices":[{"not_picked":["Thunder Strike","Reboot"],"picked":"Echo Form","floor":0},{"not_picked":["Leap","Redo","Conserve Battery"],"picked":"SKIP","floor":1},{"not_picked":["Aggregate","Beam Cell","Steam"],"picked":"SKIP","floor":2},{"not_picked":["Sweeping Beam","Sunder"],"picked":"Capacitor","floor":3},{"not_picked":["Glacier","Steam"],"picked":"Ball Lightning","floor":4},{"not_picked":["Stack","Force Field","Sweeping Beam"],"picked":"SKIP","floor":5},{"not_picked":["Recycle","White Noise"],"picked":"Ball Lightning","floor":10},{"not_picked":["Echo Form","Tempest"],"picked":"Redo","floor":12},{"not_picked":["Hologram","Sunder"],"picked":"Defragment","floor":13},{"not_picked":["Meteor Strike","All For One"],"picked":"Seek","floor":16},{"not_picked":["Scrape","Streamline","Redo"],"picked":"Singing Bowl","floor":18},{"not_picked":["Consume","Auto Shields","Steam+1"],"picked":"Singing Bowl","floor":20},{"not_picked":["Cold Snap","Hologram"],"picked":"Ball Lightning","floor":21},{"not_picked":["Recycle","Beam Cell","Cold Snap+1"],"picked":"Singing Bowl","floor":22}],"player_experience":158750,"relics_obtained":[{"floor":10,"key":"Vajra"},{"floor":13,"key":"Singing Bowl"}],"event_choices":[{"damage_healed":26,"gold_gain":0,"player_choice":"Banana","damage_taken":0,"max_hp_gain":0,"max_hp_loss":0,"event_name":"Big Fish","floor":14,"gold_loss":0},{"damage_healed":0,"gold_gain":0,"player_choice":"Inject Mutagens","damage_taken":0,"relics_obtained":["MutagenicStrength"],"max_hp_gain":0,"max_hp_loss":0,"event_name":"Drug Dealer","floor":19,"gold_loss":0}],"is_beta":true,"boss_relics":[{"not_picked":["Sozu","Fusion Hammer"],"picked":"Velvet Choker"}],"items_purged_floors":[],"is_endless":false,"potions_floor_spawned":[2,3,4,12,16,20,22],"killed_by":"Book of Stabbing","ascension_level":0}