{"path_per_floor":["M","?","$","?","M","M","M","$","T","E","R","E","?","M","R","B",null,"M","M","M","$","?"],"character_chosen":"IRONCLAD","items_purchased":["Fire Breathing","Regal Pillow"],"gold_per_floor":[109,184,39,39,53,65,81,81,81,107,107,132,132,143,143,214,214,232,248,259,11,11,11],"floor_reached":23,"campfire_rested":2,"playtime":695,"current_hp_per_floor":[68,57,57,57,49,54,41,41,41,29,51,35,35,28,50,9,59,65,71,65,65,44,0],"items_purged":["Strike_R","Strike_R"],"gold":11,"score":352,"play_id":"77ed5f2a-9f70-43a9-add0-8cf1d97d8a2c","local_time":"20180503231642","is_prod":false,"is_daily":false,"chose_seed":false,"is_ascension_mode":true,"campfire_upgraded":0,"timestamp":1525407402,"path_taken":["M","?","$","?","M","?","M","?","T","E","R","E","?","M","R","BOSS","M","M","M","$","?","E"],"build_version":"2018-05-03","seed_source_timestamp":2720075765721032,"purchased_purges":3,"victory":false,"master_deck":["Strike_R","Strike_R","Defend_R","Defend_R","Defend_R","Defend_R","Bash","AscendersBane","Limit Break","Whirlwind","Fire Breathing","Inflame","Twin Strike","Sword Boomerang","Evolve","Carnage+1","Demon Form","Power Through+1","Clothesline+1"],"max_hp_per_floor":[75,75,75,75,75,75,75,75,75,75,75,75,75,75,75,75,75,75,75,75,75,80,80],"relics":["Burning Blood","Paper Frog","Molten Egg 2","Matryoshka","Snecko Eye","Regal Pillow"],"card_choices":[{"not_picked":["Body Slam","Headbutt"],"picked":"Whirlwind","floor":1},{"not_picked":["Havoc","Flex"],"picked":"Twin Strike","floor":5},{"not_picked":["Dropkick","Entrench"],"picked":"Sword Boomerang","floor":6},{"not_picked":["Flame Barrier","Perfected Strike"],"picked":"Evolve","floor":7},{"not_picked":["Headbutt","Anger"],"picked":"Carnage","floor":10},{"not_picked":["Juggernaut","Barricade"],"picked":"Demon Form","floor":16},{"not_picked":["Warcry","Thunderclap"],"picked":"Power Through","floor":18},{"not_picked":["Pommel Strike","Burning Pact"],"picked":"Clothesline","floor":20}],"player_experience":310735,"potions_floor_usage":[10,10,16,16],"damage_taken":[{"damage":6,"enemies":"2 Louse","floor":1,"turns":3},{"damage":14,"enemies":"Jaw Worm","floor":5,"turns":4},{"damage":1,"enemies":"Cultist","floor":6,"turns":3},{"damage":19,"enemies":"3 Louse","floor":7,"turns":4},{"damage":18,"enemies":"Gremlin Nob","floor":10,"turns":4},{"damage":22,"enemies":"3 Sentries","floor":12,"turns":5},{"damage":13,"enemies":"Red Slaver","floor":14,"turns":3},{"damage":53,"enemies":"The Guardian","floor":16,"turns":9},{"damage":0,"enemies":"Chosen","floor":18,"turns":4},{"damage":0,"enemies":"Spheric Guardian","floor":19,"turns":3},{"damage":12,"enemies":"3 Cultists","floor":20,"turns":4},{"damage":60,"enemies":"Book of Stabbing","floor":23,"turns":5}],"event_choices":[{"event_name":"World of Goop","player_choice":"Gather Gold","floor":2,"damage_taken":0},{"event_name":"Transmorgrifier","player_choice":"Transform","floor":4,"damage_taken":0},{"event_name":"Liars Game","player_choice":"disagreed","floor":13,"damage_taken":0},{"event_name":"Forgotten Altar","player_choice":"Shed Blood","floor":22,"damage_taken":0}],"boss_relics":[{"not_picked":["Sozu","Black Blood"],"picked":"Snecko Eye"}],"potions_floor_spawned":[6,7,12,14,18,19],"seed_played":"-4543600173231089520","killed_by":"Book of Stabbing","ascension_level":15,"is_trial":false}