{"path_per_floor":["M","M","?","?","M","E","R","E","T","R","?","$","?","E","R"],"character_chosen":"IRONCLAD","items_purchased":["Omamori","Singing Bowl"],"gold_per_floor":[116,131,306,256,269,302,302,335,362,362,382,0,0,32,32],"floor_reached":16,"campfire_rested":2,"playtime":1230,"current_hp_per_floor":[74,76,76,76,78,51,51,33,33,57,50,50,50,15,40],"items_purged":["Strike_R"],"gold":32,"score":151,"play_id":"d8018dd6-f575-4eec-8ce8-03069cc14a9e","is_prod":false,"is_daily":false,"is_ascension_mode":true,"campfire_upgraded":1,"path_taken":["M","M","?","?","M","E","R","E","T","R","?","$","?","E","R","BOSS"],"build_version":"2018-02-22-PROD2","purchased_purges":1,"victory":false,"master_deck":["Strike_R","Strike_R+1","Strike_R+1","Defend_R","Defend_R","Defend_R","Defend_R","Bash","Feed+1","Sentinel","Shrug It Off","Headbutt","Shrug It Off","Reaper","Bloodletting","Intimidate","Ghostly Armor"],"max_hp_per_floor":[75,78,78,78,78,78,78,82,82,82,86,86,86,86,86],"relics":["Burning Blood","Self Forming Clay","Whetstone","Bag of Preparation","Odd Mushroom","Omamori","Singing Bowl","Shuriken"],"card_choices":[{"not_picked":["Barricade","Reaper"],"picked":"Feed"},{"not_picked":["Wild Strike","Sword Boomerang"],"picked":"Sentinel"},{"not_picked":["Sentinel","Perfected Strike"],"picked":"Shrug It Off"},{"not_picked":["Dual Wield","Warcry"],"picked":"Headbutt"},{"not_picked":["Clash","Sever Soul"],"picked":"Shrug It Off"},{"not_picked":["Sever Soul","Evolve"],"picked":"Reaper"},{"not_picked":["Whirlwind","Searing Blow"],"picked":"Bloodletting"},{"not_picked":["Evolve","Shockwave"],"picked":"Ghostly Armor"}],"player_experience":144914,"potions_floor_usage":[6],"damage_taken":[{"damage":7,"enemies":"2 Louse","floor":1,"turns":3},{"damage":7,"enemies":"Small Slimes","floor":2,"turns":5},{"damage":0,"enemies":"Cultist","floor":5,"turns":3},{"damage":33,"enemies":"Lagavulin","floor":6,"turns":7},{"damage":28,"enemies":"3 Sentries","floor":8,"turns":13},{"damage":25,"enemies":"The Mushroom Lair","floor":11,"turns":4},{"damage":41,"enemies":"Lagavulin","floor":14,"turns":9},{"damage":40,"enemies":"Hexaghost","floor":16,"turns":11}],"event_choices":[{"event_name":"Liars Game","player_choice":"agreed","floor":3,"damage_taken":0},{"event_name":"The Cleric","player_choice":"Card Removal","floor":4,"damage_taken":0},{"event_name":"Mushrooms","player_choice":"Fought Mushrooms","floor":11,"damage_taken":0},{"event_name":"Transmorgrifier","player_choice":"Transform","floor":13,"damage_taken":0}],"boss_relics":[],"potions_floor_spawned":[1,11],"seed_played":"6073429914961993563","killed_by":"Hexaghost","ascension_level":6,"is_trial":false}