{"gold_per_floor":[20,30,30,45,56,82,82,36,60,92,119,119,148,163,163,260,260,280,299,299,61,72,72,107,136,217,217,142,142,142,157,157,255,255,271,291,301,301,311,311,346,113,139,153,181,181,206,225,225,225],"floor_reached":51,"playtime":6218,"items_purged":["Doubt"],"score":925,"play_id":"c02b5b97-944a-4575-8775-66d0f887cdf6","local_time":"20190115182714","is_ascension_mode":false,"campfire_choices":[{"data":"Cloak And Dagger","floor":7.0,"key":"SMITH"},{"data":"Footwork","floor":15.0,"key":"SMITH"},{"data":"Footwork","floor":23.0,"key":"SMITH"},{"data":"A Thousand Cuts","floor":27,"key":"SMITH"},{"data":"Cloak And Dagger","floor":29,"key":"SMITH"},{"data":"Leg Sweep","floor":32,"key":"SMITH"},{"data":"Cloak And Dagger","floor":49,"key":"SMITH"}],"neow_cost":"NO_GOLD","seed_source_timestamp":0,"circlet_count":0,"master_deck":["Defend_G","Defend_G","Defend_G","Defend_G","Defend_G","Strike_G","Strike_G","Strike_G","Strike_G","Survivor","Neutralize","Cloak And Dagger+1","Cloak And Dagger+1","Backflip","Acrobatics","Leg Sweep+1","Footwork+1","A Thousand Cuts+1","Masterful Stab+1","Dodge and Roll+1","Footwork+1","Cloak And Dagger+1","Corpse Explosion","Flying Knee+1","Footwork+1","Masterful Stab","Footwork+1","Normality","Deflect+1","Caltrops+1","Madness","Madness"],"special_seed":0,"relics":["Ring of the Snake","Dead Branch","Art of War","Regal Pillow","PreservedInsect","Mummified Hand","Odd Mushroom","FossilizedHelix","Cursed Key","TwistedFunnel","Anchor","Red Mask","Frozen Egg 2","Eternal Feather","Darkstone Periapt","Lantern","Oddly Smooth Stone","Omamori","Bottled Tornado","Orichalcum"],"potions_floor_usage":[39,39],"damage_taken":[{"damage":0.0,"enemies":"2 Louse","floor":1.0,"turns":3.0},{"damage":0.0,"enemies":"Cultist","floor":2.0,"turns":4.0},{"damage":0.0,"enemies":"Jaw Worm","floor":4.0,"turns":3.0},{"damage":0.0,"enemies":"Large Slime","floor":5.0,"turns":5.0},{"damage":18.0,"enemies":"Lagavulin","floor":6.0,"turns":10.0},{"damage":1.0,"enemies":"3 Sentries","floor":10.0,"turns":5.0},{"damage":6.0,"enemies":"The Mushroom Lair","floor":11.0,"turns":2.0},{"damage":0.0,"enemies":"Lagavulin","floor":13.0,"turns":6.0},{"damage":0.0,"enemies":"2 Fungi Beasts","floor":14.0,"turns":4.0},{"damage":25.0,"enemies":"Hexaghost","floor":16.0,"turns":16.0},{"damage":0.0,"enemies":"Shell Parasite","floor":18.0,"turns":5.0},{"damage":0.0,"enemies":"2 Thieves","floor":19.0,"turns":5.0},{"damage":0.0,"enemies":"Cultist and Chosen","floor":22.0,"turns":7.0},{"damage":0.0,"enemies":"Gremlin Leader","floor":24.0,"turns":10.0},{"damage":0,"enemies":"Masked Bandits","floor":25,"turns":5},{"damage":0,"enemies":"Centurion and Healer","floor":31,"turns":5},{"damage":0,"enemies":"Automaton","floor":33,"turns":12},{"damage":0,"enemies":"3 Shapes","floor":35,"turns":3},{"damage":0,"enemies":"3 Darklings","floor":36,"turns":3},{"damage":0,"enemies":"Maw","floor":37,"turns":7},{"damage":0,"enemies":"Transient","floor":39,"turns":5},{"damage":0,"enemies":"Giant Head","floor":41,"turns":9},{"damage":0,"enemies":"4 Shapes","floor":44,"turns":2},{"damage":0,"enemies":"Reptomancer","floor":45,"turns":5},{"damage":0,"enemies":"Nemesis","floor":47,"turns":7},{"damage":0,"enemies":"Writhing Mass","floor":48,"turns":5},{"damage":18,"enemies":"Awakened One","floor":50,"turns":20}],"seed_played":"6410320410293696295","potions_obtained":[{"floor":1.0,"key":"SpeedPotion"},{"floor":5.0,"key":"SpeedPotion"},{"floor":13.0,"key":"GhostInAJar"},{"floor":41,"key":"Block Potion"},{"floor":47,"key":"Poison Potion"}],"is_trial":false,"path_per_floor":["M","M","?","M","M","E","R","$","T","E","?","?","E","M","R","B",null,"M","M","?","$","M","R","E","?","T","R","$","R","?","M","R","B",null,"M","M","M","?","M","?","E","$","T","M","E","?","E","M","R","B",null],"character_chosen":"THE_SILENT","items_purchased":["Backflip","Footwork","TwistedFunnel","Footwork+1","Oddly Smooth Stone"],"campfire_rested":0,"item_purchase_floors":[8,21,21,42,42],"current_hp_per_floor":[70,70,70,70,70,52,52,52,52,51,45,68,68,68,68,43,70,70,70,70,70,70,70,70,70,70,70,70,70,57,57,57,57,75,75,75,75,75,75,75,75,75,81,81,81,71,71,71,81,63],"gold":225,"neow_bonus":"ONE_RARE_RELIC","is_prod":false,"is_daily":false,"chose_seed":false,"campfire_upgraded":7,"win_rate":0.0,"timestamp":1547573234,"path_taken":["M","M","?","?","M","E","R","?","T","E","?","?","E","M","R","BOSS","M","M","?","$","M","R","E","?","T","R","?","R","?","M","R","BOSS","M","M","M","?","?","?","E","$","T","M","E","?","E","M","R","BOSS"],"build_version":"2019-01-14v2","purchased_purges":1,"victory":true,"max_hp_per_floor":[70,70,70,70,70,70,70,70,70,70,70,70,70,70,70,70,70,70,70,70,70,70,70,70,70,70,70,70,70,75,75,75,75,75,75,75,75,75,75,75,75,75,81,81,81,81,81,81,81,81],"card_choices":[{"not_picked":["Distraction","Dagger Throw"],"picked":"Cloak And Dagger","floor":1.0},{"not_picked":["Expertise","Blur","Predator"],"picked":"SKIP","floor":2.0},{"not_picked":["Riddle With Holes","Choke"],"picked":"Cloak And Dagger","floor":4.0},{"not_picked":["Dodge and Roll","Backstab","Deflect"],"picked":"SKIP","floor":5.0},{"not_picked":["PiercingWail","Poisoned Stab","Tactician"],"picked":"SKIP","floor":6.0},{"not_picked":["Masterful Stab","Well Laid Plans"],"picked":"Acrobatics","floor":10.0},{"not_picked":["Poisoned Stab","Sucker Punch"],"picked":"Leg Sweep","floor":11.0},{"not_picked":["Expertise","Sucker Punch"],"picked":"Footwork","floor":13.0},{"not_picked":["Blade Dance","Underhanded Strike","Bane"],"picked":"SKIP","floor":14.0},{"not_picked":["Unload","Die Die Die"],"picked":"A Thousand Cuts","floor":16.0},{"not_picked":["Tactician","Acrobatics+1"],"picked":"Masterful Stab+1","floor":18.0},{"not_picked":["Backflip","Outmaneuver"],"picked":"Dodge and Roll+1","floor":19.0},{"not_picked":["Slice","Flying Knee"],"picked":"Cloak And Dagger","floor":22.0},{"not_picked":["Crippling Poison","Crippling Poison","Dagger Throw"],"picked":"SKIP","floor":24.0},{"not_picked":["Crippling Poison+1","Reflex","Slice+1"],"picked":"SKIP","floor":31},{"not_picked":["Malaise","Burst"],"picked":"Corpse Explosion","floor":33},{"not_picked":["Flechettes+1","Bane+1"],"picked":"Flying Knee+1","floor":35},{"not_picked":["Dash","Bane+1","Underhanded Strike+1"],"picked":"SKIP","floor":36},{"not_picked":["Prepared","Quick Slash"],"picked":"Footwork+1","floor":37},{"not_picked":["Backstab+1","Escape Plan","Prepared"],"picked":"SKIP","floor":39},{"not_picked":["Flying Knee","Backflip+1"],"picked":"Masterful Stab","floor":41},{"not_picked":["Noxious Fumes+1","Wraith Form v2+1"],"picked":"Deflect+1","floor":44},{"not_picked":["Infinite Blades+1","Blur"],"picked":"Caltrops+1","floor":45},{"not_picked":["Poisoned Stab","Acrobatics+1","Sucker Punch+1"],"picked":"SKIP","floor":47},{"not_picked":["Riddle With Holes","Choke","Outmaneuver"],"picked":"SKIP","floor":48}],"player_experience":100957,"relics_obtained":[{"floor":3.0,"key":"Art of War"},{"floor":6.0,"key":"Regal Pillow"},{"floor":9.0,"key":"PreservedInsect"},{"floor":10.0,"key":"Mummified Hand"},{"floor":11.0,"key":"Odd Mushroom"},{"floor":13.0,"key":"FossilizedHelix"},{"floor":24.0,"key":"Anchor"},{"floor":25,"key":"Red Mask"},{"floor":26,"key":"Frozen Egg 2"},{"floor":41,"key":"Lantern"},{"floor":43,"key":"Omamori"},{"floor":45,"key":"Bottled Tornado"},{"floor":47,"key":"Orichalcum"}],"event_choices":[{"damage_healed":0.0,"max_hp_gain":0.0,"max_hp_loss":0.0,"gold_gain":0.0,"event_name":"Wheel of Change","player_choice":"Relic","floor":3.0,"gold_loss":0.0,"damage_taken":0.0},{"damage_healed":0.0,"max_hp_gain":0.0,"max_hp_loss":0.0,"gold_gain":0.0,"event_name":"Mushrooms","player_choice":"Fought Mushrooms","floor":11.0,"gold_loss":0.0,"damage_taken":0.0},{"damage_healed":23.0,"max_hp_gain":0.0,"max_hp_loss":0.0,"gold_gain":0.0,"event_name":"Big Fish","player_choice":"Banana","floor":12.0,"gold_loss":0.0,"damage_taken":0.0},{"damage_healed":0.0,"max_hp_gain":0.0,"max_hp_loss":0.0,"gold_gain":0.0,"event_name":"Beggar","player_choice":"Ignored","floor":20.0,"gold_loss":0.0,"damage_taken":0.0},{"damage_healed":0,"gold_gain":0,"player_choice":"Fought Bandits","damage_taken":0,"max_hp_gain":0,"max_hp_loss":0,"event_name":"Masked Bandits","floor":25,"gold_loss":0},{"damage_healed":0,"gold_gain":0,"player_choice":"Shed Blood","damage_taken":18,"max_hp_gain":5,"max_hp_loss":0,"event_name":"Forgotten Altar","floor":30,"gold_loss":0},{"damage_healed":0,"gold_gain":0,"player_choice":"Gave Potion","damage_taken":0,"relics_obtained":["Darkstone Periapt"],"max_hp_gain":0,"max_hp_loss":0,"event_name":"WeMeetAgain","floor":38,"gold_loss":0},{"cards_removed":["Strike_G"],"damage_healed":0,"gold_gain":0,"player_choice":"Removed Attack","damage_taken":0,"max_hp_gain":0,"max_hp_loss":0,"event_name":"Falling","floor":40,"gold_loss":0},{"damage_healed":0,"gold_gain":0,"player_choice":"Embrace Madness","damage_taken":10,"max_hp_gain":0,"max_hp_loss":0,"event_name":"Winding Halls","floor":46,"gold_loss":0,"cards_obtained":["Madness","Madness"]}],"is_beta":true,"boss_relics":[{"not_picked":["Busted Crown","Philosopher\u0027s Stone"],"picked":"Cursed Key"},{"not_picked":["Orrery","Calling Bell"],"picked":"Eternal Feather"}],"items_purged_floors":[28],"is_endless":false,"potions_floor_spawned":[1,5,13,14,19,24,31,36,37,41,47],"ascension_level":0}