{"path_per_floor":["M","?","?","M","?","R","E","R","T","$","M","R","M","T","R","B",null,"M","?","M","M","T","R","E","M","T","M","M","?","M","M","R"],"character_chosen":"IRONCLAD","items_purchased":["Evolve"],"gold_per_floor":[117,117,117,136,61,61,92,92,92,16,28,28,46,46,46,119,119,139,62,80,95,174,174,229,241,267,283,303,303,323,341,341,341],"floor_reached":33,"campfire_rested":3,"playtime":1032,"current_hp_per_floor":[62,62,39,45,45,66,52,52,52,52,58,58,61,61,61,31,62,62,62,52,42,42,63,48,41,41,32,23,23,11,12,33,0],"items_purged":[],"gold":341,"score":471,"play_id":"63b618da-c00d-49da-81ee-bfb9b8d606d0","local_time":"20180503234330","is_prod":false,"is_daily":false,"chose_seed":false,"is_ascension_mode":true,"campfire_upgraded":3,"timestamp":1525409010,"path_taken":["M","?","?","?","?","R","E","R","T","$","?","R","M","?","R","BOSS","M","?","M","?","?","R","E","M","T","M","?","?","?","M","R","BOSS"],"build_version":"2018-05-03","seed_source_timestamp":2721349119092828,"purchased_purges":0,"victory":false,"master_deck":["Bash","AscendersBane","Bludgeon+1","Fire Breathing+1","Flame Barrier","Armaments+1","Evolve","Metallicize+1","Fire Breathing","Immolate","Pommel Strike","Seeing Red","Clothesline","Fire Breathing","Metallicize","Anger","Wild Strike","Anger","Evolve","Inflame","J.A.X.","Intimidate+1","Iron Wave","Reckless Charge","Pummel+1","True Grit","Writhe","Spot Weakness"],"max_hp_per_floor":[75,75,75,75,72,72,72,72,72,72,72,72,72,72,72,72,72,72,72,72,72,72,72,72,72,72,72,72,72,72,72,72,72],"relics":["Burning Blood","Centennial Puzzle","Bottled Tornado","Question Card","Pandora\u0027s Box","Mummified Hand","Tiny Chest","Oddly Smooth Stone","Ornamental Fan"],"card_choices":[{"not_picked":["Offering","Berserk"],"picked":"Bludgeon","floor":0},{"not_picked":["Twin Strike","Rupture"],"picked":"Fire Breathing","floor":1},{"not_picked":["Perfected Strike","Armaments"],"picked":"Flame Barrier","floor":4},{"not_picked":["Perfected Strike","Blood for Blood"],"picked":"Armaments","floor":7},{"not_picked":["Armaments","Feel No Pain"],"picked":"Metallicize","floor":11},{"not_picked":["Shrug It Off","Reckless Charge"],"picked":"Fire Breathing","floor":13},{"not_picked":["Bludgeon","Feed","Offering"],"picked":"Immolate","floor":16},{"not_picked":["Clash","Heavy Blade","Cleave"],"picked":"Inflame","floor":18},{"not_picked":["Pummel","Heavy Blade","Wild Strike"],"picked":"Intimidate","floor":20},{"not_picked":["Heavy Blade","Pummel","Clothesline"],"picked":"Iron Wave","floor":24},{"not_picked":["Rupture","Burning Pact","Feel No Pain"],"picked":"Reckless Charge","floor":25},{"not_picked":["Uppercut","Cleave","Body Slam"],"picked":"Pummel","floor":27},{"not_picked":["Body Slam","Rampage","Bludgeon"],"picked":"True Grit","floor":28},{"not_picked":["Armaments","Inflame","Cleave"],"picked":"Spot Weakness","floor":31}],"player_experience":311987,"potions_floor_usage":[7,24,24,24,33],"damage_taken":[{"damage":12,"enemies":"Jaw Worm","floor":1,"turns":2},{"damage":0,"enemies":"Cultist","floor":4,"turns":2},{"damage":20,"enemies":"Lagavulin","floor":7,"turns":6},{"damage":0,"enemies":"Small Slimes","floor":11,"turns":2},{"damage":3,"enemies":"Looter","floor":13,"turns":2},{"damage":36,"enemies":"Slime Boss","floor":16,"turns":10},{"damage":6,"enemies":"Spheric Guardian","floor":18,"turns":3},{"damage":16,"enemies":"Shell Parasite","floor":20,"turns":5},{"damage":16,"enemies":"Snecko","floor":21,"turns":4},{"damage":21,"enemies":"Gremlin Leader","floor":24,"turns":4},{"damage":13,"enemies":"3 Cultists","floor":25,"turns":4},{"damage":15,"enemies":"Sentry and Sphere","floor":27,"turns":4},{"damage":15,"enemies":"Chosen and Byrds","floor":28,"turns":3},{"damage":18,"enemies":"Snake Plant","floor":30,"turns":4},{"damage":5,"enemies":"Cultist and Chosen","floor":31,"turns":3},{"damage":66,"enemies":"Automaton","floor":33,"turns":6}],"event_choices":[{"event_name":"Living Wall","player_choice":"Grow","floor":2,"damage_taken":0},{"event_name":"Shining Light","player_choice":"Entered Light","floor":3,"damage_taken":0},{"event_name":"The Cleric","player_choice":"Card Removal","floor":5,"damage_taken":0},{"event_name":"Drug Dealer","player_choice":"Got JAXXED","floor":19,"damage_taken":0},{"event_name":"The Mausoleum","player_choice":"Yes","floor":29,"damage_taken":0}],"boss_relics":[{"not_picked":["Tiny House","Orrery"],"picked":"Pandora\u0027s Box"}],"potions_floor_spawned":[1,4,16,20,25,30],"seed_played":"-6245052486172565372","killed_by":"Automaton","ascension_level":15,"is_trial":false}