{"gold_per_floor":[112,82,92,92,119,119,132,164,188,217,217],"floor_reached":11,"playtime":287,"items_purged":[],"score":110,"play_id":"38603215-cbf9-46ae-b866-891ab05f843f","local_time":"20180719120555","is_ascension_mode":true,"campfire_choices":[{"data":"Zap","floor":6,"key":"SMITH"}],"neow_cost":"TEN_PERCENT_HP_LOSS","seed_source_timestamp":2139503119191806,"circlet_count":0,"master_deck":["Strike_B","Strike_B+1","Strike_B+1","Strike_B","Defend_B","Defend_B","Defend_B","Defend_B+1","Zap+1","Dualcast+1","AscendersBane","Biased Cognition","Compile Driver","Ball Lightning","Echo Form","Go for the Eyes"],"relics":["Cracked Core","Lantern","War Paint","Pen Nib","Odd Mushroom"],"potions_floor_usage":[8,11],"damage_taken":[{"damage":1,"enemies":"2 Louse","floor":1,"turns":2},{"damage":6,"enemies":"Cultist","floor":3,"turns":3},{"damage":2,"enemies":"Jaw Worm","floor":7,"turns":2},{"damage":13,"enemies":"3 Sentries","floor":8,"turns":5},{"damage":15,"floor":10,"turns":4},{"damage":25,"enemies":"Lagavulin","floor":11,"turns":5}],"seed_played":"3402796244672103543","potions_obtained":[{"floor":2,"key":"FearPotion"},{"floor":2,"key":"FocusPotion"},{"floor":8,"key":"Dexterity Potion"}],"is_trial":false,"path_per_floor":["M","?","M","?","T","R","M","E","T","?"],"character_chosen":"DEFECT","items_purchased":[],"campfire_rested":0,"item_purchase_floors":[],"current_hp_per_floor":[67,67,61,47,47,47,45,32,32,17,0],"gold":217,"neow_bonus":"THREE_RARE_CARDS","is_prod":false,"is_daily":false,"chose_seed":false,"campfire_upgraded":1,"win_rate":0,"timestamp":1532019955,"path_taken":["M","?","M","?","?","R","?","E","T","?","E"],"build_version":"2018-07-12","purchased_purges":0,"victory":false,"max_hp_per_floor":[68,68,68,68,68,68,68,68,68,68,68],"card_choices":[{"not_picked":["Amplify","Hyperbeam"],"picked":"Biased Cognition","floor":0},{"not_picked":["Gash","Leap"],"picked":"Compile Driver","floor":1},{"not_picked":["Leap","Go for the Eyes"],"picked":"Ball Lightning","floor":3},{"not_picked":["Cold Snap","Streamline"],"picked":"Echo Form","floor":7},{"not_picked":["Beam Cell","Barrage"],"picked":"Go for the Eyes","floor":8}],"player_experience":434792,"relics_obtained":[{"floor":5,"key":"Lantern"},{"floor":8,"key":"War Paint"},{"floor":9,"key":"Pen Nib"},{"floor":10,"key":"Odd Mushroom"}],"event_choices":[{"event_name":"The Woman in Blue","player_choice":"Bought 2 Potions","floor":2,"damage_taken":0},{"event_name":"Shining Light","player_choice":"Entered Light","floor":4,"damage_taken":0},{"event_name":"Mushrooms","player_choice":"Fought Mushrooms","floor":10,"damage_taken":0}],"boss_relics":[],"items_purged_floors":[],"is_endless":false,"potions_floor_spawned":[3,8],"killed_by":"Lagavulin","ascension_level":11}