{"gold_per_floor":[116,132,132,150,79,107,107,137,161,186,186,221,221,241,241,241],"floor_reached":16,"playtime":504,"items_purged":[],"score":252,"play_id":"493d7c98-e6bc-4447-9868-1f6e1ce1d860","local_time":"20190126120434","is_ascension_mode":true,"campfire_choices":[{"floor":7,"key":"REST"},{"floor":11,"key":"REST"},{"data":"Combust","floor":13,"key":"SMITH"},{"data":"Clothesline","floor":15,"key":"SMITH"}],"neow_cost":"NONE","seed_source_timestamp":298303320378266,"circlet_count":0,"master_deck":["AscendersBane","Strike_R","Strike_R","Strike_R+1","Strike_R+1","Strike_R","Defend_R","Defend_R+1","Defend_R","Defend_R+1","Bash+1","Clothesline+1","Hemokinesis","Wild Strike","Combust+1","Iron Wave"],"relics":["Burning Blood","Whetstone","Red Skull","Anchor","Potion Belt","Blue Candle","Odd Mushroom"],"potions_floor_usage":[10,16,16],"damage_taken":[{"damage":12,"enemies":"Cultist","floor":1,"turns":4},{"damage":3,"enemies":"Small Slimes","floor":2,"turns":4},{"damage":2,"enemies":"2 Louse","floor":4,"turns":3},{"damage":38,"enemies":"Lagavulin","floor":6,"turns":6},{"damage":16,"enemies":"3 Sentries","floor":8,"turns":5},{"damage":9,"enemies":"Gremlin Nob","floor":10,"turns":3},{"damage":14,"enemies":"3 Sentries","floor":12,"turns":5},{"damage":3,"enemies":"The Mushroom Lair","floor":14,"turns":3},{"damage":44,"enemies":"Hexaghost","floor":16,"turns":7}],"seed_played":"-4642296484974987534","potions_obtained":[{"floor":1,"key":"GamblersBrew"},{"floor":8,"key":"EssenceOfSteel"},{"floor":12,"key":"SteroidPotion"},{"floor":14,"key":"SmokeBomb"}],"is_trial":false,"path_per_floor":["M","M","?","M","?","E","R","E","T","E","R","E","R","?","R","B"],"character_chosen":"IRONCLAD","items_purchased":[],"campfire_rested":2,"item_purchase_floors":[],"current_hp_per_floor":[62,65,42,46,46,14,36,26,26,23,45,37,37,40,40,0],"gold":241,"neow_bonus":"UPGRADE_CARD","is_prod":false,"is_daily":false,"chose_seed":false,"campfire_upgraded":2,"win_rate":0,"timestamp":1548522274,"path_taken":["M","M","?","M","?","E","R","E","T","E","R","E","R","?","R","BOSS"],"build_version":"2019-01-23","purchased_purges":0,"victory":false,"max_hp_per_floor":[75,75,75,75,75,75,75,75,75,75,75,75,75,75,75,75],"card_choices":[{"not_picked":["Searing Blow","Heavy Blade"],"picked":"Clothesline","floor":1},{"not_picked":["Perfected Strike","Clothesline"],"picked":"Hemokinesis","floor":2},{"not_picked":["Havoc","Body Slam"],"picked":"Wild Strike","floor":4},{"not_picked":["Warcry","Barricade"],"picked":"Combust","floor":6},{"not_picked":["Wild Strike","Perfected Strike"],"picked":"Iron Wave","floor":8},{"not_picked":["Entrench","Iron Wave","Headbutt"],"picked":"SKIP","floor":10},{"not_picked":["Carnage","Infernal Blade","Rage"],"picked":"SKIP","floor":12}],"player_experience":755747,"relics_obtained":[{"floor":6,"key":"Whetstone"},{"floor":8,"key":"Red Skull"},{"floor":9,"key":"Anchor"},{"floor":10,"key":"Potion Belt"},{"floor":12,"key":"Blue Candle"},{"floor":14,"key":"Odd Mushroom"}],"event_choices":[{"damage_healed":0,"gold_gain":0,"player_choice":"Entered Light","damage_taken":23,"max_hp_gain":0,"max_hp_loss":0,"event_name":"Shining Light","floor":3,"gold_loss":0,"cards_upgraded":["Defend_R","Defend_R"]},{"damage_healed":0,"gold_gain":0,"player_choice":"Left Gold","damage_taken":0,"max_hp_gain":0,"max_hp_loss":0,"event_name":"World of Goop","floor":5,"gold_loss":71},{"damage_healed":0,"gold_gain":0,"player_choice":"Fought Mushrooms","damage_taken":0,"max_hp_gain":0,"max_hp_loss":0,"event_name":"Mushrooms","floor":14,"gold_loss":0}],"is_beta":false,"boss_relics":[],"items_purged_floors":[],"is_endless":false,"potions_floor_spawned":[1,8,12,14],"killed_by":"Hexaghost","ascension_level":20}