{"gold_per_floor":[19,294,304,314,489,519,519,550,575,593,621,621,621,635,635,635],"floor_reached":16,"playtime":860,"items_purged":[],"score":120,"play_id":"4d76f35e-ccbc-4a3b-adb2-1217b9566ff9","local_time":"20190205172326","is_ascension_mode":false,"campfire_choices":[{"floor":7.0,"key":"REST"},{"floor":13.0,"key":"REST"},{"floor":15.0,"key":"REST"}],"neow_cost":"NO_GOLD","seed_source_timestamp":0,"circlet_count":0,"master_deck":["Strike_R","Strike_R","Strike_R","Strike_R","Strike_R","Defend_R","Defend_R","Defend_R","Defend_R","Bash","Double Tap","Anger","Regret","Doubt","Headbutt","Armaments","Whirlwind"],"special_seed":0,"relics":["Burning Blood","Blood Vial","Bag of Preparation","Bronze Scales"],"potions_floor_usage":[],"damage_taken":[{"damage":1.0,"enemies":"2 Louse","floor":1.0,"turns":4.0},{"damage":4.0,"enemies":"Cultist","floor":3.0,"turns":3.0},{"damage":2.0,"enemies":"Small Slimes","floor":4.0,"turns":4.0},{"damage":34.0,"enemies":"Gremlin Nob","floor":6.0,"turns":5.0},{"damage":65.0,"enemies":"Lagavulin","floor":8.0,"turns":10.0},{"damage":7.0,"enemies":"3 Louse","floor":10.0,"turns":4.0},{"damage":23.0,"enemies":"Gremlin Nob","floor":11.0,"turns":4.0},{"damage":24.0,"enemies":"Exordium Thugs","floor":14.0,"turns":4.0},{"damage":62,"enemies":"Slime Boss","floor":16,"turns":9}],"seed_played":"7379574632903733134","potions_obtained":[{"floor":4.0,"key":"PowerPotion"},{"floor":6.0,"key":"SpeedPotion"},{"floor":8.0,"key":"BloodPotion"},{"floor":10.0,"key":"Regen Potion"},{"floor":14.0,"key":"LiquidBronze"}],"is_trial":false,"path_per_floor":["M","?","M","M","?","E","R","E","T","M","E","?","R","M","R","B"],"character_chosen":"IRONCLAD","items_purchased":[],"campfire_rested":3,"item_purchase_floors":[],"current_hp_per_floor":[80,80,80,80,80,52,76,19,19,20,25,25,49,33,57,0],"gold":635,"neow_bonus":"THREE_RARE_CARDS","is_prod":false,"is_daily":false,"chose_seed":false,"campfire_upgraded":0,"win_rate":0,"timestamp":1549383806,"path_taken":["M","?","M","?","?","E","R","E","T","M","E","?","R","?","R","BOSS"],"build_version":"2019-01-23","purchased_purges":0,"victory":false,"max_hp_per_floor":[80,80,80,80,80,80,80,80,80,80,80,80,80,80,80,80],"card_choices":[{"not_picked":["Offering","Reaper"],"picked":"Double Tap","floor":0.0},{"not_picked":["Havoc","Thunderclap"],"picked":"Anger","floor":1.0},{"not_picked":["Armaments","Havoc","Intimidate"],"picked":"SKIP","floor":3.0},{"not_picked":["Flex","Battle Trance","Cleave"],"picked":"SKIP","floor":4.0},{"not_picked":["Dropkick","Wild Strike"],"picked":"Headbutt","floor":6.0},{"not_picked":["Hemokinesis","Combust","Dual Wield"],"picked":"SKIP","floor":8.0},{"not_picked":["Carnage","Heavy Blade"],"picked":"Armaments","floor":10.0},{"not_picked":["Burning Pact","Shockwave","Twin Strike"],"picked":"SKIP","floor":11.0},{"not_picked":["Offering","Twin Strike"],"picked":"Whirlwind","floor":14.0}],"player_experience":180618,"relics_obtained":[{"floor":6.0,"key":"Blood Vial"},{"floor":8.0,"key":"Bag of Preparation"},{"floor":11.0,"key":"Bronze Scales"}],"event_choices":[{"damage_healed":0.0,"max_hp_gain":0.0,"max_hp_loss":0.0,"gold_gain":275.0,"event_name":"Golden Shrine","player_choice":"Desecrate","floor":2.0,"gold_loss":0.0,"damage_taken":0.0,"cards_obtained":["Regret"]},{"damage_healed":0.0,"max_hp_gain":0.0,"max_hp_loss":0.0,"gold_gain":175.0,"event_name":"Liars Game","player_choice":"AGREE","floor":5.0,"gold_loss":0.0,"damage_taken":0.0,"cards_obtained":["Doubt"]},{"damage_healed":0.0,"max_hp_gain":0.0,"max_hp_loss":0.0,"gold_gain":0.0,"event_name":"Match and Keep!","player_choice":"0 cards matched","floor":12.0,"gold_loss":0.0,"damage_taken":0.0,"cards_obtained":[]}],"is_beta":true,"boss_relics":[],"items_purged_floors":[],"is_endless":false,"potions_floor_spawned":[4,6,8,10,14],"killed_by":"Slime Boss","ascension_level":0}