{"gold_per_floor":[112,37,47,47,47,77,77,88,134,234,234,95,105,130,130,130],"floor_reached":16,"playtime":396,"items_purged":["Strike_B","Strike_B"],"score":151,"play_id":"22a7c162-6e98-49e3-85b7-2c95731f8478","local_time":"20180623164837","is_ascension_mode":true,"campfire_choices":[{"floor":7,"key":"REST"},{"floor":15,"key":"REST"}],"neow_cost":"NONE","seed_source_timestamp":3245206781329273,"circlet_count":0,"master_deck":["Strike_B","Defend_B","Defend_B","Defend_B","Defend_B","Zap","Dualcast","Electrodynamics+1","Redo+1","Capacitor","Defragment","Defragment","Storm"],"relics":["Cracked Core","Question Card","Darkstone Periapt","Singing Bowl","Smiling Mask"],"potions_floor_usage":[14,16],"damage_taken":[{"damage":1,"enemies":"Cultist","floor":1,"turns":3},{"damage":12,"enemies":"Jaw Worm","floor":3,"turns":5},{"damage":8,"enemies":"3 Sentries","floor":6,"turns":3},{"damage":0,"enemies":"Small Slimes","floor":8,"turns":1},{"damage":1,"enemies":"2 Fungi Beasts","floor":13,"turns":2},{"damage":33,"enemies":"Gremlin Nob","floor":14,"turns":4},{"damage":38,"enemies":"The Guardian","floor":16,"turns":5}],"seed_played":"-2552931694093759842","potions_obtained":[{"floor":6,"key":"EssenceOfSteel"},{"floor":13,"key":"SkillPotion"}],"is_trial":false,"path_per_floor":["M","$","M","T","?","E","R","M","T","?","?","$","M","E","R"],"character_chosen":"DEFECT","items_purchased":["Defragment"],"campfire_rested":2,"item_purchase_floors":[12],"current_hp_per_floor":[67,67,55,55,40,32,54,54,54,54,47,47,46,15,38,0],"gold":130,"neow_bonus":"ONE_RANDOM_RARE_CARD","is_prod":false,"is_daily":false,"chose_seed":false,"campfire_upgraded":0,"win_rate":0,"timestamp":1529790517,"path_taken":["M","?","?","?","?","E","R","M","T","?","?","$","M","E","R","BOSS"],"build_version":"2018-06-21v2","purchased_purges":2,"victory":false,"max_hp_per_floor":[75,75,75,75,75,75,75,75,75,75,75,75,75,77,77,77],"card_choices":[{"not_picked":["Beam Cell","Gash","Steam"],"picked":"SKIP","floor":1},{"not_picked":["BootSequence","Gash"],"picked":"Redo","floor":3},{"not_picked":["Redo","Turbo","Streamline"],"picked":"Capacitor","floor":6},{"not_picked":["Conserve Battery","Turbo","Cold Snap"],"picked":"Defragment","floor":8},{"not_picked":["Compile Driver","Multi-Cast","Redo"],"picked":"Storm","floor":13},{"not_picked":["Double Energy","Barrage","Beam Cell","Sunder"],"picked":"Singing Bowl","floor":14}],"player_experience":404999,"relics_obtained":[{"floor":4,"key":"Question Card"},{"floor":6,"key":"Darkstone Periapt"},{"floor":9,"key":"Singing Bowl"},{"floor":14,"key":"Smiling Mask"}],"event_choices":[{"event_name":"Shining Light","player_choice":"Entered Light","floor":5,"damage_taken":0},{"event_name":"Golden Shrine","player_choice":"Pray","floor":10,"damage_taken":0},{"event_name":"Golden Wing","player_choice":"Card Removal","floor":11,"damage_taken":0}],"boss_relics":[],"items_purged_floors":[2,12],"is_endless":false,"potions_floor_spawned":[6,13],"killed_by":"The Guardian","ascension_level":8}