{"gold_per_floor":[215,65,65,84,84,84,102,102,127,137,137,137,169,169,169,248,248,266,118,131,131,142,142,142,142,142,142,142],"floor_reached":28,"playtime":888,"items_purged":[],"score":378,"play_id":"e3f4fdd4-3126-4f3a-84db-d560685f3fd8","local_time":"20190201013435","is_ascension_mode":true,"campfire_choices":[{"data":"Cold Snap","floor":6,"key":"SMITH"},{"data":"Conserve Battery","floor":8,"key":"SMITH"},{"data":"Cold Snap","floor":12,"key":"SMITH"},{"floor":15,"key":"REST"},{"floor":27,"key":"REST"}],"neow_cost":"NONE","seed_source_timestamp":703892328195426,"circlet_count":0,"master_deck":["AscendersBane","Strike_B+1","Strike_B+1","Strike_B+1","Strike_B+1","Defend_B+1","Defend_B+1","Defend_B+1","Defend_B+1","Zap+1","Dualcast+1","Cold Snap+1","Cold Snap+1","Conserve Battery+1","Darkness","Chill","Creative AI","Coolheaded","Electrodynamics","Compile Driver","BootSequence","Ghostly","Ghostly","Ghostly","Ghostly","Ghostly"],"relics":["Cracked Core","War Paint","Orichalcum","Juzu Bracelet","Symbiotic Virus","Inserter","Darkstone Periapt"],"potions_floor_usage":[13],"damage_taken":[{"damage":0,"enemies":"Small Slimes","floor":1,"turns":3},{"damage":0,"enemies":"2 Louse","floor":4,"turns":2},{"damage":0,"enemies":"Cultist","floor":7,"turns":3},{"damage":1,"enemies":"Looter","floor":10,"turns":3},{"damage":15,"enemies":"Lagavulin","floor":13,"turns":5},{"damage":42,"enemies":"Hexaghost","floor":16,"turns":10},{"damage":9,"enemies":"Spheric Guardian","floor":18,"turns":4},{"damage":14,"enemies":"Shell Parasite","floor":20,"turns":6},{"damage":33,"enemies":"Snake Plant","floor":22,"turns":3},{"damage":36,"enemies":"Book of Stabbing","floor":28,"turns":8}],"seed_played":"-1691167983851194605","potions_obtained":[{"floor":10,"key":"PowerPotion"},{"floor":16,"key":"Ancient Potion"},{"floor":22,"key":"Energy Potion"}],"is_trial":false,"path_per_floor":["M","$","?","M","?","R","M","R","T","M","?","R","E","?","R","B",null,"M","$","M","?","M","$","?","?","T","R","E"],"character_chosen":"DEFECT","items_purchased":["War Paint","Electrodynamics"],"campfire_rested":2,"item_purchase_floors":[2,19],"current_hp_per_floor":[68,68,73,73,57,57,57,57,57,56,53,53,38,38,62,20,65,56,56,42,42,9,9,9,22,22,34,0],"gold":142,"neow_bonus":"HUNDRED_GOLD","is_prod":false,"is_daily":false,"chose_seed":false,"campfire_upgraded":3,"win_rate":0,"timestamp":1548959675,"path_taken":["M","$","?","M","?","R","M","R","T","M","?","R","E","?","R","BOSS","M","$","M","?","M","$","?","?","T","R","E"],"build_version":"2019-01-23","purchased_purges":0,"victory":false,"max_hp_per_floor":[75,75,80,80,80,80,80,80,80,80,80,80,80,80,80,80,80,80,80,80,80,80,80,40,40,40,40,40],"card_choices":[{"not_picked":["Doom and Gloom","Self Repair"],"picked":"Cold Snap","floor":1},{"not_picked":["Redo","Steam"],"picked":"Cold Snap","floor":4},{"not_picked":["Barrage","Force Field"],"picked":"Conserve Battery","floor":7},{"not_picked":["Steam","Aggregate"],"picked":"Darkness","floor":10},{"not_picked":["Ball Lightning","Double Energy"],"picked":"Chill","floor":13},{"not_picked":["Fission","Seek"],"picked":"Creative AI","floor":16},{"not_picked":["Leap","Hologram"],"picked":"Coolheaded","floor":18},{"not_picked":["Turbo","Undo+1"],"picked":"Compile Driver","floor":20},{"not_picked":["Streamline","Sweeping Beam"],"picked":"BootSequence","floor":22}],"player_experience":298688,"relics_obtained":[{"floor":9,"key":"Orichalcum"},{"floor":13,"key":"Symbiotic Virus"},{"floor":26,"key":"Darkstone Periapt"}],"event_choices":[{"damage_healed":0,"gold_gain":0,"player_choice":"Donut","damage_taken":0,"max_hp_gain":5,"max_hp_loss":0,"event_name":"Big Fish","floor":3,"gold_loss":0},{"damage_healed":0,"gold_gain":0,"player_choice":"Entered Light","damage_taken":16,"max_hp_gain":0,"max_hp_loss":0,"event_name":"Shining Light","floor":5,"gold_loss":0,"cards_upgraded":["Strike_B","Dualcast"]},{"damage_healed":0,"gold_gain":0,"player_choice":"Success","damage_taken":3,"relics_obtained":["Juzu Bracelet"],"max_hp_gain":0,"max_hp_loss":0,"event_name":"Scrap Ooze","floor":11,"gold_loss":0},{"damage_healed":0,"gold_gain":0,"player_choice":"0 cards matched","damage_taken":0,"max_hp_gain":0,"max_hp_loss":0,"event_name":"Match and Keep!","floor":14,"gold_loss":0,"cards_obtained":[]},{"damage_healed":0,"gold_gain":0,"player_choice":"Simplicity","damage_taken":0,"max_hp_gain":0,"max_hp_loss":0,"event_name":"Back to Basics","floor":21,"gold_loss":0,"cards_upgraded":["Strike_B","Strike_B","Strike_B","Defend_B","Defend_B","Defend_B"]},{"damage_healed":0,"gold_gain":0,"player_choice":"Became a Ghost","damage_taken":0,"max_hp_gain":0,"max_hp_loss":40,"event_name":"Ghosts","floor":24,"gold_loss":0,"cards_obtained":["Ghostly","Ghostly","Ghostly","Ghostly","Ghostly"]},{"damage_healed":13,"gold_gain":0,"player_choice":"Heal","damage_taken":0,"max_hp_gain":0,"max_hp_loss":0,"event_name":"The Library","floor":25,"gold_loss":0}],"is_beta":false,"boss_relics":[{"not_picked":["Tiny House","Philosopher\u0027s Stone"],"picked":"Inserter"}],"items_purged_floors":[],"is_endless":false,"potions_floor_spawned":[10,16,22],"killed_by":"Book of Stabbing","ascension_level":13}