{"gold_per_floor":[114,114,114,124,40,56,56,82,108,383,396,406,434,434,434,558,558,574,565,490,490],"floor_reached":21,"playtime":796,"items_purged":[],"score":260,"play_id":"6d3c9a12-0025-42a6-8f2d-a37a670de318","local_time":"20190131184811","is_ascension_mode":true,"campfire_choices":[{"data":"Backstab","floor":7,"key":"SMITH"},{"floor":15,"key":"REST"}],"neow_cost":"NONE","seed_source_timestamp":20878313918098,"circlet_count":0,"master_deck":["Defend_G","Defend_G","Defend_G","Defend_G","Defend_G","Strike_G+1","Strike_G","Strike_G","Strike_G","Survivor","Neutralize","Backstab+1","Dagger Throw","Dramatic Entrance+1","Dash","Cloak And Dagger","Dagger Spray","Envenom","Noxious Fumes","A Thousand Cuts","Deflect+1","Backflip"],"relics":["Ring of the Snake","NeowsBlessing","Whetstone","Bag of Preparation","Odd Mushroom","Golden Idol","WristBlade"],"potions_floor_usage":[16,18,21],"damage_taken":[{"damage":0,"enemies":"Small Slimes","floor":1,"turns":2},{"damage":0,"enemies":"Cultist","floor":4,"turns":1},{"damage":0,"enemies":"2 Louse","floor":6,"turns":1},{"damage":10,"enemies":"3 Sentries","floor":8,"turns":9},{"damage":1,"enemies":"Red Slaver","floor":11,"turns":3},{"damage":0,"enemies":"Large Slime","floor":12,"turns":3},{"damage":2,"enemies":"The Mushroom Lair","floor":13,"turns":3},{"damage":37,"enemies":"Slime Boss","floor":16,"turns":11},{"damage":40,"enemies":"Shell Parasite","floor":18,"turns":10},{"damage":7,"enemies":"2 Thieves","floor":19,"turns":4},{"damage":24,"enemies":"Snake Plant","floor":21,"turns":5}],"seed_played":"-5690878374275085951","potions_obtained":[{"floor":6,"key":"FairyPotion"},{"floor":11,"key":"Regen Potion"},{"floor":16,"key":"AttackPotion"},{"floor":19,"key":"SkillPotion"}],"is_trial":false,"path_per_floor":["M","?","?","M","$","M","R","E","T","?","M","M","?","?","R","B",null,"M","M","?","M"],"character_chosen":"THE_SILENT","items_purchased":["Dramatic Entrance"],"campfire_rested":1,"item_purchase_floors":[5],"current_hp_per_floor":[63,56,56,56,56,56,56,46,46,46,45,45,43,26,47,25,59,19,12,12,0],"gold":490,"neow_bonus":"THREE_ENEMY_KILL","is_prod":false,"is_daily":false,"chose_seed":false,"campfire_upgraded":1,"win_rate":0,"timestamp":1548978491,"path_taken":["M","?","?","?","?","M","R","E","T","?","?","M","?","?","R","BOSS","M","M","?","M"],"build_version":"2019-01-23","purchased_purges":0,"victory":false,"max_hp_per_floor":[70,70,70,70,70,70,70,70,70,70,70,70,70,70,70,70,70,70,70,70,70],"card_choices":[{"not_picked":["PiercingWail","Cloak And Dagger"],"picked":"Backstab","floor":1},{"not_picked":["Prepared","Bane"],"picked":"Dagger Throw","floor":4},{"not_picked":["Prepared","Concentrate"],"picked":"Dash","floor":6},{"not_picked":["Slice","Underhanded Strike"],"picked":"Cloak And Dagger","floor":8},{"not_picked":["Bane","Flying Knee"],"picked":"Dagger Spray","floor":11},{"not_picked":["Tactician","Endless Agony"],"picked":"Envenom","floor":12},{"not_picked":["Dodge and Roll","Deadly Poison"],"picked":"Noxious Fumes","floor":13},{"not_picked":["Phantasmal Killer","Night Terror"],"picked":"A Thousand Cuts","floor":16},{"not_picked":["Sucker Punch","Underhanded Strike"],"picked":"Deflect+1","floor":18},{"not_picked":["Bane","Skewer+1"],"picked":"Backflip","floor":19}],"player_experience":188408,"relics_obtained":[{"floor":8,"key":"Whetstone"},{"floor":9,"key":"Bag of Preparation"},{"floor":13,"key":"Odd Mushroom"}],"event_choices":[{"cards_removed":["Strike_G"],"damage_healed":0,"gold_gain":0,"player_choice":"Card Removal","damage_taken":7,"max_hp_gain":0,"max_hp_loss":0,"event_name":"Golden Wing","floor":2,"gold_loss":0},{"damage_healed":0,"gold_gain":0,"player_choice":"Bought 0 Potions","damage_taken":0,"max_hp_gain":0,"max_hp_loss":0,"event_name":"The Woman in Blue","floor":3,"gold_loss":0},{"damage_healed":0,"gold_gain":275,"player_choice":"Desecrate","damage_taken":0,"max_hp_gain":0,"max_hp_loss":0,"event_name":"Golden Shrine","floor":10,"gold_loss":0,"cards_obtained":["Regret"]},{"damage_healed":0,"gold_gain":0,"player_choice":"Fought Mushrooms","damage_taken":0,"max_hp_gain":0,"max_hp_loss":0,"event_name":"Mushrooms","floor":13,"gold_loss":0},{"damage_healed":0,"gold_gain":0,"player_choice":"Take Damage","damage_taken":17,"relics_obtained":["Golden Idol"],"max_hp_gain":0,"max_hp_loss":0,"event_name":"Golden Idol","floor":14,"gold_loss":0},{"cards_removed":["Regret"],"damage_healed":0,"gold_gain":0,"player_choice":"Gave Gold","damage_taken":0,"max_hp_gain":0,"max_hp_loss":0,"event_name":"Beggar","floor":20,"gold_loss":75}],"is_beta":false,"boss_relics":[{"not_picked":["Ectoplasm","Philosopher\u0027s Stone"],"picked":"WristBlade"}],"items_purged_floors":[],"is_endless":false,"potions_floor_spawned":[6,11,16,19],"killed_by":"Snake Plant","ascension_level":9}