{"path_per_floor":["M","?","?","M","M","R","M","M","T","?","M","R","M","M","R","B",null,"M","?","?","M","$","R","E","$","T","$","M","?","M","M","R","B",null,"M","M","?","?","$","R","M","R","T","?","?","R","$","?","R","B"],"character_chosen":"IRONCLAD","items_purchased":["Meat on the Bone","Orichalcum","Anchor"],"gold_per_floor":[117,117,117,130,145,145,161,177,177,352,364,364,375,395,395,499,499,514,514,514,533,199,199,229,33,33,33,46,46,66,84,84,179,179,197,215,215,215,20,20,36,36,36,0,0,0,0,100,100,100],"floor_reached":51,"campfire_rested":4,"playtime":3150,"current_hp_per_floor":[88,71,71,64,45,86,87,81,81,81,67,67,65,71,71,56,88,88,88,88,39,39,80,44,44,44,44,56,40,51,62,91,31,91,57,53,53,53,53,53,54,54,54,54,54,54,54,54,88,37],"items_purged":["Doubt","Regret","Normality"],"gold":100,"play_id":"28f29b25-1ccb-4b27-b1d8-39cc27cc6fb8","is_prod":false,"is_daily":false,"campfire_rituals":0,"campfire_upgraded":5,"is_hardmode":false,"path_taken":["M","?","?","?","M","R","M","M","T","?","M","R","M","M","R","BOSS","M","?","?","M","$","R","E","$","T","$","?","?","M","M","R","BOSS","M","M","?","?","$","R","M","R","T","?","?","R","?","?","R","BOSS"],"build_version":"2018-01-04-PROD1","purchased_purges":3,"victory":true,"master_deck":["Strike_R","Strike_R","Strike_R","Strike_R","Strike_R","Defend_R","Defend_R","Defend_R","Defend_R","Bash","Pommel Strike","Cleave","Pommel Strike","Perfected Strike","Pommel Strike","Bludgeon","Bludgeon","Shockwave","Iron Wave","Perfected Strike","Twin Strike","Perfected Strike","Iron Wave","Metallicize","Berserk","Battle Trance","Iron Wave","Cleave"],"max_hp_per_floor":[88,88,88,88,88,88,88,88,88,88,88,88,88,88,88,88,88,88,88,88,88,88,88,88,88,88,88,88,88,91,91,91,91,91,91,91,91,91,91,91,91,91,91,91,88,88,88,88,88,88],"relics":["Burning Blood","Regal Pillow","Red Skull","Astrolabe","Meat on the Bone","Smiling Mask","Orichalcum","Toolbox","Nilry\u0027s Codex","Calling Bell","War Paint","Happy Flower","Pen Nib","Blue Candle","Anchor","Champion Belt","Red Mask"],"campfire_meditates":0,"card_choices":[{"not_picked":["Anger","Warcry"],"picked":"Body Slam"},{"not_picked":["Disarm","True Grit"],"picked":"Thunderclap"},{"not_picked":["Shockwave","Wild Strike"],"picked":"Pommel Strike"},{"not_picked":["True Grit","Clothesline"],"picked":"Heavy Blade"},{"not_picked":["Warcry","Dual Wield"],"picked":"Cleave"},{"not_picked":["Rupture","Burning Pact"],"picked":"Pommel Strike"},{"not_picked":["Offering","Pommel Strike"],"picked":"Perfected Strike"},{"not_picked":["Cleave","Heavy Blade"],"picked":"Pommel Strike"},{"not_picked":["Immolate","Demon Form"],"picked":"Bludgeon"},{"not_picked":["Armaments","Rage"],"picked":"Iron Wave"},{"not_picked":["Warcry","Disarm"],"picked":"Twin Strike"},{"not_picked":["Havoc","Rage"],"picked":"Perfected Strike"},{"not_picked":["Cleave","Spot Weakness"],"picked":"Iron Wave"},{"not_picked":["Feel No Pain","Barricade"],"picked":"Metallicize"},{"not_picked":["Limit Break","Exhume"],"picked":"Berserk"},{"not_picked":["Blood for Blood","Sentinel"],"picked":"Battle Trance"},{"not_picked":["Flame Barrier","Wild Strike"],"picked":"Iron Wave"},{"not_picked":["Fire Breathing","True Grit"],"picked":"Cleave"}],"player_experience":80539,"potions_floor_usage":[33,33,50,50,50],"damage_taken":[{"damage":4,"enemies":"2 Louse","floor":1,"turns":4},{"damage":13,"enemies":"Jaw Worm","floor":4,"turns":3},{"damage":25,"enemies":"Blue Slaver","floor":5,"turns":5},{"damage":5,"enemies":"2 Fungi Beasts","floor":7,"turns":3},{"damage":12,"enemies":"3 Louse","floor":8,"turns":4},{"damage":20,"enemies":"Red Slaver","floor":11,"turns":5},{"damage":8,"enemies":"Exordium Thugs","floor":13,"turns":5},{"damage":0,"enemies":"2 Fungi Beasts","floor":14,"turns":2},{"damage":21,"enemies":"Slime Boss","floor":16,"turns":8},{"damage":0,"enemies":"Spheric Guardian","floor":18,"turns":2},{"damage":55,"enemies":"2 Thieves","floor":21,"turns":4},{"damage":54,"enemies":"Slavers","floor":24,"turns":5},{"damage":6,"enemies":"Snake Plant","floor":28,"turns":3},{"damage":10,"enemies":"Centurion and Healer","floor":30,"turns":4},{"damage":7,"enemies":"3 Cultists","floor":31,"turns":5},{"damage":93,"enemies":"Champ","floor":33,"turns":10},{"damage":52,"enemies":"3 Shapes","floor":35,"turns":5},{"damage":10,"enemies":"Orb Walker","floor":36,"turns":3},{"damage":17,"enemies":"3 Darklings","floor":41,"turns":4},{"damage":81,"enemies":"Awakened One","floor":50,"turns":12}],"event_choices":[{"event_name":"Shining Light","player_choice":"Entered Light","floor":2,"damage_taken":0},{"event_name":"Big Fish","player_choice":"Box","floor":3,"damage_taken":0},{"event_name":"Liars Game","player_choice":"agreed","floor":10,"damage_taken":0},{"event_name":"The Library","player_choice":"Read","floor":19,"damage_taken":0},{"event_name":"Transmorgrifier","player_choice":"Transform","floor":20,"damage_taken":0},{"event_name":"Cursed Tome","player_choice":"Obtained Book","floor":29,"damage_taken":0},{"event_name":"Accursed Blacksmith","player_choice":"Rummage","floor":38,"damage_taken":0},{"event_name":"Tomb of Lord Red Mask","player_choice":"Paid","floor":44,"damage_taken":0},{"event_name":"Fountain of Cleansing","player_choice":"Removed Curse","floor":45,"damage_taken":0},{"event_name":"Golden Shrine","player_choice":"Pray","floor":48,"damage_taken":0}],"boss_relics":[{"not_picked":["Black Star","White Beast Statue"],"picked":"Astrolabe"},{"not_picked":["Snecko Eye","Eternal Feather"],"picked":"Calling Bell"}],"potions_floor_spawned":[1,11,14,16,24,31,33,41],"seed_played":"120416568025032781","is_trial":false}