{"gold_per_floor":[209,225,21,21,96,96,96,134,160,160,160,200,221,244,244,368,368,381,22,40,40,40],"floor_reached":22,"playtime":905,"items_purged":["Injury"],"score":259,"play_id":"e766a672-fb66-40ce-a1d6-08f4064a11e3","local_time":"20181210174527","is_ascension_mode":true,"campfire_choices":[{"data":"Zap","floor":6.0,"key":"SMITH"},{"floor":11.0,"key":"REST"},{"floor":15.0,"key":"REST"}],"neow_cost":"NONE","seed_source_timestamp":29241266626640,"circlet_count":0,"master_deck":["Strike_B","Strike_B","Strike_B","Strike_B","Defend_B","Defend_B","Defend_B","Defend_B","Zap+1","Dualcast","Cold Snap","Sunder","Echo Form","Ball Lightning+1","Compile Driver+1","Loop","Buffer","Coolheaded+1","Bandage Up","Multi-Cast"],"special_seed":0,"relics":["Cracked Core","TheAbacus","Golden Idol","Molten Egg 2","Potion Belt","Vajra","Dead Branch","Inserter","Membership Card","Juzu Bracelet"],"potions_floor_usage":[22],"damage_taken":[{"damage":0.0,"enemies":"2 Louse","floor":1.0,"turns":2.0},{"damage":2.0,"enemies":"Jaw Worm","floor":2.0,"turns":4.0},{"damage":22.0,"enemies":"Gremlin Nob","floor":8.0,"turns":4.0},{"damage":25.0,"enemies":"3 Sentries","floor":12.0,"turns":7.0},{"damage":0.0,"enemies":"Small Slimes","floor":13.0,"turns":2.0},{"damage":1.0,"enemies":"Looter","floor":14.0,"turns":2.0},{"damage":19.0,"enemies":"Hexaghost","floor":16.0,"turns":7.0},{"damage":33.0,"enemies":"Shell Parasite","floor":18.0,"turns":7.0},{"damage":23.0,"enemies":"Chosen","floor":20.0,"turns":5.0},{"damage":16,"enemies":"Centurion and Healer","floor":22,"turns":2}],"seed_played":"4951185206682030437","potions_obtained":[{"floor":12.0,"key":"Ancient Potion"},{"floor":13.0,"key":"EssenceOfSteel"},{"floor":14.0,"key":"Fire Potion"},{"floor":20.0,"key":"Dexterity Potion"}],"is_trial":false,"path_per_floor":["M","M","$","?","?","R","?","E","T","?","R","E","M","M","R","B",null,"M","$","M","?","M"],"character_chosen":"DEFECT","items_purchased":["TheAbacus","Membership Card","Bandage Up","Juzu Bracelet"],"campfire_rested":2,"item_purchase_floors":[3,19,19,19],"current_hp_per_floor":[68,66,66,66,55,55,55,33,33,15,37,12,12,11,33,14,60,27,27,8,8,0],"gold":40,"neow_bonus":"HUNDRED_GOLD","is_prod":false,"is_daily":false,"chose_seed":false,"campfire_upgraded":1,"win_rate":0,"timestamp":1544438727,"path_taken":["M","M","$","?","?","R","?","E","T","?","R","E","M","M","R","BOSS","M","$","M","?","M"],"build_version":"2018-12-06","purchased_purges":1,"victory":false,"max_hp_per_floor":[75,75,75,75,75,75,75,75,75,75,75,75,75,75,75,75,75,75,75,75,75,75],"card_choices":[{"not_picked":["Hello World","Compile Driver"],"picked":"Cold Snap","floor":1.0},{"not_picked":["Leap","Skim"],"picked":"Sunder","floor":2.0},{"not_picked":["Meteor Strike","Skim"],"picked":"Echo Form","floor":8.0},{"not_picked":["Force Field","Coolheaded"],"picked":"Ball Lightning+1","floor":12.0},{"not_picked":["Sweeping Beam+1","Static Discharge"],"picked":"Compile Driver+1","floor":13.0},{"not_picked":["Recycle","Streamline+1"],"picked":"Loop","floor":14.0},{"not_picked":["Electrodynamics","Echo Form"],"picked":"Buffer","floor":16.0},{"not_picked":["Hologram","Doom and Gloom+1"],"picked":"Coolheaded+1","floor":18.0},{"not_picked":["Ball Lightning+1","Rip and Tear+1"],"picked":"Multi-Cast","floor":20.0}],"player_experience":196832,"relics_obtained":[{"floor":8.0,"key":"Molten Egg 2"},{"floor":9.0,"key":"Potion Belt"},{"floor":12.0,"key":"Dead Branch"}],"event_choices":[{"damage_healed":0.0,"max_hp_gain":0.0,"max_hp_loss":0.0,"gold_gain":0.0,"event_name":"The Cleric","player_choice":"Leave","floor":4.0,"gold_loss":0.0,"damage_taken":0.0},{"damage_healed":0.0,"max_hp_gain":0.0,"max_hp_loss":0.0,"gold_gain":75.0,"event_name":"World of Goop","player_choice":"Gather Gold","floor":5.0,"gold_loss":0.0,"damage_taken":11.0},{"damage_healed":0.0,"max_hp_gain":0.0,"max_hp_loss":0.0,"gold_gain":0.0,"event_name":"Golden Idol","player_choice":"Take Wound","floor":7.0,"gold_loss":0.0,"damage_taken":0.0,"relics_obtained":["Golden Idol"],"cards_obtained":["Injury"]},{"damage_healed":0.0,"max_hp_gain":0.0,"max_hp_loss":0.0,"gold_gain":0.0,"event_name":"Scrap Ooze","player_choice":"Success","floor":10.0,"gold_loss":0.0,"damage_taken":18.0,"relics_obtained":["Vajra"]},{"damage_healed":0.0,"max_hp_gain":0.0,"max_hp_loss":0.0,"gold_gain":0.0,"event_name":"Beggar","player_choice":"Ignored","floor":21.0,"gold_loss":0.0,"damage_taken":0.0}],"is_beta":false,"boss_relics":[{"not_picked":["White Beast Statue","Runic Pyramid"],"picked":"Inserter"}],"items_purged_floors":[19],"is_endless":false,"potions_floor_spawned":[12,13,14,20],"killed_by":"Centurion and Healer","ascension_level":7}