{"path_per_floor":["M","M","M","$","M","E","R","M","T","?","M","M","M","M","R","B",null,"M","M","M"],"character_chosen":"THE_SILENT","items_purchased":["Well Laid Plans"],"gold_per_floor":[115,133,148,78,96,124,124,140,140,140,159,176,188,205,205,301,301,318,331,351],"floor_reached":21,"campfire_rested":1,"playtime":1604,"current_hp_per_floor":[70,70,70,70,59,56,56,56,56,40,32,30,30,30,54,11,80,61,53,16],"items_purged":[],"gold":351,"score":189,"play_id":"7fbc283e-d0a0-45c4-bdc3-56b719ed42cd","is_prod":false,"is_daily":false,"is_ascension_mode":false,"campfire_upgraded":1,"path_taken":["M","M","M","$","M","E","R","M","T","?","M","?","M","M","R","BOSS","M","M","M","M"],"build_version":"2018-02-15-PROD1","purchased_purges":0,"victory":false,"master_deck":["Survivor","Neutralize","Cloak And Dagger+1","Acrobatics","Blade Dance","Well Laid Plans+1","Storm of Steel+1","Adrenaline","Crippling Poison","Sucker Punch","Outmaneuver","Calculated Gamble","Concentrate","Bane","Poisoned Stab","Dagger Throw","PiercingWail","Backstab"],"max_hp_per_floor":[70,70,70,70,70,80,80,80,80,80,80,80,80,80,80,80,80,80,80,80],"relics":["Ring of the Snake","Pear","Ice Cream","Pandora\u0027s Box"],"card_choices":[{"not_picked":["Dagger Throw","Bane"],"picked":"Cloak And Dagger"},{"not_picked":["Endless Agony","Masterful Stab"],"picked":"Acrobatics"},{"not_picked":["Deadly Poison","Noxious Fumes"],"picked":"Blade Dance"},{"not_picked":["Riddle With Holes","Prepared"],"picked":"Storm of Steel"},{"not_picked":["Grand Finale","Glass Knife"],"picked":"Adrenaline"}],"player_experience":213028,"potions_floor_usage":[6,14,14,19,20],"damage_taken":[{"damage":0,"enemies":"Small Slimes","floor":1,"turns":5},{"damage":0,"enemies":"2 Louse","floor":2,"turns":2},{"damage":0,"enemies":"Jaw Worm","floor":3,"turns":5},{"damage":11,"enemies":"Exordium Thugs","floor":5,"turns":6},{"damage":13,"enemies":"3 Sentries","floor":6,"turns":11},{"damage":0,"enemies":"3 Louse","floor":8,"turns":4},{"damage":8,"enemies":"Exordium Wildlife","floor":11,"turns":5},{"damage":2,"enemies":"Blue Slaver","floor":12,"turns":3},{"damage":0,"enemies":"2 Fungi Beasts","floor":13,"turns":4},{"damage":0,"enemies":"Exordium Thugs","floor":14,"turns":2},{"damage":43,"enemies":"Hexaghost","floor":16,"turns":13},{"damage":19,"enemies":"Shell Parasite","floor":18,"turns":4},{"damage":8,"enemies":"2 Thieves","floor":19,"turns":4},{"damage":37,"enemies":"3 Cultists","floor":20,"turns":7},{"damage":18,"enemies":"Snake Plant","floor":21,"turns":3}],"event_choices":[{"event_name":"Shining Light","player_choice":"Entered Light","floor":10,"damage_taken":0}],"boss_relics":[{"not_picked":["Philosopher\u0027s Stone","Eternal Feather"],"picked":"Pandora\u0027s Box"}],"potions_floor_spawned":[3,8,13,14,16,20],"seed_played":"-1001763760355825575","killed_by":"Snake Plant","ascension_level":0,"is_trial":false}