{"gold_per_floor":[111,131,145,163,163,163,192,28,28,28,61,61,71,89,89,161,161,176,189,189],"floor_reached":20,"playtime":725,"items_purged":[],"score":353,"play_id":"c2db435a-d6a0-45fc-9730-a4c92496ed79","local_time":"20181010185606","is_ascension_mode":true,"campfire_choices":[{"data":"Bash","floor":6,"key":"SMITH"},{"data":"Armaments","floor":15,"key":"SMITH"}],"neow_cost":"","seed_source_timestamp":240320678757670,"circlet_count":0,"master_deck":["Strike_R","Strike_R","Strike_R","Strike_R","Strike_R","Defend_R","Defend_R","Defend_R","Defend_R","Bash+1","AscendersBane","Wild Strike","Anger","Armaments+1","True Grit","Clothesline+1","Reaper+1","Havoc","Body Slam+1","Demon Form","Limit Break","Heavy Blade+1"],"relics":["Burning Blood","Orichalcum","Molten Egg 2","Ornamental Fan","Letter Opener","Black Star"],"potions_floor_usage":[3,13,20],"damage_taken":[{"damage":12,"enemies":"Small Slimes","floor":1,"turns":5},{"damage":7,"enemies":"Jaw Worm","floor":2,"turns":3},{"damage":3,"enemies":"2 Louse","floor":3,"turns":2},{"damage":9,"enemies":"2 Fungi Beasts","floor":4,"turns":3},{"damage":31,"enemies":"3 Sentries","floor":7,"turns":12},{"damage":23,"enemies":"Gremlin Nob","floor":11,"turns":4},{"damage":6,"enemies":"Lots of Slimes","floor":13,"turns":4},{"damage":4,"enemies":"Blue Slaver","floor":14,"turns":4},{"damage":10,"enemies":"Hexaghost","floor":16,"turns":7},{"damage":51,"enemies":"Shell Parasite","floor":18,"turns":8},{"damage":37,"enemies":"3 Byrds","floor":19,"turns":6},{"damage":36,"enemies":"Snake Plant","floor":20,"turns":2}],"seed_played":"2020560231486044882","potions_obtained":[{"floor":2,"key":"BloodPotion"},{"floor":4,"key":"Ancient Potion"},{"floor":7,"key":"Fire Potion"},{"floor":19,"key":"BloodPotion"}],"is_trial":false,"path_per_floor":["M","M","M","M","?","R","E","$","T","$","E","?","M","M","R","B",null,"M","M"],"character_chosen":"IRONCLAD","items_purchased":["Reaper+1"],"campfire_rested":0,"item_purchase_floors":[8],"current_hp_per_floor":[62,61,71,68,50,50,25,25,25,25,8,8,17,24,24,42,67,39,24,0],"gold":189,"neow_bonus":"","is_prod":false,"is_daily":false,"chose_seed":false,"campfire_upgraded":2,"win_rate":0,"timestamp":1539212166,"path_taken":["M","M","M","M","?","R","E","$","T","$","E","?","M","M","R","BOSS","M","M","M"],"build_version":"2018-10-04v2","purchased_purges":0,"victory":false,"max_hp_per_floor":[75,75,75,75,75,75,75,75,75,75,75,75,75,75,75,75,75,75,75,75],"card_choices":[{"not_picked":["Sword Boomerang","Iron Wave"],"picked":"Wild Strike","floor":1},{"not_picked":["Headbutt","Burning Pact"],"picked":"Anger","floor":2},{"not_picked":["Havoc","Flex"],"picked":"Armaments","floor":3},{"not_picked":["Havoc","Anger"],"picked":"True Grit","floor":4},{"not_picked":["Fire Breathing","Clash"],"picked":"Clothesline","floor":7},{"not_picked":["Armaments","Dual Wield"],"picked":"Havoc","floor":11},{"not_picked":["Headbutt+1","Anger+1"],"picked":"Body Slam+1","floor":13},{"not_picked":["Shrug It Off","Dropkick+1"],"picked":"Demon Form","floor":14},{"not_picked":["Offering","Dark Embrace"],"picked":"Limit Break","floor":16},{"not_picked":["Headbutt+1","True Grit"],"picked":"Heavy Blade+1","floor":18},{"not_picked":["Clash+1","Rupture","Second Wind"],"picked":"SKIP","floor":19}],"player_experience":545787,"relics_obtained":[{"floor":7,"key":"Molten Egg 2"},{"floor":9,"key":"Ornamental Fan"},{"floor":11,"key":"Letter Opener"}],"event_choices":[{"event_name":"Scrap Ooze","player_choice":"success","floor":5,"damage_taken":18},{"event_name":"Liars Game","player_choice":"disagreed","floor":12,"damage_taken":0}],"is_beta":false,"boss_relics":[{"not_picked":["Runic Pyramid","Lizard Tail"],"picked":"Black Star"}],"items_purged_floors":[],"is_endless":false,"potions_floor_spawned":[2,4,7,19],"killed_by":"Snake Plant","ascension_level":18}