{"gold_per_floor":[117,128,32,47,47,47,64,64,64,81,151,0,20,20,20,125,125,143,143,143,167,183,183,198,215,215,242,42,42,53,53],"floor_reached":31,"playtime":1628,"items_purged":["Decay"],"score":355,"play_id":"8f01a98d-bb6c-4124-a087-b353db75c282","local_time":"20181214014740","is_ascension_mode":true,"campfire_choices":[{"data":"Zap","floor":6,"key":"SMITH"},{"data":"Dualcast","floor":8,"key":"SMITH"},{"data":"Consume","floor":15,"key":"SMITH"},{"floor":23,"key":"REST"},{"floor":29,"key":"REST"}],"neow_cost":"NONE","seed_source_timestamp":97695381413391,"circlet_count":0,"master_deck":["AscendersBane","Strike_B","Strike_B","Strike_B","Strike_B","Defend_B","Defend_B","Defend_B","Defend_B","Zap+1","Dualcast+1","Go for the Eyes","Cold Snap","Melter","Consume+1","Capacitor","Core Surge","Electrodynamics","Conserve Battery","Hologram+1","Coolheaded","Stack+1","Echo Form"],"relics":["Cracked Core","Anchor","Singing Bowl","Kunai","Fusion Hammer","Letter Opener","Omamori","MawBank"],"potions_floor_usage":[13,27,31],"damage_taken":[{"damage":2,"enemies":"Jaw Worm","floor":1,"turns":3},{"damage":0,"enemies":"Cultist","floor":2,"turns":3},{"damage":0,"enemies":"2 Louse","floor":4,"turns":2},{"damage":1,"enemies":"Blue Slaver","floor":7,"turns":3},{"damage":51,"enemies":"Gremlin Gang","floor":10,"turns":6},{"damage":2,"enemies":"Large Slime","floor":13,"turns":4},{"damage":36,"enemies":"The Guardian","floor":16,"turns":11},{"damage":23,"enemies":"Spheric Guardian","floor":18,"turns":4},{"damage":0,"enemies":"Chosen","floor":22,"turns":4},{"damage":34,"enemies":"Shelled Parasite and Fungi","floor":24,"turns":5},{"damage":12,"enemies":"Centurion and Healer","floor":25,"turns":4},{"damage":24,"enemies":"Snake Plant","floor":27,"turns":4},{"damage":0,"enemies":"Chosen and Byrds","floor":30,"turns":3},{"damage":30,"enemies":"Centurion and Healer","floor":31,"turns":4}],"seed_played":"-3115149687652892863","potions_obtained":[{"floor":2,"key":"Strength Potion"},{"floor":4,"key":"Poison Potion"},{"floor":16,"key":"Swift Potion"},{"floor":30,"key":"PowerPotion"}],"is_trial":false,"path_per_floor":["M","M","$","M","?","R","M","R","T","M","?","$","M","?","R","B",null,"M","T","?","T","M","R","M","M","T","M","$","R","M","M"],"character_chosen":"DEFECT","items_purchased":["Cold Snap","Melter","Core Surge","Echo Form"],"campfire_rested":2,"item_purchase_floors":[3,3,12,28],"current_hp_per_floor":[66,66,66,66,59,59,58,58,58,9,9,9,9,79,79,43,70,47,47,47,47,49,73,39,27,27,3,3,27,29,0],"gold":53,"neow_bonus":"RANDOM_COMMON_RELIC","is_prod":false,"is_daily":false,"chose_seed":false,"campfire_upgraded":3,"win_rate":0,"timestamp":1544726860,"path_taken":["M","M","$","M","?","R","M","R","T","M","?","?","?","?","R","BOSS","M","?","?","?","M","R","?","M","T","M","$","R","?","M"],"build_version":"2018-12-06","purchased_purges":1,"victory":false,"max_hp_per_floor":[75,75,75,75,75,75,75,75,75,77,77,77,79,79,79,79,79,79,79,79,79,81,81,81,81,81,81,81,81,83,83],"card_choices":[{"not_picked":["Rebound","Ball Lightning"],"picked":"Go for the Eyes","floor":1},{"not_picked":["Chill","Rebound"],"picked":"Auto Shields","floor":2},{"not_picked":["Conserve Battery","Recycle"],"picked":"Consume","floor":4},{"not_picked":["Steam","Defragment"],"picked":"Capacitor","floor":7},{"not_picked":["Streamline","Sweeping Beam","Reprogram"],"picked":"Singing Bowl","floor":10},{"not_picked":["Barrage","Steam Power","Melter"],"picked":"Singing Bowl","floor":13},{"not_picked":["Biased Cognition","Seek"],"picked":"Electrodynamics","floor":16},{"not_picked":["Beam Cell","Genetic Algorithm+1"],"picked":"Conserve Battery","floor":18},{"not_picked":["Steam Power","Genetic Algorithm+1","Turbo"],"picked":"Singing Bowl","floor":22},{"not_picked":["Tempest","Chaos+1"],"picked":"Hologram+1","floor":24},{"not_picked":["Steam Power+1","Rip and Tear"],"picked":"Coolheaded","floor":25},{"not_picked":["Ball Lightning","Skim"],"picked":"Stack+1","floor":27},{"not_picked":["Meteor Strike","Gash","Chill"],"picked":"Singing Bowl","floor":30}],"player_experience":223931,"relics_obtained":[{"floor":9,"key":"Kunai"},{"floor":19,"key":"Letter Opener"},{"floor":21,"key":"Omamori"},{"floor":26,"key":"MawBank"}],"event_choices":[{"damage_healed":0,"gold_gain":0,"player_choice":"Success","damage_taken":7,"relics_obtained":["Singing Bowl"],"max_hp_gain":0,"max_hp_loss":0,"event_name":"Scrap Ooze","floor":5,"gold_loss":0},{"damage_healed":0,"gold_gain":70,"player_choice":"Gained Gold","damage_taken":0,"max_hp_gain":0,"max_hp_loss":0,"event_name":"Golden Wing","floor":11,"gold_loss":0},{"cards_removed":["Auto Shields"],"damage_healed":70,"gold_gain":0,"player_choice":"Offered Uncommon","damage_taken":0,"max_hp_gain":0,"max_hp_loss":0,"event_name":"Bonfire Elementals","floor":14,"gold_loss":0},{"damage_healed":0,"gold_gain":0,"player_choice":"Smashed Altar","damage_taken":0,"max_hp_gain":0,"max_hp_loss":0,"event_name":"Forgotten Altar","floor":20,"gold_loss":0,"cards_obtained":["Decay"]}],"is_beta":false,"boss_relics":[{"not_picked":["Runic Dome","Velvet Choker"],"picked":"Fusion Hammer"}],"items_purged_floors":[28],"is_endless":false,"potions_floor_spawned":[2,4,16,18,24,30],"killed_by":"Centurion and Healer","ascension_level":11}