{"path_per_floor":["M","?","$","M","M","E","?","E","T","R","?","R","E","M","R","B",null,"M","M","M","$"],"character_chosen":"DEFECT","items_purchased":["Matryoshka","Scrape","Go for the Eyes","Meat on the Bone"],"gold_per_floor":[369,369,43,59,79,105,105,132,132,132,132,132,161,177,177,279,279,294,314,328,7,7],"floor_reached":22,"campfire_rested":2,"playtime":903,"item_purchase_floors":[3,3,3,21],"current_hp_per_floor":[67,67,67,67,60,24,49,24,31,31,31,55,34,34,58,41,72,40,21,10,10,0],"items_purged":["Strike_B"],"gold":7,"score":275,"play_id":"d62d126b-24e4-4ee0-b234-9c5487e40c51","local_time":"20180618082150","is_prod":false,"is_daily":false,"chose_seed":false,"is_ascension_mode":true,"campfire_upgraded":0,"win_rate":0,"timestamp":1529328110,"campfire_choices":[{"floor":10,"key":"DIG"},{"floor":12,"key":"REST"},{"floor":15,"key":"REST"}],"path_taken":["M","?","$","M","M","E","?","E","T","R","?","R","E","M","R","BOSS","M","M","?","$","M"],"build_version":"2018-06-14v2","seed_source_timestamp":2782291661719037,"purchased_purges":1,"victory":false,"master_deck":["Strike_B","Strike_B","Defend_B","Defend_B","Defend_B","Defend_B","Zap","Dualcast","Go for the Eyes","Scrape","Go for the Eyes","BootSequence","Gash","Streamline","Rebound","Electrodynamics","Stack","Conserve Battery","Auto Shields","Echo Form","Conserve Battery"],"max_hp_per_floor":[75,75,75,75,75,75,75,75,82,82,82,82,82,82,82,82,82,82,82,82,82,82],"relics":["Cracked Core","Matryoshka","Bag of Preparation","Shovel","Strawberry","Bottled Flame","DataDisk","Dream Catcher","Runic Dome","Meat on the Bone"],"card_choices":[{"not_picked":["Turbo","Hologram"],"picked":"Go for the Eyes","floor":1},{"not_picked":["Coolheaded","Darkness"],"picked":"BootSequence","floor":4},{"not_picked":["Redo","Coolheaded"],"picked":"Gash","floor":5},{"not_picked":["Scrape","Amplify"],"picked":"Streamline","floor":6},{"not_picked":["Recycle","Double Energy"],"picked":"Rebound","floor":8},{"not_picked":["Coolheaded","Hyperbeam"],"picked":"Stack","floor":13},{"not_picked":["Redo","Barrage"],"picked":"Conserve Battery","floor":14},{"not_picked":["Rebound","Streamline"],"picked":"Auto Shields","floor":15},{"not_picked":["Core Surge","Thunder Strike"],"picked":"Echo Form","floor":16},{"not_picked":["Turbo","Redo"],"picked":"Conserve Battery","floor":18},{"not_picked":["Redo","Coolheaded+1","Conserve Battery"],"picked":"SKIP","floor":19},{"not_picked":["Steam","Force Field+1","Compile Driver"],"picked":"SKIP","floor":20}],"player_experience":396133,"potions_floor_usage":[6,8],"damage_taken":[{"damage":1,"enemies":"Cultist","floor":1,"turns":3},{"damage":0,"enemies":"Small Slimes","floor":4,"turns":3},{"damage":7,"enemies":"Jaw Worm","floor":5,"turns":4},{"damage":36,"enemies":"3 Sentries","floor":6,"turns":6},{"damage":25,"enemies":"Gremlin Nob","floor":8,"turns":4},{"damage":21,"enemies":"Lagavulin","floor":13,"turns":6},{"damage":0,"enemies":"Blue Slaver","floor":14,"turns":2},{"damage":17,"enemies":"The Guardian","floor":16,"turns":11},{"damage":32,"enemies":"3 Byrds","floor":18,"turns":5},{"damage":19,"enemies":"Shell Parasite","floor":19,"turns":7},{"damage":11,"enemies":"Centurion and Healer","floor":20,"turns":9},{"damage":13,"enemies":"Snake Plant","floor":22,"turns":2}],"relics_obtained":[{"floor":6,"key":"Bag of Preparation"},{"floor":8,"key":"Shovel"},{"floor":9,"key":"Strawberry"},{"floor":9,"key":"Bottled Flame"},{"floor":10,"key":"DataDisk"},{"floor":13,"key":"Dream Catcher"}],"event_choices":[{"event_name":"Living Wall","player_choice":"Forget","floor":2,"damage_taken":0},{"event_name":"Big Fish","player_choice":"Banana","floor":7,"damage_taken":0},{"event_name":"Transmorgrifier","player_choice":"Transform","floor":11,"damage_taken":0}],"boss_relics":[{"not_picked":["Pandora\u0027s Box","White Beast Statue"],"picked":"Runic Dome"}],"items_purged_floors":[21],"is_endless":false,"potions_floor_spawned":[1,6,16,18],"seed_played":"2652220455143359686","killed_by":"Snake Plant","ascension_level":7,"potions_obtained":[{"floor":1,"key":"LiquidBronze"},{"floor":6,"key":"AttackPotion"},{"floor":16,"key":"Ancient Potion"},{"floor":18,"key":"SteroidPotion"}],"is_trial":false}