{"gold_per_floor":[110,110,110,124,134,134,147,167,194,209,209,226,226,255,255,355,355,369,369,294,307,70,70,99,198,224,224,237,254,266,366,366,466,466,485,540,44,0,12,46,61,91,114,143,163,175,175,275,275,275],"floor_reached":51,"playtime":3724,"items_purged":[],"score":999,"play_id":"e5fe4969-c1a4-4f41-b963-5a5429a922c2","local_time":"20190127132843","is_ascension_mode":true,"campfire_choices":[{"data":"True Grit","floor":6,"key":"SMITH"},{"data":"True Grit","floor":11,"key":"SMITH"},{"data":"Demon Form","floor":15,"key":"SMITH"},{"floor":23,"key":"REST"},{"floor":32,"key":"RECALL"},{"floor":47,"key":"REST"},{"floor":49,"key":"REST"}],"neow_cost":"NONE","seed_source_timestamp":318987796064549,"circlet_count":0,"master_deck":["Strike_R","Strike_R+1","Strike_R+1","Defend_R+1","Defend_R","Bash","Shockwave","True Grit+1","Immolate","Good Instincts","Flex","Feel No Pain+1","Barricade","Iron Wave","True Grit+1","Demon Form+1","Impervious","Body Slam+1","Pommel Strike","Inflame","Shrug It Off","Inflame","Ghostly","Ghostly","Ghostly","Ghostly","Ghostly","Limit Break","Shrug It Off+1","Impervious","Distraction+1","Finisher+1","Parasite","Exhume"],"relics":["Burning Blood","Whetstone","Centennial Puzzle","Fusion Hammer","Happy Flower","Blood Vial","Bronze Scales","Bird Faced Urn","Darkstone Periapt","Runic Dome","Magic Flower","Dead Branch","PrismaticShard","Red Mask","Blue Candle","Ancient Tea Set","Pen Nib","Strawberry","Pocketwatch"],"potions_floor_usage":[7,14,14,16,24,31,31,44,44,50],"damage_taken":[{"damage":10,"enemies":"2 Louse","floor":1,"turns":3},{"damage":5,"enemies":"Small Slimes","floor":4,"turns":3},{"damage":0,"enemies":"Cultist","floor":5,"turns":3},{"damage":0,"enemies":"Gremlin Gang","floor":7,"turns":3},{"damage":2,"enemies":"Looter","floor":8,"turns":2},{"damage":11,"enemies":"Blue Slaver","floor":10,"turns":3},{"damage":5,"enemies":"2 Fungi Beasts","floor":12,"turns":3},{"damage":13,"enemies":"3 Sentries","floor":14,"turns":5},{"damage":38,"enemies":"Hexaghost","floor":16,"turns":9},{"damage":12,"enemies":"3 Byrds","floor":18,"turns":6},{"damage":7,"enemies":"Shell Parasite","floor":21,"turns":4},{"damage":20,"enemies":"Book of Stabbing","floor":24,"turns":5},{"damage":0,"enemies":"Centurion and Healer","floor":28,"turns":7},{"damage":0,"enemies":"Snecko","floor":29,"turns":5},{"damage":1,"enemies":"Sentry and Sphere","floor":30,"turns":6},{"damage":13,"enemies":"Colosseum Slavers","floor":31,"turns":6},{"damage":2,"enemies":"Colosseum Nobs","floor":31,"turns":7},{"damage":4,"enemies":"Automaton","floor":33,"turns":9},{"damage":1,"enemies":"Orb Walker","floor":35,"turns":4},{"damage":7,"enemies":"2 Orb Walkers","floor":36,"turns":7},{"damage":20,"enemies":"3 Darklings","floor":39,"turns":6},{"damage":0,"enemies":"Reptomancer","floor":40,"turns":5},{"damage":10,"enemies":"Writhing Mass","floor":41,"turns":7},{"damage":28,"enemies":"Nemesis","floor":42,"turns":7},{"damage":1,"enemies":"Giant Head","floor":44,"turns":6},{"damage":0,"enemies":"Jaw Worm Horde","floor":45,"turns":6},{"damage":5,"enemies":"3 Darklings","floor":46,"turns":5},{"damage":0,"enemies":"Mind Bloom Boss Battle","floor":48,"turns":7},{"damage":1,"enemies":"Awakened One","floor":50,"turns":10}],"seed_played":"5145150150202189932","potions_obtained":[{"floor":1,"key":"Block Potion"},{"floor":5,"key":"Swift Potion"},{"floor":7,"key":"Block Potion"},{"floor":8,"key":"SkillPotion"},{"floor":14,"key":"Explosive Potion"},{"floor":18,"key":"LiquidBronze"},{"floor":28,"key":"LiquidBronze"},{"floor":31,"key":"Fire Potion"},{"floor":35,"key":"Fire Potion"},{"floor":36,"key":"Dexterity Potion"},{"floor":44,"key":"Poison Potion"},{"floor":45,"key":"FairyPotion"}],"is_trial":false,"path_per_floor":["M","?","?","M","M","R","M","M","T","M","R","M","?","E","R","B",null,"M","?","?","M","$","R","E","?","T","?","M","M","M","?","R","B",null,"M","?","$","?","M","E","M","E","T","E","M","M","R","?","R","B",null],"character_chosen":"IRONCLAD","items_purchased":["Inflame","Happy Flower","Shrug It Off","Dead Branch","PrismaticShard"],"campfire_rested":3,"item_purchase_floors":[22,22,22,37,37],"current_hp_per_floor":[76,76,76,77,80,80,80,80,80,75,75,76,60,53,53,21,65,59,59,59,58,58,80,66,66,66,40,40,40,40,39,39,40,40,40,40,40,40,40,40,46,36,36,53,53,53,53,53,53,53],"gold":275,"neow_bonus":"TRANSFORM_CARD","is_prod":false,"is_daily":false,"chose_seed":false,"campfire_upgraded":3,"win_rate":0,"timestamp":1548577723,"path_taken":["M","?","?","M","M","R","?","M","T","?","R","M","?","E","R","BOSS","M","?","?","M","$","R","E","?","T","?","M","?","M","?","R","BOSS","M","?","$","?","M","E","M","E","T","E","M","M","R","?","R","BOSS"],"build_version":"2019-01-23","purchased_purges":0,"victory":true,"max_hp_per_floor":[80,80,80,80,80,80,80,80,80,80,80,80,80,80,80,80,80,80,80,80,80,80,80,80,80,80,40,40,40,40,40,40,40,40,40,40,40,40,40,40,46,46,46,53,53,53,53,53,53,53],"card_choices":[{"not_picked":["Searing Blow","Clothesline"],"picked":"True Grit","floor":1},{"not_picked":["Perfected Strike","Rage"],"picked":"Flex","floor":4},{"not_picked":["Wild Strike","Evolve"],"picked":"Feel No Pain","floor":5},{"not_picked":["Armaments","Clash"],"picked":"Barricade","floor":7},{"not_picked":["Heavy Blade","Fire Breathing"],"picked":"Iron Wave","floor":8},{"not_picked":["Flex","Iron Wave"],"picked":"True Grit","floor":10},{"not_picked":["Searing Blow","Heavy Blade"],"picked":"Demon Form","floor":12},{"not_picked":["Headbutt","Armaments","Rupture"],"picked":"SKIP","floor":14},{"not_picked":["Reaper","Brutality"],"picked":"Impervious","floor":16},{"not_picked":["Twin Strike","Pommel Strike"],"picked":"Body Slam+1","floor":18},{"not_picked":["Reckless Charge","Rupture+1"],"picked":"Pommel Strike","floor":21},{"not_picked":["Pummel","Havoc"],"picked":"Inflame","floor":24},{"not_picked":["Iron Wave","Sword Boomerang"],"picked":"Limit Break","floor":28},{"not_picked":["Pommel Strike","Wild Strike","Cleave+1"],"picked":"SKIP","floor":29},{"not_picked":["Heavy Blade","Armaments","Uppercut"],"picked":"SKIP","floor":30},{"not_picked":["Perfected Strike+1","Twin Strike"],"picked":"Shrug It Off+1","floor":31},{"not_picked":["Fiend Fire","Bludgeon"],"picked":"Impervious","floor":33},{"not_picked":["Corruption+1","Wild Strike","Pommel Strike"],"picked":"SKIP","floor":35},{"not_picked":["Cloak And Dagger+1","Blade Dance+1"],"picked":"Distraction+1","floor":39},{"not_picked":["Whirlwind","Stack"],"picked":"Finisher+1","floor":40},{"not_picked":["Impatience+1","Go for the Eyes+1","Rage"],"picked":"SKIP","floor":41},{"not_picked":["Clash","Steam Power","Sweeping Beam"],"picked":"SKIP","floor":42},{"not_picked":["Heel Hook+1","Blind+1"],"picked":"Exhume","floor":44},{"not_picked":["Poisoned Stab+1","Slice","Deadly Poison+1"],"picked":"SKIP","floor":45},{"not_picked":["Quick Slash+1","Glacier","Brutality"],"picked":"SKIP","floor":46}],"player_experience":269510,"relics_obtained":[{"floor":9,"key":"Whetstone"},{"floor":14,"key":"Centennial Puzzle"},{"floor":24,"key":"Blood Vial"},{"floor":26,"key":"Bronze Scales"},{"floor":31,"key":"Bird Faced Urn"},{"floor":31,"key":"Darkstone Periapt"},{"floor":36,"key":"Magic Flower"},{"floor":40,"key":"Blue Candle"},{"floor":42,"key":"Ancient Tea Set"},{"floor":43,"key":"Pen Nib"},{"floor":44,"key":"Strawberry"},{"floor":48,"key":"Pocketwatch"}],"event_choices":[{"damage_healed":0,"gold_gain":0,"cards_transformed":["Defend_R"],"player_choice":"Change","damage_taken":0,"max_hp_gain":0,"max_hp_loss":0,"event_name":"Living Wall","floor":2,"gold_loss":0,"cards_obtained":["Immolate"]},{"damage_healed":0,"gold_gain":0,"player_choice":"1 cards matched","damage_taken":0,"max_hp_gain":0,"max_hp_loss":0,"event_name":"Match and Keep!","floor":3,"gold_loss":0,"cards_obtained":["Good Instincts"]},{"damage_healed":0,"gold_gain":0,"player_choice":"Entered Light","damage_taken":16,"max_hp_gain":0,"max_hp_loss":0,"event_name":"Shining Light","floor":13,"gold_loss":0,"cards_upgraded":["Defend_R","Feel No Pain"]},{"cards_removed":["Strike_R"],"damage_healed":0,"gold_gain":0,"player_choice":"Elegance","damage_taken":0,"max_hp_gain":0,"max_hp_loss":0,"event_name":"Back to Basics","floor":19,"gold_loss":0},{"cards_removed":["Strike_R"],"damage_healed":0,"gold_gain":0,"player_choice":"Gave Gold","damage_taken":0,"max_hp_gain":0,"max_hp_loss":0,"event_name":"Beggar","floor":20,"gold_loss":75},{"damage_healed":0,"gold_gain":99,"player_choice":"Stole From Cult","damage_taken":0,"max_hp_gain":0,"max_hp_loss":0,"event_name":"Nest","floor":25,"gold_loss":0},{"damage_healed":0,"gold_gain":0,"player_choice":"Became a Ghost","damage_taken":0,"max_hp_gain":0,"max_hp_loss":40,"event_name":"Ghosts","floor":27,"gold_loss":0,"cards_obtained":["Ghostly","Ghostly","Ghostly","Ghostly","Ghostly"]},{"damage_healed":0,"gold_gain":0,"player_choice":"Fight","damage_taken":0,"max_hp_gain":0,"max_hp_loss":0,"event_name":"Colosseum","floor":31,"gold_loss":0},{"damage_healed":0,"gold_gain":0,"player_choice":"Fought Nobs","damage_taken":0,"max_hp_gain":0,"max_hp_loss":0,"event_name":"Colosseum","floor":31,"gold_loss":0},{"damage_healed":0,"gold_gain":0,"player_choice":"Fight","damage_taken":0,"max_hp_gain":0,"max_hp_loss":0,"event_name":"Mysterious Sphere","floor":36,"gold_loss":0},{"damage_healed":0,"gold_gain":0,"player_choice":"Paid","damage_taken":0,"relics_obtained":["Red Mask"],"max_hp_gain":0,"max_hp_loss":0,"event_name":"Tomb of Lord Red Mask","floor":38,"gold_loss":44},{"damage_healed":0,"gold_gain":0,"player_choice":"Fight","damage_taken":0,"max_hp_gain":0,"max_hp_loss":0,"event_name":"MindBloom","floor":48,"gold_loss":0}],"is_beta":false,"boss_relics":[{"not_picked":["Orrery","Busted Crown"],"picked":"Fusion Hammer"},{"not_picked":["Calling Bell","Astrolabe"],"picked":"Runic Dome"}],"items_purged_floors":[],"is_endless":false,"potions_floor_spawned":[1,5,7,8,14,18,28,31,35,36,40,44,45],"ascension_level":5}