{"gold_per_floor":[10,10,28,28,48,48,67,102,102,102,102,122,138,61,61,190,190,215,215,61,61,81,81,94,94,121,172,216,131,31,67,67,197,197,217,240,240],"floor_reached":37,"playtime":1218,"items_purged":["Strike_B","Strike_B"],"score":605,"play_id":"ebfd6450-b654-48ec-804a-719881eb30d0","local_time":"20180623170910","is_ascension_mode":true,"campfire_choices":[{"data":"Defragment","floor":6,"key":"SMITH"},{"floor":11,"key":"REST"},{"data":"Loop","floor":15,"key":"SMITH"},{"floor":23,"key":"REST"},{"floor":25,"key":"REST"},{"floor":32,"key":"REST"}],"neow_cost":"NO_GOLD","seed_source_timestamp":3245617783041560,"circlet_count":0,"master_deck":["Zap","Dualcast","Genetic Algorithm+1","Chaos","Ball Lightning","Defragment+1","Conserve Battery","Ball Lightning","Defragment","Loop+1","Core Surge","Thunder Strike","Conserve Battery","Static Discharge","Turbo+1","BootSequence","Storm","Leap+1","Amplify","Echo Form+1","Conserve Battery+1","Doom and Gloom+1","White Noise+1"],"relics":["Cracked Core","Question Card","Darkstone Periapt","Golden Idol","Runic Pyramid","Bag of Marbles","Pen Nib","Matryoshka","Ancient Tea Set","Gambling Chip","Astrolabe"],"potions_floor_usage":[8,16,31,33,37,37,37],"damage_taken":[{"damage":5,"enemies":"2 Louse","floor":1,"turns":4},{"damage":0,"enemies":"Cultist","floor":3,"turns":3},{"damage":1,"enemies":"Jaw Worm","floor":5,"turns":3},{"damage":3,"enemies":"Looter","floor":7,"turns":3},{"damage":24,"enemies":"3 Sentries","floor":8,"turns":6},{"damage":8,"enemies":"Blue Slaver","floor":12,"turns":3},{"damage":6,"enemies":"Large Slime","floor":13,"turns":4},{"damage":9,"enemies":"The Guardian","floor":16,"turns":7},{"damage":21,"enemies":"Shell Parasite","floor":18,"turns":4},{"damage":6,"enemies":"Spheric Guardian","floor":22,"turns":3},{"damage":36,"enemies":"Snake Plant","floor":24,"turns":3},{"damage":24,"enemies":"Gremlin Leader","floor":28,"turns":6},{"damage":0,"enemies":"Book of Stabbing","floor":31,"turns":4},{"damage":15,"enemies":"Collector","floor":33,"turns":6},{"damage":26,"enemies":"3 Shapes","floor":35,"turns":4},{"damage":32,"enemies":"3 Darklings","floor":36,"turns":5},{"damage":39,"floor":37,"turns":3}],"seed_played":"4588740311618626070","potions_obtained":[{"floor":1,"key":"Strength Potion"},{"floor":8,"key":"Regen Potion"},{"floor":12,"key":"PowerPotion"},{"floor":18,"key":"Explosive Potion"},{"floor":28,"key":"Block Potion"},{"floor":31,"key":"SneckoOil"},{"floor":33,"key":"Dexterity Potion"},{"floor":35,"key":"SpeedPotion"}],"is_trial":false,"path_per_floor":["M","?","M","?","M","R","M","E","T","?","R","M","M","$","R","B",null,"M","?","$","?","M","R","M","R","T","T","E","?","$","E","R","B",null,"M","M"],"character_chosen":"DEFECT","items_purchased":["Core Surge","Static Discharge"],"campfire_rested":4,"item_purchase_floors":[14,20],"current_hp_per_floor":[63,63,63,56,55,55,52,28,28,34,58,50,44,44,44,35,70,49,49,49,49,43,67,31,55,55,55,31,31,31,31,55,40,71,45,13,0],"gold":240,"neow_bonus":"TRANSFORM_TWO_CARDS","is_prod":false,"is_daily":false,"chose_seed":false,"campfire_upgraded":2,"win_rate":0,"timestamp":1529791750,"path_taken":["M","?","?","?","M","R","M","E","T","?","R","M","?","?","R","BOSS","M","?","$","?","M","R","M","R","T","?","E","?","?","E","R","BOSS","M","M","?"],"build_version":"2018-06-21v2","purchased_purges":2,"victory":false,"max_hp_per_floor":[75,75,75,75,75,75,75,75,75,81,81,81,81,81,81,81,81,81,81,81,81,81,81,81,81,81,81,81,81,81,81,81,81,81,81,81,81],"card_choices":[{"not_picked":["Capacitor","Barrage"],"picked":"Ball Lightning","floor":1},{"not_picked":["Reprogram","Ball Lightning"],"picked":"Defragment","floor":3},{"not_picked":["Turbo","Consume","Chill"],"picked":"SKIP","floor":5},{"not_picked":["Redo","Cold Snap"],"picked":"Conserve Battery","floor":7},{"not_picked":["Steam","Leap"],"picked":"Ball Lightning","floor":8},{"not_picked":["Static Discharge","Beam Cell","Genetic Algorithm"],"picked":"Defragment","floor":12},{"not_picked":["Streamline","Go for the Eyes","Cold Snap"],"picked":"Loop","floor":13},{"not_picked":["All For One","Creative AI","Fission"],"picked":"Thunder Strike","floor":16},{"not_picked":["Genetic Algorithm","Gash","Sweeping Beam+1"],"picked":"Conserve Battery","floor":18},{"not_picked":["Barrage","Go for the Eyes","Sweeping Beam"],"picked":"Turbo+1","floor":22},{"not_picked":["Coolheaded","Rebound","Turbo"],"picked":"BootSequence","floor":24},{"not_picked":["Buffer","Rebound","Coolheaded"],"picked":"Storm","floor":28},{"not_picked":["Consume","Gash","Barrage"],"picked":"Leap+1","floor":31},{"not_picked":["Fission","All For One","Meteor Strike"],"picked":"Amplify","floor":33},{"not_picked":["Streamline+1","Genetic Algorithm","Scrape+1"],"picked":"White Noise+1","floor":35},{"not_picked":["Go for the Eyes+1","Conserve Battery","Rebound","Stack+1"],"picked":"SKIP","floor":36}],"player_experience":405395,"relics_obtained":[{"floor":8,"key":"Question Card"},{"floor":9,"key":"Darkstone Periapt"},{"floor":26,"key":"Bag of Marbles"},{"floor":27,"key":"Pen Nib"},{"floor":28,"key":"Matryoshka"},{"floor":31,"key":"Gambling Chip"}],"event_choices":[{"event_name":"Living Wall","player_choice":"Grow","floor":2,"damage_taken":0},{"event_name":"Golden Wing","player_choice":"Card Removal","floor":4,"damage_taken":0},{"event_name":"Golden Idol","player_choice":"Take Wound","floor":10,"damage_taken":0},{"event_name":"Back to Basics","player_choice":"Elegance","floor":19,"damage_taken":0},{"event_name":"Vampires","player_choice":"Ignored","floor":21,"damage_taken":0},{"event_name":"Addict","player_choice":"Obtained Relic","floor":29,"damage_taken":0},{"event_name":"Mysterious Sphere","player_choice":"Fight","floor":37,"damage_taken":0}],"boss_relics":[{"not_picked":["Black Star","Philosopher\u0027s Stone"],"picked":"Runic Pyramid"},{"not_picked":["Fusion Hammer","Orrery"],"picked":"Astrolabe"}],"items_purged_floors":[20,30],"is_endless":false,"potions_floor_spawned":[1,8,12,18,28,31,33,35],"ascension_level":8}