{"path_per_floor":["M","M","M","M","M","$","R","M","T","R","M","E","?","M","R","B",null,"M","$","?","M","?","R","E"],"character_chosen":"DEFECT","items_purchased":["Storm","Hologram","FTL"],"gold_per_floor":[119,129,143,163,174,92,92,102,102,102,114,140,140,152,152,256,256,268,179,179,191,191,191,216,216],"floor_reached":25,"campfire_rested":3,"playtime":1723,"current_hp_per_floor":[70,69,63,38,33,33,55,43,43,43,38,27,20,14,36,5,75,48,48,48,32,32,47,8,0],"items_purged":[],"gold":216,"score":250,"play_id":"dd5c3ebb-a5de-4d57-ab3f-22f745a83980","local_time":"20180508172531","is_prod":false,"is_daily":false,"chose_seed":false,"is_ascension_mode":false,"campfire_upgraded":1,"timestamp":1525793131,"path_taken":["M","M","M","M","M","$","R","M","T","R","M","E","?","M","R","BOSS","M","$","?","M","?","R","E","M"],"build_version":"2018-05-07","seed_source_timestamp":1181925126781899,"purchased_purges":0,"victory":false,"master_deck":["Defend_B","Defend_B","Defend_B","Defend_B","Zap+1","Dualcast","Lockon","Cold Snap","Impulse","Scrape","Barrage","Storm","Loop","Rainbow","Impulse","Ball Lightning","Creative AI","Chaos","Hologram","FTL","Bite","Bite","Bite","Bite","Bite","Static Discharge+1","Loop"],"max_hp_per_floor":[75,75,75,75,75,75,75,75,75,75,75,75,75,75,75,75,75,75,75,52,52,52,52,52,52],"relics":["Cracked Core","Ginger","Vajra","Sozu","Peace Pipe"],"card_choices":[{"not_picked":["Impulse","Beam Cell"],"picked":"Lockon","floor":1},{"not_picked":["Hologram","FTL"],"picked":"Cold Snap","floor":2},{"not_picked":["Leap","Rainbow"],"picked":"Impulse","floor":3},{"not_picked":["Hello World","Steam Power"],"picked":"Scrape","floor":4},{"not_picked":["Loop","FTL"],"picked":"Barrage","floor":5},{"not_picked":["Impulse","Ball Lightning"],"picked":"Loop","floor":8},{"not_picked":["Axe Kick","Go for the Eyes"],"picked":"Rainbow","floor":11},{"not_picked":["Consume","BootSequence"],"picked":"Impulse","floor":12},{"not_picked":["Self Repair","Hologram"],"picked":"Ball Lightning","floor":14},{"not_picked":["Biased Cognition","Seek"],"picked":"Creative AI","floor":16},{"not_picked":["Barrage","Blizzard"],"picked":"Chaos","floor":18},{"not_picked":["Doom and Gloom","Rip and Tear"],"picked":"Static Discharge","floor":21},{"not_picked":["Aggregate","Darkness"],"picked":"Loop","floor":24}],"player_experience":90386,"potions_floor_usage":[25],"damage_taken":[{"damage":5,"enemies":"Small Slimes","floor":1,"turns":3},{"damage":1,"enemies":"Jaw Worm","floor":2,"turns":3},{"damage":6,"enemies":"2 Louse","floor":3,"turns":2},{"damage":25,"enemies":"Exordium Thugs","floor":4,"turns":4},{"damage":5,"enemies":"2 Fungi Beasts","floor":5,"turns":3},{"damage":12,"enemies":"Blue Slaver","floor":8,"turns":3},{"damage":5,"enemies":"Looter","floor":11,"turns":2},{"damage":11,"enemies":"3 Sentries","floor":12,"turns":9},{"damage":6,"enemies":"2 Fungi Beasts","floor":14,"turns":3},{"damage":31,"enemies":"Slime Boss","floor":16,"turns":5},{"damage":27,"enemies":"3 Byrds","floor":18,"turns":5},{"damage":25,"enemies":"Spheric Guardian","floor":21,"turns":4},{"damage":45,"enemies":"Book of Stabbing","floor":24,"turns":5},{"damage":19,"enemies":"Cultist and Chosen","floor":25,"turns":5}],"event_choices":[{"event_name":"Golden Wing","player_choice":"Card Removal","floor":13,"damage_taken":0},{"event_name":"Vampires","player_choice":"Became a vampire","floor":20,"damage_taken":0},{"event_name":"Purifier","player_choice":"Skipped","floor":22,"damage_taken":0}],"boss_relics":[{"not_picked":["Lizard Tail","Astrolabe"],"picked":"Sozu"}],"potions_floor_spawned":[2,4,5,11,14,18,21,24],"seed_played":"5417564605509303890","killed_by":"Cultist and Chosen","ascension_level":0,"is_trial":false}