{"gold_per_floor":[119,119,68,86,140,175,194,212,212,212,244,244,274,289,289,368,368,379,406,406,423,437,437,465,465,519,51,61,61,89,0,0,74,74,90,105,30,30,30,30,30,48,72,17,17,46,64,77,77,77,77],"floor_reached":51,"playtime":2439,"items_purged":["Strike_B"],"score":1576,"play_id":"111dfcc7-7f87-466a-85ba-f53879305931","local_time":"20181209211547","is_ascension_mode":true,"campfire_choices":[{"data":"Fission","floor":10,"key":"SMITH"},{"data":"Zap","floor":12,"key":"SMITH"},{"data":"Conserve Battery","floor":15,"key":"SMITH"},{"floor":23,"key":"REST"},{"floor":25,"key":"REST"},{"data":"Reinforced Body","floor":29,"key":"SMITH"},{"floor":32,"key":"REST"},{"floor":41,"key":"REST"},{"data":"Loop","floor":45,"key":"SMITH"},{"floor":49,"key":"RECALL"}],"neow_cost":"NONE","seed_source_timestamp":1328214177192134,"circlet_count":0,"master_deck":["AscendersBane","Strike_B","Defend_B","Defend_B","Defend_B","Defend_B","Zap+1","Dualcast","Ball Lightning","Conserve Battery+1","Ball Lightning","Cold Snap","Fission+1","Sweeping Beam","Cold Snap","Compile Driver","Echo Form","Core Surge","Conserve Battery","Compile Driver","Reinforced Body+1","White Noise","Tempest","Tempest","Loop+1","Biased Cognition","Turbo","Multi-Cast","Doom and Gloom+1"],"relics":["Cracked Core","NeowsBlessing","Oddly Smooth Stone","DataDisk","Thread and Needle","Philosopher\u0027s Stone","Bag of Marbles","Anchor","Omamori","Gambling Chip","Bottled Lightning","Runic Pyramid","Potion Belt","Sundial"],"potions_floor_usage":[11,18,24,24,28,40,51,51,51],"damage_taken":[{"damage":0,"enemies":"2 Louse","floor":1,"turns":1},{"damage":0,"enemies":"Cultist","floor":4,"turns":1},{"damage":0,"enemies":"3 Sentries","floor":6,"turns":1},{"damage":6,"enemies":"Small Slimes","floor":7,"turns":3},{"damage":1,"enemies":"Exordium Thugs","floor":8,"turns":4},{"damage":7,"enemies":"Lagavulin","floor":11,"turns":5},{"damage":0,"enemies":"Gremlin Nob","floor":13,"turns":2},{"damage":0,"enemies":"Looter","floor":14,"turns":2},{"damage":42,"enemies":"Hexaghost","floor":16,"turns":9},{"damage":2,"enemies":"2 Thieves","floor":18,"turns":3},{"damage":5,"enemies":"3 Byrds","floor":21,"turns":4},{"damage":24,"enemies":"Snake Plant","floor":22,"turns":4},{"damage":4,"enemies":"Book of Stabbing","floor":24,"turns":4},{"damage":6,"enemies":"Chosen and Byrds","floor":28,"turns":3},{"damage":33,"enemies":"Slavers","floor":30,"turns":6},{"damage":46,"enemies":"Automaton","floor":33,"turns":9},{"damage":27,"enemies":"3 Darklings","floor":35,"turns":4},{"damage":0,"enemies":"3 Shapes","floor":36,"turns":4},{"damage":0,"enemies":"Reptomancer","floor":40,"turns":2},{"damage":0,"enemies":"Maw","floor":42,"turns":4},{"damage":0,"enemies":"Giant Head","floor":46,"turns":8},{"damage":6,"enemies":"3 Darklings","floor":47,"turns":5},{"damage":10,"enemies":"Spire Growth","floor":48,"turns":4},{"damage":24,"enemies":"Donu and Deca","floor":50,"turns":9},{"damage":24,"enemies":"Time Eater","floor":51,"turns":3}],"seed_played":"4379153164081973635","potions_obtained":[{"floor":6,"key":"Regen Potion"},{"floor":8,"key":"Fire Potion"},{"floor":14,"key":"Dexterity Potion"},{"floor":18,"key":"Strength Potion"},{"floor":36,"key":"Block Potion"},{"floor":39,"key":"SmokeBomb"},{"floor":46,"key":"Ancient Potion"},{"floor":47,"key":"Weak Potion"}],"is_trial":false,"path_per_floor":["M","?","$","M","T","E","M","M","T","R","E","R","E","M","R","B",null,"M","T","?","M","M","R","E","R","T","$","M","R","E","$","R","B",null,"M","M","$","?","?","E","R","M","T","$","R","E","M","M","R","B","B"],"character_chosen":"DEFECT","items_purchased":["Ball Lightning","Gambling Chip","Fire Potion","White Noise","Loop","PowerPotion"],"campfire_rested":4,"item_purchase_floors":[3,27,27,27,31,44],"current_hp_per_floor":[64,64,64,64,64,64,58,57,57,57,62,62,62,62,62,20,58,56,56,56,51,27,48,44,65,65,65,59,59,26,26,47,1,54,27,27,27,27,27,27,47,47,47,47,47,47,41,31,31,7,0],"gold":77,"neow_bonus":"THREE_ENEMY_KILL","is_prod":false,"is_daily":false,"chose_seed":false,"campfire_upgraded":5,"win_rate":0,"timestamp":1544408147,"path_taken":["M","?","$","?","?","E","M","M","T","R","E","R","E","M","R","BOSS","M","?","?","M","M","R","E","R","T","$","M","R","E","$","R","BOSS","M","M","$","?","?","E","R","M","T","$","R","E","M","M","R","BOSS","BOSS"],"build_version":"2018-12-06","purchased_purges":1,"victory":false,"max_hp_per_floor":[71,71,71,71,71,71,71,71,71,71,71,71,71,71,71,71,71,71,71,71,71,71,71,71,71,71,71,71,71,71,71,71,71,71,71,71,71,67,67,67,67,67,67,67,67,67,67,67,67,67,67],"card_choices":[{"not_picked":["Conserve Battery","Compile Driver"],"picked":"Ball Lightning","floor":1},{"not_picked":["Sunder","Barrage"],"picked":"Cold Snap","floor":4},{"not_picked":["Recycle","Redo"],"picked":"Fission","floor":6},{"not_picked":["Stack","Turbo"],"picked":"Sweeping Beam","floor":7},{"not_picked":["Leap","Barrage"],"picked":"Cold Snap","floor":8},{"not_picked":["Go for the Eyes","Gash"],"picked":"Compile Driver","floor":11},{"not_picked":["Steam","Aggregate","Fusion"],"picked":"SKIP","floor":13},{"not_picked":["Conserve Battery","Gash"],"picked":"Echo Form","floor":14},{"not_picked":["Amplify","Buffer"],"picked":"Core Surge","floor":16},{"not_picked":["Rip and Tear","Heatsinks"],"picked":"Conserve Battery","floor":18},{"not_picked":["Auto Shields","Ball Lightning"],"picked":"Compile Driver","floor":21},{"not_picked":["Steam","Sunder","Sweeping Beam"],"picked":"SKIP","floor":22},{"not_picked":["Steam+1","Leap"],"picked":"Reinforced Body","floor":24},{"not_picked":["Sunder","Hello World"],"picked":"Tempest","floor":28},{"not_picked":["Hello World","Reprogram"],"picked":"Tempest","floor":30},{"not_picked":["Hyperbeam","Core Surge"],"picked":"Biased Cognition","floor":33},{"not_picked":["Sunder","Doom and Gloom"],"picked":"Turbo","floor":35},{"not_picked":["Stack","Beam Cell","Redo"],"picked":"SKIP","floor":36},{"not_picked":["Redo","BootSequence","Consume"],"picked":"SKIP","floor":42},{"not_picked":["Consume","Scrape+1"],"picked":"Multi-Cast","floor":46},{"not_picked":["Gash","Go for the Eyes"],"picked":"Doom and Gloom+1","floor":47},{"not_picked":["Tempest","Genetic Algorithm","Cold Snap+1"],"picked":"SKIP","floor":48}],"player_experience":668490,"relics_obtained":[{"floor":9,"key":"Oddly Smooth Stone"},{"floor":11,"key":"DataDisk"},{"floor":13,"key":"Thread and Needle"},{"floor":19,"key":"Bag of Marbles"},{"floor":24,"key":"Anchor"},{"floor":26,"key":"Omamori"},{"floor":30,"key":"Bottled Lightning"},{"floor":43,"key":"Potion Belt"},{"floor":46,"key":"Sundial"}],"event_choices":[{"damage_healed":0,"gold_gain":0,"cards_transformed":["Strike_B"],"player_choice":"Transformed","damage_taken":0,"max_hp_gain":0,"max_hp_loss":0,"event_name":"Transmorgrifier","floor":2,"gold_loss":0,"cards_obtained":["Conserve Battery"]},{"cards_removed":["Strike_B"],"damage_healed":0,"gold_gain":0,"player_choice":"Offered Basic","damage_taken":0,"max_hp_gain":0,"max_hp_loss":0,"event_name":"Bonfire Elementals","floor":20,"gold_loss":0},{"damage_healed":0,"gold_gain":0,"player_choice":"Max HP","damage_taken":0,"max_hp_gain":0,"max_hp_loss":4,"event_name":"Winding Halls","floor":38,"gold_loss":0},{"damage_healed":0,"gold_gain":0,"player_choice":"Got Potions","damage_taken":0,"max_hp_gain":0,"max_hp_loss":0,"event_name":"Lab","floor":39,"gold_loss":0}],"is_beta":false,"boss_relics":[{"not_picked":["Tiny House","Cursed Key"],"picked":"Philosopher\u0027s Stone"},{"not_picked":["Snecko Eye","Calling Bell"],"picked":"Runic Pyramid"}],"items_purged_floors":[37],"is_endless":false,"potions_floor_spawned":[6,8,14,16,18,22,36,46,47],"killed_by":"Time Eater","ascension_level":20}