{"gold_per_floor":[118,169,169,185,185,219,219,236,290,323,336,336,365,365,365,442,442,460,475,400,400,420,420,420],"floor_reached":24,"playtime":1280,"items_purged":[],"score":428,"play_id":"52f87659-6d74-4260-bb5b-b8b456797349","local_time":"20190114174014","is_ascension_mode":true,"campfire_choices":[{"floor":7.0,"key":"REST"},{"floor":12.0,"key":"REST"},{"floor":15.0,"key":"REST"},{"floor":23.0,"key":"REST"}],"neow_cost":"CURSE","seed_source_timestamp":0,"circlet_count":0,"master_deck":["AscendersBane","Strike_B","Strike_B","Defend_B","Defend_B","Defend_B","Defend_B","Zap","Dualcast","Clumsy","Multi-Cast+1","Cold Snap","FTL","Tempest","Leap","Genetic Algorithm","Rainbow","Loop","Auto Shields","Biased Cognition","Genetic Algorithm","Tempest"],"special_seed":0,"relics":["Cracked Core","Vajra","Shuriken","Pocketwatch","Question Card","Snecko Eye"],"potions_floor_usage":[24,24],"damage_taken":[{"damage":2.0,"enemies":"Cultist","floor":1.0,"turns":4.0},{"damage":0.0,"enemies":"2 Louse","floor":4.0,"turns":1.0},{"damage":42.0,"enemies":"3 Sentries","floor":6.0,"turns":11.0},{"damage":3.0,"enemies":"Small Slimes","floor":8.0,"turns":2.0},{"damage":25.0,"enemies":"Lagavulin","floor":10.0,"turns":7.0},{"damage":4.0,"enemies":"Exordium Wildlife","floor":11.0,"turns":3.0},{"damage":30.0,"enemies":"Gremlin Nob","floor":13.0,"turns":4.0},{"damage":24.0,"enemies":"The Guardian","floor":16.0,"turns":8.0},{"damage":0.0,"enemies":"Chosen","floor":18.0,"turns":4.0},{"damage":20.0,"enemies":"Shell Parasite","floor":19.0,"turns":8.0},{"damage":19.0,"enemies":"Cultist and Chosen","floor":22.0,"turns":4.0},{"damage":44,"enemies":"Book of Stabbing","floor":24,"turns":4}],"seed_played":"385899342900371312","potions_obtained":[{"floor":6.0,"key":"SpeedPotion"},{"floor":11.0,"key":"Energy Potion"},{"floor":13.0,"key":"Dexterity Potion"},{"floor":18.0,"key":"SkillPotion"}],"is_trial":false,"path_per_floor":["M","T","?","M","?","E","R","M","T","E","M","R","E","?","R","B",null,"M","M","?","?","M","R","E"],"character_chosen":"DEFECT","items_purchased":[],"campfire_rested":4,"item_purchase_floors":[],"current_hp_per_floor":[62,62,62,62,67,25,47,44,44,19,15,37,7,7,29,5,58,58,38,38,38,19,41,0],"gold":420,"neow_bonus":"THREE_RARE_CARDS","is_prod":false,"is_daily":false,"chose_seed":false,"campfire_upgraded":0,"win_rate":0,"timestamp":1547505614,"path_taken":["M","?","?","?","?","E","R","M","T","E","M","R","E","?","R","BOSS","M","?","?","?","M","R","E"],"build_version":"2019-01-10","purchased_purges":0,"victory":false,"max_hp_per_floor":[71,71,71,71,76,76,76,76,76,76,76,76,76,76,76,76,76,76,76,76,76,76,76,76],"card_choices":[{"not_picked":["Machine Learning","Buffer"],"picked":"Multi-Cast","floor":0.0},{"not_picked":["Fusion","Streamline"],"picked":"Cold Snap","floor":1.0},{"not_picked":["Streamline","Cold Snap"],"picked":"FTL","floor":4.0},{"not_picked":["Storm","Cold Snap"],"picked":"Tempest","floor":6.0},{"not_picked":["Rebound","Aggregate"],"picked":"Leap","floor":8.0},{"not_picked":["BootSequence","Cold Snap"],"picked":"Genetic Algorithm","floor":10.0},{"not_picked":["Rainbow","Sunder","Streamline"],"picked":"SKIP","floor":11.0},{"not_picked":["Sunder","Streamline"],"picked":"Rainbow","floor":11.0},{"not_picked":["Streamline","Skim"],"picked":"Loop","floor":13.0},{"not_picked":["Rainbow","Fission","Amplify"],"picked":"Biased Cognition","floor":16.0},{"not_picked":["Compile Driver","Ball Lightning","Fusion","Streamline+1"],"picked":"SKIP","floor":18.0},{"not_picked":["Consume","Static Discharge","Gash+1"],"picked":"Genetic Algorithm","floor":19.0},{"not_picked":["Beam Cell","Tempest","Capacitor","Chaos"],"picked":"SKIP","floor":22.0},{"not_picked":["Beam Cell","Capacitor","Chaos"],"picked":"Tempest","floor":22.0}],"player_experience":737577,"relics_obtained":[{"floor":2.0,"key":"Vajra"},{"floor":6.0,"key":"Shuriken"},{"floor":10.0,"key":"Pocketwatch"},{"floor":13.0,"key":"Question Card"}],"event_choices":[{"damage_healed":0.0,"max_hp_gain":0.0,"max_hp_loss":0.0,"gold_gain":0.0,"event_name":"Accursed Blacksmith","player_choice":"Forge","floor":3.0,"gold_loss":0.0,"damage_taken":0.0,"cards_upgraded":["Multi-Cast"]},{"damage_healed":0.0,"max_hp_gain":5.0,"max_hp_loss":0.0,"gold_gain":0.0,"event_name":"Big Fish","player_choice":"Donut","floor":5.0,"gold_loss":0.0,"damage_taken":0.0},{"damage_healed":0.0,"max_hp_gain":0.0,"max_hp_loss":0.0,"gold_gain":0.0,"cards_transformed":["Strike_B"],"event_name":"Transmorgrifier","player_choice":"Transformed","floor":14.0,"gold_loss":0.0,"damage_taken":0.0,"cards_obtained":["Auto Shields"]},{"cards_removed":["Strike_B"],"damage_healed":0.0,"max_hp_gain":0.0,"max_hp_loss":0.0,"gold_gain":0.0,"event_name":"Beggar","player_choice":"Gave Gold","floor":20.0,"gold_loss":75.0,"damage_taken":0.0},{"damage_healed":0.0,"max_hp_gain":0.0,"max_hp_loss":0.0,"gold_gain":0.0,"event_name":"Lab","player_choice":"Got Potions","floor":21.0,"gold_loss":0.0,"damage_taken":0.0}],"is_beta":false,"boss_relics":[{"not_picked":["Calling Bell","Cursed Key"],"picked":"Snecko Eye"}],"items_purged_floors":[],"is_endless":false,"potions_floor_spawned":[6,11,13,18],"killed_by":"Book of Stabbing","ascension_level":20}