{"gold_per_floor":[119,119,134,147,147,147,183,183,183,197,238,238,267,291,291,380,380,399,415,95,20,20],"floor_reached":22,"playtime":1298,"items_purged":["Strike_G"],"score":488,"play_id":"db7dd5fc-f3a4-402e-93e4-c36c0b7aff3d","local_time":"20190109191550","is_ascension_mode":true,"campfire_choices":[{"data":"Neutralize","floor":6,"key":"SMITH"},{"floor":8,"key":"REST"},{"floor":12,"key":"REST"},{"floor":15,"key":"REST"}],"neow_cost":"NONE","seed_source_timestamp":728421987362508,"circlet_count":0,"master_deck":["AscendersBane","Defend_G","Defend_G","Defend_G","Defend_G","Defend_G","Strike_G","Strike_G","Strike_G","Survivor","Neutralize+1","After Image","Deadly Poison+1","Blade Dance","Poisoned Stab","Catalyst","Noxious Fumes","Wraith Form v2","Underhanded Strike","Crippling Poison","Well Laid Plans"],"relics":["Ring of the Snake","Golden Idol","Tingsha","Letter Opener","Odd Mushroom","Snecko Eye"],"potions_floor_usage":[11],"damage_taken":[{"damage":1,"enemies":"Small Slimes","floor":1,"turns":5},{"damage":0,"enemies":"2 Louse","floor":3,"turns":4},{"damage":0,"enemies":"Cultist","floor":4,"turns":4},{"damage":23,"enemies":"Gremlin Nob","floor":7,"turns":4},{"damage":22,"enemies":"Exordium Wildlife","floor":10,"turns":5},{"damage":22,"enemies":"3 Sentries","floor":11,"turns":11},{"damage":23,"enemies":"The Mushroom Lair","floor":13,"turns":4},{"damage":1,"enemies":"Looter","floor":14,"turns":4},{"damage":0,"enemies":"Hexaghost","floor":16,"turns":9},{"damage":0,"enemies":"2 Thieves","floor":18,"turns":4},{"damage":39,"enemies":"Shell Parasite","floor":19,"turns":7},{"damage":18,"enemies":"Snake Plant","floor":22,"turns":2}],"seed_played":"-6578189811421374145","potions_obtained":[{"floor":3,"key":"Explosive Potion"},{"floor":4,"key":"FairyPotion"},{"floor":13,"key":"FearPotion"}],"is_trial":false,"path_per_floor":["M","?","M","M","?","R","E","R","T","M","E","R","?","M","R","B",null,"M","M","$","?","M"],"character_chosen":"THE_SILENT","items_purchased":["Crippling Poison","GhostInAJar","Well Laid Plans"],"campfire_rested":3,"item_purchase_floors":[20,20,20],"current_hp_per_floor":[58,58,58,58,58,58,35,53,53,31,9,27,4,3,21,21,50,50,11,11,11,0],"gold":20,"neow_bonus":"ONE_RANDOM_RARE_CARD","is_prod":false,"is_daily":false,"chose_seed":false,"campfire_upgraded":1,"win_rate":0,"timestamp":1547079350,"path_taken":["M","?","M","M","?","R","E","R","T","?","E","R","?","M","R","BOSS","M","M","$","?","M"],"build_version":"2019-01-03v4","purchased_purges":1,"victory":false,"max_hp_per_floor":[66,60,60,60,60,60,60,60,60,60,60,60,60,60,60,60,60,60,60,60,60,60],"card_choices":[{"not_picked":["Underhanded Strike","Predator"],"picked":"Deadly Poison","floor":1},{"not_picked":["Flechettes","Riddle With Holes"],"picked":"Blade Dance","floor":3},{"not_picked":["Grand Finale","Dagger Spray"],"picked":"Poisoned Stab","floor":4},{"not_picked":["Acrobatics","Outmaneuver","Flying Knee"],"picked":"SKIP","floor":7},{"not_picked":["PiercingWail","Skewer"],"picked":"Catalyst","floor":10},{"not_picked":["Expertise","Dagger Spray","Dagger Throw"],"picked":"SKIP","floor":11},{"not_picked":["Night Terror","Backstab"],"picked":"Noxious Fumes","floor":13},{"not_picked":["Setup","Backstab","Flechettes"],"picked":"SKIP","floor":14},{"not_picked":["Grand Finale","Venomology"],"picked":"Wraith Form v2","floor":16},{"not_picked":["Acrobatics","Poisoned Stab","Outmaneuver"],"picked":"SKIP","floor":18},{"not_picked":["Bane","Expertise"],"picked":"Underhanded Strike","floor":19}],"player_experience":717616,"relics_obtained":[{"floor":7,"key":"Tingsha"},{"floor":11,"key":"Letter Opener"},{"floor":13,"key":"Odd Mushroom"}],"event_choices":[{"damage_healed":0,"gold_gain":0,"player_choice":"Lose Max HP","damage_taken":0,"relics_obtained":["Golden Idol"],"max_hp_gain":0,"max_hp_loss":6,"event_name":"Golden Idol","floor":2,"gold_loss":0},{"damage_healed":0,"gold_gain":0,"player_choice":"Upgraded","damage_taken":0,"max_hp_gain":0,"max_hp_loss":0,"event_name":"Upgrade Shrine","floor":5,"gold_loss":0,"cards_upgraded":["Deadly Poison"]},{"damage_healed":0,"gold_gain":0,"player_choice":"Fought Mushrooms","damage_taken":0,"max_hp_gain":0,"max_hp_loss":0,"event_name":"Mushrooms","floor":13,"gold_loss":0},{"cards_removed":["Strike_G"],"damage_healed":0,"gold_gain":0,"player_choice":"Gave Gold","damage_taken":0,"max_hp_gain":0,"max_hp_loss":0,"event_name":"Beggar","floor":21,"gold_loss":75}],"is_beta":false,"boss_relics":[{"not_picked":["Runic Dome","Philosopher\u0027s Stone"],"picked":"Snecko Eye"}],"items_purged_floors":[20],"is_endless":false,"potions_floor_spawned":[3,4,10,13],"killed_by":"Snake Plant","ascension_level":20}