{"gold_per_floor":[114,114,129,129,129,129,129,144,144,159,159,219,144,144,144,244,244,259,244,159,258,273,273,273],"floor_reached":24,"playtime":1038,"items_purged":["Decay"],"score":194,"play_id":"87fdbdfd-0586-4490-9e8a-6affc2ffc9b7","local_time":"20180701202617","daily_mods":["Diverse","Lethality","Binary"],"is_ascension_mode":false,"campfire_choices":[{"data":"Survivor","floor":6.0,"key":"SMITH"},{"data":"Go for the Eyes","floor":11.0,"key":"SMITH"},{"floor":15.0,"key":"REST"},{"floor":23,"key":"REST"}],"neow_cost":"","seed_source_timestamp":0,"circlet_count":0,"master_deck":["Defend_G","Defend_G","Defend_G","Defend_G","Defend_G","Strike_G","Strike_G","Strike_G","Survivor+1","Neutralize+1","Go for the Eyes+1","True Grit","Finisher","Poisoned Stab","PiercingWail","Burst","Berserk","Iron Wave","Conserve Battery","Perfected Strike+1"],"special_seed":17713,"relics":["Ring of the Snake","Juzu Bracelet","Tiny Chest","Cursed Key","The Specimen"],"potions_floor_usage":[24],"damage_taken":[{"damage":14.0,"enemies":"Jaw Worm","floor":1.0,"turns":2.0},{"damage":0.0,"enemies":"Cultist","floor":3.0,"turns":3.0},{"damage":0.0,"enemies":"2 Louse","floor":8.0,"turns":2.0},{"damage":2.0,"enemies":"Gremlin Gang","floor":10.0,"turns":3.0},{"damage":15.0,"enemies":"Lagavulin","floor":12.0,"turns":5.0},{"damage":45.0,"enemies":"The Guardian","floor":16.0,"turns":13.0},{"damage":5,"enemies":"Chosen","floor":18,"turns":5},{"damage":8,"enemies":"2 Thieves","floor":19,"turns":4},{"damage":47,"enemies":"Sentry and Sphere","floor":22,"turns":8},{"damage":32,"enemies":"Slaver and Parasite","floor":24,"turns":4}],"seed_played":"-8851648875795215677","potions_obtained":[{"floor":8.0,"key":"SteroidPotion"},{"floor":10.0,"key":"FearPotion"},{"floor":12.0,"key":"EssenceOfSteel"},{"floor":22,"key":"SteroidPotion"}],"is_trial":false,"path_per_floor":["M","?","M","?","$","R","?","M","T","M","R","E","$","?","R","B",null,"M","M","?","?","M","R"],"character_chosen":"THE_SILENT","items_purchased":[],"campfire_rested":2,"item_purchase_floors":[],"current_hp_per_floor":[56,56,56,56,56,56,56,56,56,54,54,39,39,39,60,15,70,65,57,57,57,10,31,0],"gold":273,"neow_bonus":"","is_prod":false,"is_daily":true,"chose_seed":false,"campfire_upgraded":2,"win_rate":0.0,"timestamp":1530451577,"path_taken":["M","?","?","?","$","R","?","?","T","M","R","E","$","?","R","BOSS","M","M","?","?","M","R","M"],"build_version":"2018-06-28","purchased_purges":1,"victory":false,"max_hp_per_floor":[70,70,70,70,70,70,70,70,70,70,70,70,70,70,70,70,70,70,70,70,70,70,70,70],"card_choices":[{"not_picked":["Fire Breathing"],"picked":"Go for the Eyes","floor":1.0},{"not_picked":["Doom and Gloom"],"picked":"True Grit","floor":3.0},{"not_picked":["Barrage"],"picked":"Finisher","floor":8.0},{"not_picked":["Sever Soul"],"picked":"Poisoned Stab","floor":10.0},{"not_picked":["Bullet Time"],"picked":"PiercingWail","floor":12.0},{"not_picked":["After Image"],"picked":"Berserk","floor":16.0},{"not_picked":["Flying Knee"],"picked":"Iron Wave","floor":18},{"not_picked":["Quick Slash"],"picked":"Conserve Battery","floor":19},{"not_picked":["Ghostly Armor"],"picked":"Perfected Strike+1","floor":22}],"player_experience":20009,"relics_obtained":[{"floor":9.0,"key":"Juzu Bracelet"},{"floor":12.0,"key":"Tiny Chest"}],"event_choices":[{"event_name":"Upgrade Shrine","player_choice":"Upgraded","floor":2.0,"damage_taken":0.0},{"event_name":"Purifier","player_choice":"One Purge","floor":4.0,"damage_taken":0.0},{"event_name":"Wheel of Change","player_choice":"Curse","floor":7.0,"damage_taken":0.0},{"event_name":"Transmorgrifier","player_choice":"Transform","floor":14.0,"damage_taken":0.0},{"event_name":"Addict","player_choice":"Obtained Relic","floor":20,"damage_taken":0},{"event_name":"Nest","player_choice":"Stole From Cult","floor":21,"damage_taken":0}],"boss_relics":[{"not_picked":["Snecko Eye","Empty Cage"],"picked":"Cursed Key"}],"items_purged_floors":[],"is_endless":false,"potions_floor_spawned":[8,10,12,22],"killed_by":"Slaver and Parasite","ascension_level":0}