{"path_per_floor":["M","?","M","?","M","E","R","M","T","M","M","$","R","M","R","B",null,"M","M","?","M","?","R","E","M","T","E","$","M","R","M","R","B",null,"M","?","?","M","M","R","M","?","T","R","M","M","R","M","R","B"],"character_chosen":"DEFECT","items_purchased":["Meat on the Bone","Capacitor","White Noise"],"gold_per_floor":[117,192,204,204,216,248,248,267,291,303,315,2,2,13,13,115,145,165,182,182,194,194,194,226,241,241,272,123,141,141,152,152,254,254,273,326,326,345,361,361,377,377,377,377,387,406,406,424,424,424],"floor_reached":51,"campfire_rested":2,"playtime":2653,"item_purchase_floors":[12,12,28],"current_hp_per_floor":[74,63,63,63,62,45,45,45,52,50,38,38,38,37,37,31,87,77,67,50,33,33,60,46,58,58,48,48,52,52,59,59,38,92,81,28,28,40,42,42,54,54,54,54,56,48,48,30,57,53],"items_purged":["Strike_B"],"gold":424,"score":720,"play_id":"b7446ac7-4c14-479e-97dd-31bdd62e72d2","local_time":"20180602131624","is_prod":false,"is_daily":false,"chose_seed":false,"is_ascension_mode":false,"campfire_upgraded":8,"win_rate":0,"timestamp":1527963384,"campfire_choices":[{"data":"Electrodynamics","floor":7,"key":"SMITH"},{"data":"Reprogram","floor":13,"key":"SMITH"},{"data":"Capacitor","floor":15,"key":"SMITH"},{"floor":23,"key":"REST"},{"data":"Storm","floor":30,"key":"SMITH"},{"data":"Thunder Strike","floor":32,"key":"SMITH"},{"data":"Storm","floor":40,"key":"SMITH"},{"data":"White Noise","floor":44,"key":"SMITH"},{"data":"Loop","floor":47,"key":"SMITH"},{"floor":49,"key":"REST"}],"path_taken":["M","?","M","?","M","E","R","?","T","M","M","?","R","M","R","BOSS","M","?","?","M","?","R","E","M","T","E","?","M","R","M","R","BOSS","M","?","?","M","M","R","M","?","T","R","M","?","R","M","R","BOSS"],"build_version":"2018-05-31","seed_source_timestamp":1415851269681913,"purchased_purges":1,"victory":true,"master_deck":["Strike_B","Defend_B","Defend_B","Defend_B","Defend_B","Zap","Dualcast","Gash+1","Chaos+1","Reprogram+1","Electrodynamics+1","Genetic Algorithm","Redo","Glacier","Capacitor+1","Lockon+1","Thunder Strike+1","Self Repair","Static Discharge+1","Go for the Eyes","Tempest","Consume","Loop+1","Storm+1","White Noise+1","Sunder","Hologram+1","Hyperbeam","Redo+1","Panache","Chaos+1","Storm+1"],"max_hp_per_floor":[75,75,75,75,75,75,75,75,82,82,82,82,82,82,82,82,87,87,87,92,92,92,92,92,92,92,92,92,92,92,92,92,92,92,92,92,92,92,92,92,92,92,92,92,92,92,92,92,92,92],"relics":["Cracked Core","Art of War","Strawberry","Meat on the Bone","Tiny House","Bag of Preparation","Girya","Whetstone","Runic Dome","Peace Pipe","Dead Branch"],"card_choices":[{"not_picked":["Turbo","Double Energy"],"picked":"Gash","floor":1},{"not_picked":["Recycle","Ball Lightning"],"picked":"Chaos","floor":3},{"not_picked":["Conserve Battery","Steam"],"picked":"Reprogram","floor":5},{"not_picked":["Defragment","Cold Snap"],"picked":"Electrodynamics","floor":6},{"not_picked":["Leap","Gash"],"picked":"Genetic Algorithm","floor":8},{"not_picked":["Turbo","Hologram"],"picked":"Redo","floor":10},{"not_picked":["Steam","Sweeping Beam"],"picked":"Glacier","floor":11},{"not_picked":["Auto Shields","BootSequence"],"picked":"Lockon","floor":14},{"not_picked":["Reboot","Meteor Strike"],"picked":"Thunder Strike","floor":16},{"not_picked":["Sweeping Beam","Lockon"],"picked":"Self Repair","floor":17},{"not_picked":["Darkness+1","Ball Lightning"],"picked":"Static Discharge+1","floor":18},{"not_picked":["Leap","Redo"],"picked":"Go for the Eyes","floor":19},{"not_picked":["Beam Cell","Coolheaded"],"picked":"Tempest","floor":21},{"not_picked":["Compile Driver","Steam"],"picked":"Consume","floor":24},{"not_picked":["Streamline","Heatsinks"],"picked":"Loop","floor":25},{"not_picked":["Sweeping Beam","Beam Cell"],"picked":"Storm","floor":27},{"not_picked":["Recycle","Stack"],"picked":"Sunder","floor":29},{"not_picked":["Chill+1","Beam Cell"],"picked":"Hologram+1","floor":31},{"not_picked":["Buffer","All For One"],"picked":"Hyperbeam","floor":33},{"not_picked":["Hologram+1","Tempest+1"],"picked":"Redo+1","floor":35},{"not_picked":["Bandage Up","Deep Breath"],"picked":"Panache","floor":37},{"not_picked":["Coolheaded","Sweeping Beam"],"picked":"Chaos+1","floor":38},{"not_picked":["Genetic Algorithm+1","Beam Cell+1"],"picked":"Storm","floor":39},{"not_picked":["Tempest","Leap","Gash"],"picked":"SKIP","floor":41},{"not_picked":["Streamline","Gash+1","Auto Shields"],"picked":"SKIP","floor":45},{"not_picked":["Barrage+1","Consume+1","Hologram"],"picked":"SKIP","floor":46},{"not_picked":["Steam Power+1","Redo","Coolheaded"],"picked":"SKIP","floor":48}],"player_experience":331572,"potions_floor_usage":[6,14,16,24,27,39,48,48,48,48,50,50,50],"damage_taken":[{"damage":1,"enemies":"2 Louse","floor":1,"turns":2},{"damage":0,"enemies":"Cultist","floor":3,"turns":3},{"damage":1,"enemies":"Jaw Worm","floor":5,"turns":3},{"damage":17,"enemies":"3 Sentries","floor":6,"turns":8},{"damage":0,"enemies":"Gremlin Gang","floor":8,"turns":1},{"damage":2,"enemies":"Looter","floor":10,"turns":3},{"damage":12,"enemies":"Exordium Wildlife","floor":11,"turns":3},{"damage":13,"enemies":"Exordium Thugs","floor":14,"turns":3},{"damage":18,"enemies":"Slime Boss","floor":16,"turns":7},{"damage":10,"enemies":"Spheric Guardian","floor":18,"turns":4},{"damage":10,"enemies":"2 Thieves","floor":19,"turns":3},{"damage":36,"enemies":"Slaver and Parasite","floor":21,"turns":5},{"damage":33,"enemies":"Gremlin Leader","floor":24,"turns":5},{"damage":0,"enemies":"3 Cultists","floor":25,"turns":3},{"damage":10,"enemies":"Slavers","floor":27,"turns":3},{"damage":15,"enemies":"Snecko","floor":29,"turns":4},{"damage":12,"enemies":"Sentry and Sphere","floor":31,"turns":4},{"damage":40,"enemies":"Collector","floor":33,"turns":6},{"damage":18,"enemies":"3 Darklings","floor":35,"turns":2},{"damage":72,"enemies":"Mysterious Sphere","floor":36,"turns":5},{"damage":7,"enemies":"Orb Walker","floor":38,"turns":5},{"damage":10,"enemies":"Sphere and 2 Shapes","floor":39,"turns":3},{"damage":0,"enemies":"3 Darklings","floor":41,"turns":2},{"damage":5,"enemies":"4 Shapes","floor":45,"turns":3},{"damage":8,"enemies":"Maw","floor":46,"turns":3},{"damage":37,"enemies":"3 Darklings","floor":48,"turns":4},{"damage":23,"enemies":"Donu and Deca","floor":50,"turns":5}],"relics_obtained":[{"floor":6,"key":"Art of War"},{"floor":9,"key":"Strawberry"},{"floor":24,"key":"Bag of Preparation"},{"floor":26,"key":"Girya"},{"floor":27,"key":"Whetstone"},{"floor":36,"key":"Peace Pipe"},{"floor":43,"key":"Dead Branch"}],"event_choices":[{"event_name":"World of Goop","player_choice":"Gather Gold","floor":2,"damage_taken":0},{"event_name":"Accursed Blacksmith","player_choice":"Forge","floor":4,"damage_taken":0},{"event_name":"Forgotten Altar","player_choice":"Shed Blood","floor":20,"damage_taken":0},{"event_name":"Vampires","player_choice":"Ignored","floor":22,"damage_taken":0},{"event_name":"Mysterious Sphere","player_choice":"Fight","floor":36,"damage_taken":0},{"event_name":"SensoryStone","player_choice":"Memory 1","floor":37,"damage_taken":0}],"boss_relics":[{"not_picked":["White Beast Statue","Cursed Key"],"picked":"Tiny House"},{"not_picked":["Calling Bell","Lizard Tail"],"picked":"Runic Dome"}],"items_purged_floors":[28],"potions_floor_spawned":[3,6,8,11,18,21,25,35,36,41,48],"seed_played":"-2670472124638133005","ascension_level":0,"potions_obtained":[{"floor":3,"key":"Dexterity Potion"},{"floor":6,"key":"Strength Potion"},{"floor":8,"key":"Weak Potion"},{"floor":11,"key":"PowerPotion"},{"floor":17,"key":"FocusPotion"},{"floor":18,"key":"Swift Potion"},{"floor":21,"key":"FocusPotion"},{"floor":25,"key":"EntropicBrew"},{"floor":35,"key":"EssenceOfSteel"},{"floor":41,"key":"Dexterity Potion"},{"floor":48,"key":"Block Potion"}],"is_trial":false}