{"path_per_floor":["M","?","M","?","?","E","R","?","T","E","M","$","M","?","R","B",null,"M","?","?","?","?","R","?","E","T","R","?","R","M","?","R","B",null,"M","M","?","$","?","R","E","R","T","M","E","?","?","?","R","B"],"character_chosen":"DEFECT","items_purchased":["Storm","EntropicBrew"],"gold_per_floor":[13,13,30,30,30,55,55,85,110,138,158,13,23,23,23,125,125,142,67,67,67,67,67,67,102,154,154,154,154,173,173,173,268,268,284,299,299,96,96,96,128,128,153,173,199,199,249,0,0,0],"floor_reached":51,"campfire_rested":3,"playtime":2792,"item_purchase_floors":[12,38],"current_hp_per_floor":[75,75,71,71,71,53,53,53,53,47,49,49,48,36,59,17,77,58,58,58,58,38,38,22,19,19,19,19,40,42,42,42,25,42,49,51,51,51,43,43,26,53,53,52,54,47,50,50,50,16],"items_purged":["Strike_B","Defend_B"],"gold":0,"score":808,"play_id":"d488643d-e401-4502-9f5f-2d8e1bb1acaf","local_time":"20180602110148","is_prod":false,"is_daily":false,"chose_seed":false,"is_ascension_mode":true,"campfire_upgraded":6,"win_rate":0.0,"timestamp":1527955308,"campfire_choices":[{"data":"Genetic Algorithm","floor":7,"key":"SMITH"},{"floor":15,"key":"REST"},{"data":"Defragment","floor":23,"key":"SMITH"},{"data":"Fission","floor":27,"key":"SMITH"},{"floor":29,"key":"REST"},{"data":"Storm","floor":32,"key":"SMITH"},{"data":"White Noise","floor":40,"key":"SMITH"},{"floor":42,"key":"REST"},{"data":"Multi-Cast","floor":49,"key":"SMITH"}],"path_taken":["M","?","M","?","?","E","R","?","T","E","M","?","M","?","R","BOSS","M","?","?","?","?","R","?","E","T","R","?","R","M","?","R","BOSS","M","M","?","?","?","R","E","R","T","M","E","?","?","?","R","BOSS"],"build_version":"2018-05-31","seed_source_timestamp":1407634998376112,"purchased_purges":2,"victory":true,"master_deck":["Zap","Dualcast","Electrodynamics+1","Coolheaded+1","Genetic Algorithm+1","Redo","Defragment+1","White Noise+1","Storm+1","Fission+1","FTL+1","Lockon+1","FTL+1","Rebound","Ghostly","Ghostly","Ghostly","Ghostly+1","Ghostly","Necronomicurse","Multi-Cast+1","Panacea","Magnetism","Hologram+1","Doubt","Madness","Madness","White Noise+1"],"max_hp_per_floor":[75,75,75,75,75,75,75,75,75,75,77,77,77,77,77,77,77,77,77,77,77,38,38,38,40,40,40,40,40,42,42,42,42,42,49,51,51,51,53,53,53,53,53,55,57,57,57,57,57,57],"relics":["Cracked Core","Anchor","Odd Mushroom","Juzu Bracelet","Singing Bowl","Bag of Marbles","Astrolabe","Dead Branch","Necronomicon","Bottled Lightning","Regal Pillow","Cursed Key","Boot","War Paint","Toolbox","Ginger","Red Mask"],"card_choices":[{"not_picked":["Buffer","Rainbow"],"picked":"Electrodynamics","floor":0},{"not_picked":["Blizzard","Doom and Gloom"],"picked":"Coolheaded","floor":1},{"not_picked":["Stack","Conserve Battery","Compile Driver"],"picked":"SKIP","floor":3},{"not_picked":["Reinforced Body","Blizzard"],"picked":"Redo","floor":6},{"not_picked":["Compile Driver","Ball Lightning"],"picked":"Defragment","floor":8},{"not_picked":["Coolheaded","Ball Lightning"],"picked":"White Noise","floor":10},{"not_picked":["Auto Shields","Heatsinks","Barrage"],"picked":"Singing Bowl","floor":11},{"not_picked":["Blizzard","Compile Driver"],"picked":"Melter","floor":13},{"not_picked":["Buffer","Machine Learning"],"picked":"Fission","floor":16},{"not_picked":["Ball Lightning","Aggregate"],"picked":"Rebound","floor":18},{"not_picked":["BootSequence","Double Energy+1","Hologram"],"picked":"Singing Bowl","floor":25},{"not_picked":["Beam Cell","Gash","Darkness+1"],"picked":"Singing Bowl","floor":30},{"not_picked":["All For One","Buffer"],"picked":"Multi-Cast","floor":33},{"not_picked":["Static Discharge","Leap+1","Gash"],"picked":"Singing Bowl","floor":35},{"not_picked":["Ball Lightning+1","Barrage","Leap"],"picked":"Singing Bowl","floor":36},{"not_picked":["Thinking Ahead","Panache"],"picked":"Panacea","floor":39},{"not_picked":["Transmutation","Bandage Up"],"picked":"Magnetism","floor":39},{"not_picked":["Swift Strike","Bandage Up","Deep Breath"],"picked":"Singing Bowl","floor":39},{"not_picked":["Beam Cell+1","Streamline+1"],"picked":"Hologram+1","floor":41},{"not_picked":["Ball Lightning+1","Leap+1","Rebound"],"picked":"Singing Bowl","floor":44},{"not_picked":["Chill+1","Redo","Self Repair"],"picked":"Singing Bowl","floor":45},{"not_picked":["Rebound+1","Conserve Battery"],"picked":"White Noise+1","floor":47}],"player_experience":324942,"potions_floor_usage":[16,35,41,50,50,50,50,50],"damage_taken":[{"damage":0,"enemies":"Small Slimes","floor":1,"turns":4},{"damage":4,"enemies":"Jaw Worm","floor":3,"turns":4},{"damage":18,"enemies":"3 Sentries","floor":6,"turns":3},{"damage":0,"enemies":"The Mushroom Lair","floor":8,"turns":2},{"damage":6,"enemies":"Lagavulin","floor":10,"turns":8},{"damage":0,"enemies":"2 Louse","floor":11,"turns":3},{"damage":1,"enemies":"Large Slime","floor":13,"turns":5},{"damage":49,"enemies":"Hexaghost","floor":16,"turns":12},{"damage":19,"enemies":"Shell Parasite","floor":18,"turns":4},{"damage":5,"enemies":"Slavers","floor":25,"turns":5},{"damage":0,"enemies":"Spheric Guardian","floor":30,"turns":4},{"damage":17,"enemies":"Collector","floor":33,"turns":7},{"damage":0,"enemies":"Orb Walker","floor":35,"turns":4},{"damage":0,"enemies":"3 Darklings","floor":36,"turns":2},{"damage":17,"enemies":"Giant Head","floor":41,"turns":8},{"damage":3,"enemies":"Maw","floor":44,"turns":5},{"damage":0,"enemies":"Nemesis","floor":45,"turns":5},{"damage":4,"enemies":"Mysterious Sphere","floor":47,"turns":7},{"damage":34,"enemies":"Awakened One","floor":50,"turns":14}],"relics_obtained":[{"floor":6,"key":"Anchor"},{"floor":8,"key":"Odd Mushroom"},{"floor":9,"key":"Juzu Bracelet"},{"floor":10,"key":"Singing Bowl"},{"floor":24,"key":"Necronomicon"},{"floor":25,"key":"Bottled Lightning"},{"floor":26,"key":"Regal Pillow"},{"floor":41,"key":"Boot"},{"floor":43,"key":"War Paint"},{"floor":45,"key":"Toolbox"},{"floor":47,"key":"Ginger"}],"event_choices":[{"event_name":"Liars Game","player_choice":"disagreed","floor":2,"damage_taken":0},{"event_name":"Accursed Blacksmith","player_choice":"Forge","floor":4,"damage_taken":0},{"event_name":"Transmorgrifier","player_choice":"Transform","floor":5,"damage_taken":0},{"event_name":"Mushrooms","player_choice":"Fought Mushrooms","floor":8,"damage_taken":0},{"event_name":"Scrap Ooze","player_choice":"success","floor":14,"damage_taken":12},{"event_name":"Beggar","player_choice":"Gave Gold","floor":19,"damage_taken":0},{"event_name":"The Mausoleum","player_choice":"Yes","floor":20,"damage_taken":0},{"event_name":"Addict","player_choice":"Ignored","floor":21,"damage_taken":0},{"event_name":"Ghosts","player_choice":"Became a Ghost","floor":22,"damage_taken":0},{"event_name":"Cursed Tome","player_choice":"Obtained Book","floor":24,"damage_taken":0},{"event_name":"Back to Basics","player_choice":"Elegance","floor":28,"damage_taken":0},{"event_name":"Vampires","player_choice":"Ignored","floor":31,"damage_taken":0},{"event_name":"SensoryStone","player_choice":"Memory 3","floor":39,"damage_taken":0},{"event_name":"Winding Halls","player_choice":"Embrace Madness","floor":46,"damage_taken":0},{"event_name":"Mysterious Sphere","player_choice":"Fight","floor":47,"damage_taken":0},{"event_name":"Tomb of Lord Red Mask","player_choice":"Paid","floor":48,"damage_taken":0}],"boss_relics":[{"not_picked":["Inserter","Tiny House"],"picked":"Astrolabe"},{"not_picked":["White Beast Statue","Black Star"],"picked":"Cursed Key"}],"items_purged_floors":[12,38],"potions_floor_spawned":[1,3,6,8,13,18,33,36,41,44,47],"seed_played":"3810794637279393749","ascension_level":1,"potions_obtained":[{"floor":1,"key":"Poison Potion"},{"floor":3,"key":"Weak Potion"},{"floor":6,"key":"Regen Potion"},{"floor":13,"key":"Dexterity Potion"},{"floor":18,"key":"Energy Potion"},{"floor":33,"key":"Fruit Juice"},{"floor":36,"key":"EssenceOfSteel"},{"floor":41,"key":"FocusPotion"}],"is_trial":false}