{"gold_per_floor":[114,114,114,139,162,162,206,51,51,51,94,11,27,177,177,177],"floor_reached":16,"playtime":584,"items_purged":["Strike_B"],"score":216,"play_id":"ae251f58-df14-48ba-b0df-0dec862b141c","local_time":"20190219180644","is_ascension_mode":true,"campfire_choices":[{"data":"Conserve Battery","floor":6.0,"key":"SMITH"},{"floor":10.0,"key":"REST"},{"floor":15.0,"key":"REST"}],"neow_cost":"NONE","seed_source_timestamp":0,"circlet_count":0,"master_deck":["AscendersBane","Strike_B","Strike_B","Strike_B","Defend_B","Defend_B","Defend_B","Defend_B","Zap","Dualcast","Streamline","Compile Driver","Conserve Battery+1","Loop","Capacitor","Ball Lightning","Defragment","Conserve Battery","Doubt"],"special_seed":0,"relics":["Cracked Core","Golden Idol","Darkstone Periapt","Art of War","Strawberry"],"potions_floor_usage":[16],"damage_taken":[{"damage":6.0,"enemies":"2 Louse","floor":1.0,"turns":3.0},{"damage":4.0,"enemies":"Small Slimes","floor":4.0,"turns":3.0},{"damage":4.0,"enemies":"Jaw Worm","floor":5.0,"turns":3.0},{"damage":40.0,"enemies":"3 Sentries","floor":7.0,"turns":9.0},{"damage":37.0,"enemies":"Lagavulin","floor":11.0,"turns":6.0},{"damage":2.0,"enemies":"Looter","floor":13.0,"turns":3.0},{"damage":46,"enemies":"The Guardian","floor":16,"turns":8}],"seed_played":"7266252288626048894","potions_obtained":[{"floor":5.0,"key":"Energy Potion"},{"floor":11.0,"key":"Explosive Potion"}],"is_trial":false,"path_per_floor":["M","?","?","M","M","R","E","$","T","R","E","$","M","?","R","B"],"character_chosen":"DEFECT","items_purchased":["Capacitor","Defragment"],"campfire_rested":2,"item_purchase_floors":[8,12],"current_hp_per_floor":[65,65,70,66,62,62,22,22,22,44,14,14,12,18,44,0],"gold":177,"neow_bonus":"TEN_PERCENT_HP_BONUS","is_prod":false,"is_daily":false,"chose_seed":false,"campfire_upgraded":1,"win_rate":0,"timestamp":1550617604,"path_taken":["M","?","?","M","M","R","E","$","T","R","E","$","M","?","R","BOSS"],"build_version":"2019-01-23","purchased_purges":1,"victory":false,"max_hp_per_floor":[78,71,76,76,76,76,76,76,76,76,83,83,83,89,89,89],"card_choices":[{"not_picked":["Double Energy","Recycle"],"picked":"Streamline","floor":1.0},{"not_picked":["Sweeping Beam","Streamline"],"picked":"Compile Driver","floor":4.0},{"not_picked":["Chaos","Beam Cell"],"picked":"Conserve Battery","floor":5.0},{"not_picked":["Rebound","Reprogram"],"picked":"Loop","floor":7.0},{"not_picked":["Conserve Battery","Storm"],"picked":"Ball Lightning","floor":11.0},{"not_picked":["Beam Cell","Blizzard"],"picked":"Conserve Battery","floor":13.0}],"player_experience":309240,"relics_obtained":[{"floor":7.0,"key":"Darkstone Periapt"},{"floor":9.0,"key":"Art of War"},{"floor":11.0,"key":"Strawberry"}],"event_choices":[{"damage_healed":0.0,"max_hp_gain":0.0,"max_hp_loss":7.0,"gold_gain":0.0,"event_name":"Golden Idol","player_choice":"Lose Max HP","floor":2.0,"gold_loss":0.0,"damage_taken":0.0,"relics_obtained":["Golden Idol"]},{"damage_healed":0.0,"max_hp_gain":5.0,"max_hp_loss":0.0,"gold_gain":0.0,"event_name":"Big Fish","player_choice":"Donut","floor":3.0,"gold_loss":0.0,"damage_taken":0.0},{"damage_healed":0.0,"max_hp_gain":0.0,"max_hp_loss":0.0,"gold_gain":150.0,"event_name":"Liars Game","player_choice":"AGREE","floor":14.0,"gold_loss":0.0,"damage_taken":0.0,"cards_obtained":["Doubt"]}],"is_beta":false,"boss_relics":[],"items_purged_floors":[8],"is_endless":false,"potions_floor_spawned":[5,11],"killed_by":"The Guardian","ascension_level":20}