{"gold_per_floor":[111,111,124,137,137,137,137,137,137,162,162,175,185,212,212,317,317,328,340,123,123,123,123,138,150,150,150,164,177,177,177],"floor_reached":31,"playtime":1105,"items_purged":["Strike_B"],"score":383,"play_id":"d4077878-2c7f-41e2-aed3-12e4bdf62196","local_time":"20180807120123","is_ascension_mode":true,"campfire_choices":[{"data":"Beam Cell","floor":6,"key":"SMITH"},{"data":"Go for the Eyes","floor":8,"key":"SMITH"},{"floor":11,"key":"REST"},{"floor":15,"key":"REST"},{"floor":23,"key":"REST"},{"floor":27,"key":"REST"},{"floor":30,"key":"REST"}],"neow_cost":"NONE","seed_source_timestamp":220395224346555,"circlet_count":0,"master_deck":["Strike_B","Strike_B+1","Strike_B","Defend_B","Defend_B","Defend_B","Defend_B","Zap+1","Dualcast","AscendersBane","Beam Cell+1","Gash","Go for the Eyes+1","BootSequence","Gash","Hologram","Beam Cell","Core Surge+1","Skim","White Noise","All For One","Finesse","Stack","Conserve Battery+1","Gash"],"relics":["Cracked Core","Question Card","Smiling Mask","Blue Candle","Mercury Hourglass","Inserter","Whetstone"],"potions_floor_usage":[10,14,28,31],"damage_taken":[{"damage":9,"enemies":"Jaw Worm","floor":1,"turns":4},{"damage":3,"enemies":"2 Louse","floor":3,"turns":2},{"damage":1,"enemies":"Cultist","floor":4,"turns":3},{"damage":25,"enemies":"Lagavulin","floor":10,"turns":6},{"damage":0,"enemies":"Looter","floor":12,"turns":2},{"damage":0,"enemies":"Large Slime","floor":13,"turns":5},{"damage":20,"enemies":"Gremlin Nob","floor":14,"turns":5},{"damage":53,"enemies":"Slime Boss","floor":16,"turns":9},{"damage":20,"enemies":"Spheric Guardian","floor":18,"turns":4},{"damage":2,"enemies":"Chosen","floor":19,"turns":4},{"damage":18,"enemies":"Centurion and Healer","floor":24,"turns":5},{"damage":0,"enemies":"3 Cultists","floor":25,"turns":3},{"damage":43,"enemies":"Snecko","floor":28,"turns":7},{"damage":5,"enemies":"Centurion and Healer","floor":29,"turns":6},{"damage":39,"enemies":"Gremlin Leader","floor":31,"turns":4}],"seed_played":"-4385784927747559213","potions_obtained":[{"floor":4,"key":"Swift Potion"},{"floor":13,"key":"Weak Potion"},{"floor":14,"key":"Ancient Potion"},{"floor":24,"key":"Block Potion"},{"floor":29,"key":"SkillPotion"}],"is_trial":false,"path_per_floor":["M","?","M","M","?","R","T","R","T","E","R","M","M","E","R","B",null,"M","M","$","?","?","R","M","M","T","R","M","M","R"],"character_chosen":"DEFECT","items_purchased":["All For One","Finesse"],"campfire_rested":5,"item_purchase_floors":[20,20],"current_hp_per_floor":[59,64,61,60,60,60,60,60,60,35,59,59,59,39,63,10,63,43,41,41,26,26,51,33,33,33,58,15,10,35,0],"gold":177,"neow_bonus":"UPGRADE_CARD","is_prod":false,"is_daily":false,"chose_seed":false,"campfire_upgraded":2,"win_rate":0,"timestamp":1533657683,"path_taken":["M","?","M","M","?","R","?","R","T","E","R","M","?","E","R","BOSS","M","M","$","?","?","R","?","M","T","R","M","M","R","E"],"build_version":"2018-08-02","purchased_purges":1,"victory":false,"max_hp_per_floor":[75,80,80,80,80,80,80,80,80,80,80,80,80,80,80,80,80,80,80,80,85,85,85,85,85,85,85,85,85,85,85],"card_choices":[{"not_picked":["Turbo","Redo"],"picked":"Beam Cell","floor":1},{"not_picked":["Sweeping Beam","Cold Snap"],"picked":"Gash","floor":3},{"not_picked":["Reinforced Body","Core Surge"],"picked":"Go for the Eyes","floor":4},{"not_picked":["Darkness","Go for the Eyes","Creative AI"],"picked":"BootSequence","floor":10},{"not_picked":["Stack","Conserve Battery","Steam"],"picked":"Gash","floor":12},{"not_picked":["Rebound","White Noise","Cold Snap"],"picked":"Hologram","floor":13},{"not_picked":["Creative AI","Steam","Cold Snap"],"picked":"Beam Cell","floor":14},{"not_picked":["Buffer","Biased Cognition","Creative AI"],"picked":"Core Surge","floor":16},{"not_picked":["Leap","Barrage","Cold Snap+1"],"picked":"Skim","floor":18},{"not_picked":["Go for the Eyes","Compile Driver","Fusion+1"],"picked":"White Noise","floor":19},{"not_picked":["Defragment","Redo","Go for the Eyes","Echo Form"],"picked":"SKIP","floor":24},{"not_picked":["Genetic Algorithm+1","Streamline","Barrage"],"picked":"Stack","floor":25},{"not_picked":["Blizzard","Defragment+1","Glacier"],"picked":"Conserve Battery+1","floor":28},{"not_picked":["Conserve Battery+1","Core Surge","Redo+1"],"picked":"Gash","floor":29}],"player_experience":441412,"relics_obtained":[{"floor":7,"key":"Question Card"},{"floor":9,"key":"Smiling Mask"},{"floor":10,"key":"Blue Candle"},{"floor":14,"key":"Mercury Hourglass"},{"floor":26,"key":"Whetstone"}],"event_choices":[{"event_name":"Big Fish","player_choice":"Donut","floor":2,"damage_taken":0},{"event_name":"Liars Game","player_choice":"disagreed","floor":5,"damage_taken":0},{"event_name":"Forgotten Altar","player_choice":"Shed Blood","floor":21,"damage_taken":0},{"event_name":"Ghosts","player_choice":"Ignored","floor":22,"damage_taken":0}],"is_beta":false,"boss_relics":[{"not_picked":["Busted Crown","Cursed Key"],"picked":"Inserter"}],"items_purged_floors":[20],"is_endless":false,"potions_floor_spawned":[4,13,14,24,29],"killed_by":"Gremlin Leader","ascension_level":11}