{"gold_per_floor":[112,112,112,112,129,129,129,129,155,173,132,187,204,223,223,300,300,311,311],"floor_reached":19,"playtime":799,"items_purged":[],"score":284,"play_id":"08f89943-efc0-4fdb-ae79-bb6d2e1691ce","local_time":"20190109005954","is_ascension_mode":true,"campfire_choices":[{"data":"Zap","floor":6.0,"key":"SMITH"},{"data":"Dualcast","floor":8.0,"key":"SMITH"},{"data":"Consume","floor":15.0,"key":"SMITH"}],"neow_cost":"PERCENT_DAMAGE","seed_source_timestamp":277875644427785,"circlet_count":0,"master_deck":["AscendersBane","Strike_B","Strike_B","Strike_B","Strike_B","Defend_B","Defend_B","Defend_B","Defend_B","Zap+1","Dualcast+1","Barrage","Sweeping Beam","Melter","Self Repair","Conserve Battery","Consume+1","Multi-Cast","Coolheaded+1"],"special_seed":0,"relics":["Cracked Core","Strawberry","Orichalcum","Nuclear Battery"],"potions_floor_usage":[18],"damage_taken":[{"damage":11.0,"enemies":"Small Slimes","floor":1.0,"turns":4.0},{"damage":5.0,"enemies":"2 Louse","floor":5.0,"turns":2.0},{"damage":2.0,"enemies":"Jaw Worm","floor":10.0,"turns":3.0},{"damage":14.0,"enemies":"Gremlin Nob","floor":12.0,"turns":4.0},{"damage":7.0,"enemies":"Large Slime","floor":13.0,"turns":4.0},{"damage":10.0,"enemies":"2 Fungi Beasts","floor":14.0,"turns":3.0},{"damage":71.0,"enemies":"Slime Boss","floor":16.0,"turns":16.0},{"damage":46,"enemies":"Shell Parasite","floor":18,"turns":5},{"damage":35,"enemies":"3 Byrds","floor":19,"turns":4}],"seed_played":"7330709084054715932","potions_obtained":[{"floor":5.0,"key":"PowerPotion"},{"floor":10.0,"key":"AttackPotion"},{"floor":14.0,"key":"GamblersBrew"}],"is_trial":false,"path_per_floor":["M","?","?","?","M","R","$","R","T","M","$","?","M","M","R","B",null,"M","M"],"character_chosen":"DEFECT","items_purchased":["Self Repair"],"campfire_rested":0,"item_purchase_floors":[11],"current_hp_per_floor":[53,53,53,82,77,77,77,77,84,82,82,75,75,72,72,8,74,35,0],"gold":311,"neow_bonus":"TWENTY_PERCENT_HP_BONUS","is_prod":false,"is_daily":false,"chose_seed":false,"campfire_upgraded":3,"win_rate":0,"timestamp":1546966794,"path_taken":["M","?","?","?","M","R","?","R","T","M","$","?","M","M","R","BOSS","M","M"],"build_version":"2019-01-03v4","purchased_purges":0,"victory":false,"max_hp_per_floor":[89,89,89,89,89,89,89,89,96,96,96,96,96,96,96,96,96,96,96],"card_choices":[{"not_picked":["Doom and Gloom","Stack"],"picked":"Barrage","floor":1.0},{"not_picked":["Gash","Double Energy"],"picked":"Sweeping Beam","floor":5.0},{"not_picked":["Cold Snap","Stack"],"picked":"Melter","floor":10.0},{"not_picked":["Reinforced Body","Buffer"],"picked":"Conserve Battery","floor":13.0},{"not_picked":["Ball Lightning","Aggregate"],"picked":"Consume","floor":14.0},{"not_picked":["All For One","Electrodynamics"],"picked":"Multi-Cast","floor":16.0},{"not_picked":["Streamline","Gash"],"picked":"Coolheaded+1","floor":18}],"player_experience":247866,"relics_obtained":[{"floor":9.0,"key":"Strawberry"},{"floor":12.0,"key":"Orichalcum"}],"event_choices":[{"damage_healed":0.0,"max_hp_gain":0.0,"max_hp_loss":0.0,"gold_gain":0.0,"event_name":"Scrap Ooze","player_choice":"Fled","floor":2.0,"gold_loss":0.0,"damage_taken":0.0},{"damage_healed":0.0,"max_hp_gain":0.0,"max_hp_loss":0.0,"gold_gain":0.0,"event_name":"Shining Light","player_choice":"Ignored","floor":3.0,"gold_loss":0.0,"damage_taken":0.0},{"damage_healed":29.0,"max_hp_gain":0.0,"max_hp_loss":0.0,"gold_gain":0.0,"event_name":"Big Fish","player_choice":"Banana","floor":4.0,"gold_loss":0.0,"damage_taken":0.0},{"damage_healed":0.0,"max_hp_gain":0.0,"max_hp_loss":0.0,"gold_gain":0.0,"event_name":"Dead Adventurer","player_choice":"Searched \u00271\u0027 times","floor":12.0,"gold_loss":0.0,"damage_taken":0.0}],"is_beta":false,"boss_relics":[{"not_picked":["Velvet Choker","White Beast Statue"],"picked":"Nuclear Battery"}],"items_purged_floors":[],"is_endless":false,"potions_floor_spawned":[5,10,14],"killed_by":"3 Byrds","ascension_level":13}