{"gold_per_floor":[110,110,129,144,144,171,171,171],"floor_reached":8,"playtime":184,"items_purged":[],"score":112,"play_id":"49403683-f90a-4e38-8b51-eafaa6a771ed","local_time":"20190225110253","is_ascension_mode":true,"campfire_choices":[{"data":"Masterful Stab","floor":7,"key":"SMITH"}],"neow_cost":"NONE","seed_source_timestamp":42741273137611,"circlet_count":0,"master_deck":["AscendersBane","Defend_G","Defend_G","Defend_G","Defend_G","Defend_G","Strike_G","Strike_G","Strike_G","Strike_G","Survivor","Neutralize","Catalyst","Infinite Blades","Calculated Gamble","Masterful Stab+1"],"relics":["Ring of the Snake","NeowsBlessing","Darkstone Periapt"],"potions_floor_usage":[],"damage_taken":[{"damage":0,"enemies":"Cultist","floor":1,"turns":1},{"damage":0,"enemies":"Small Slimes","floor":3,"turns":1},{"damage":0,"enemies":"Jaw Worm","floor":4,"turns":1},{"damage":44,"enemies":"3 Sentries","floor":6,"turns":14},{"damage":0,"enemies":"Lagavulin","floor":8,"turns":1}],"seed_played":"5152103596808963457","potions_obtained":[{"floor":1,"key":"GamblersBrew"}],"is_trial":false,"path_per_floor":["M","?","M","M","?","E","R","E"],"character_chosen":"THE_SILENT","items_purchased":[],"campfire_rested":0,"item_purchase_floors":[],"current_hp_per_floor":[59,59,59,59,64,20,20,20],"gold":171,"neow_bonus":"THREE_ENEMY_KILL","is_prod":false,"is_daily":false,"chose_seed":false,"campfire_upgraded":1,"win_rate":0,"timestamp":1551110573,"path_taken":["M","?","?","M","?","E","R","E"],"build_version":"2019-01-23","purchased_purges":0,"victory":false,"max_hp_per_floor":[66,66,66,66,71,71,71,71],"card_choices":[{"not_picked":["All Out Attack","Heel Hook"],"picked":"Catalyst","floor":1},{"not_picked":["Blade Dance","Slice"],"picked":"Infinite Blades","floor":3},{"not_picked":["Outmaneuver","Prepared"],"picked":"Calculated Gamble","floor":4},{"not_picked":["Blade Dance","Slice"],"picked":"Masterful Stab","floor":6}],"player_experience":871798,"relics_obtained":[{"floor":6,"key":"Darkstone Periapt"}],"event_choices":[{"cards_removed":["Strike_G"],"damage_healed":0,"gold_gain":0,"player_choice":"Offered Basic","damage_taken":0,"max_hp_gain":0,"max_hp_loss":0,"event_name":"Bonfire Elementals","floor":2,"gold_loss":0},{"damage_healed":0,"gold_gain":0,"player_choice":"Donut","damage_taken":0,"max_hp_gain":5,"max_hp_loss":0,"event_name":"Big Fish","floor":5,"gold_loss":0}],"is_beta":false,"boss_relics":[],"items_purged_floors":[],"is_endless":false,"potions_floor_spawned":[1],"killed_by":"Lagavulin","ascension_level":20}