{"gold_per_floor":[114,134,134,134,134,134,209,209,234,267,282,282],"floor_reached":12,"playtime":158,"items_purged":[],"score":202,"play_id":"fae3be67-e8b3-4d25-b3f8-ac86f1a0a486","local_time":"20190218041903","is_ascension_mode":true,"campfire_choices":[{"floor":6,"key":"REST"},{"floor":8,"key":"REST"}],"neow_cost":"NONE","seed_source_timestamp":46364638367676,"circlet_count":0,"master_deck":["AscendersBane","Strike_B","Strike_B+1","Strike_B","Strike_B","Defend_B","Defend_B","Defend_B","Defend_B","Zap","Dualcast","FTL+1","Genetic Algorithm","Injury","BootSequence","Echo Form"],"relics":["Cracked Core","NeowsBlessing","Peace Pipe","Golden Idol","Regal Pillow","Shovel"],"potions_floor_usage":[12],"damage_taken":[{"damage":0,"enemies":"Small Slimes","floor":1,"turns":1},{"damage":0,"enemies":"Jaw Worm","floor":2,"turns":1},{"damage":0,"enemies":"3 Sentries","floor":10,"turns":1},{"damage":14,"enemies":"Cultist","floor":11,"turns":4},{"damage":58,"enemies":"Gremlin Nob","floor":12,"turns":4}],"seed_played":"-8733066337678910566","potions_obtained":[{"floor":1,"key":"Regen Potion"},{"floor":2,"key":"Swift Potion"}],"is_trial":false,"path_per_floor":["M","M","?","?","?","R","?","R","T","E","M","E"],"character_chosen":"DEFECT","items_purchased":[],"campfire_rested":2,"item_purchase_floors":[],"current_hp_per_floor":[64,64,46,46,25,46,35,56,56,56,42,0],"gold":282,"neow_bonus":"THREE_ENEMY_KILL","is_prod":false,"is_daily":false,"chose_seed":false,"campfire_upgraded":0,"win_rate":0,"timestamp":1550481543,"path_taken":["M","M","?","?","?","R","?","R","T","E","M","E"],"build_version":"2019-01-23","purchased_purges":0,"victory":false,"max_hp_per_floor":[71,71,71,71,71,71,71,71,71,71,71,71],"card_choices":[{"not_picked":["Tempest","Gash"],"picked":"FTL","floor":1},{"not_picked":["Coolheaded","Redo"],"picked":"Genetic Algorithm","floor":2},{"not_picked":["Coolheaded","Loop"],"picked":"BootSequence","floor":10},{"not_picked":["Tempest","Capacitor"],"picked":"Echo Form","floor":11}],"player_experience":301889,"relics_obtained":[{"floor":9,"key":"Regal Pillow"},{"floor":10,"key":"Shovel"}],"event_choices":[{"damage_healed":0,"gold_gain":0,"player_choice":"Success","damage_taken":18,"relics_obtained":["Peace Pipe"],"max_hp_gain":0,"max_hp_loss":0,"event_name":"Scrap Ooze","floor":3,"gold_loss":0},{"damage_healed":0,"gold_gain":0,"player_choice":"Take Wound","damage_taken":0,"relics_obtained":["Golden Idol"],"max_hp_gain":0,"max_hp_loss":0,"event_name":"Golden Idol","floor":4,"gold_loss":0,"cards_obtained":["Injury"]},{"damage_healed":0,"gold_gain":0,"player_choice":"Entered Light","damage_taken":21,"max_hp_gain":0,"max_hp_loss":0,"event_name":"Shining Light","floor":5,"gold_loss":0,"cards_upgraded":["FTL","Strike_B"]},{"damage_healed":0,"gold_gain":75,"player_choice":"Gather Gold","damage_taken":11,"max_hp_gain":0,"max_hp_loss":0,"event_name":"World of Goop","floor":7,"gold_loss":0}],"is_beta":false,"boss_relics":[],"items_purged_floors":[],"is_endless":false,"potions_floor_spawned":[1,2],"killed_by":"Gremlin Nob","ascension_level":20}