{"gold_per_floor":[116,131,147,164,164,164,179,179,203,290,302,314,336,373,385,492,504,441,453,478,506,617,629,120,120,190,222,232,232,263,263,263,367,367,381,234,234,234,254,289,289],"floor_reached":41,"playtime":3570,"items_purged":["Defend_G","Strike_G"],"score":457,"play_id":"f5d8f984-64d0-4aa5-a9d2-2ac7c3d71817","local_time":"20190111145100","is_ascension_mode":false,"campfire_choices":[{"data":"Prepared","floor":6.0,"key":"SMITH"},{"data":"Leg Sweep","floor":8.0,"key":"SMITH"},{"floor":12.0,"key":"REST"},{"floor":15.0,"key":"REST"},{"floor":23.0,"key":"REST"},{"data":"Dash","floor":29.0,"key":"SMITH"},{"floor":32.0,"key":"REST"}],"neow_cost":"NONE","seed_source_timestamp":0,"circlet_count":0,"master_deck":["Defend_G","Defend_G","Defend_G","Defend_G+1","Survivor","Neutralize","Prepared+1","Poisoned Stab","All Out Attack","Leg Sweep+1","Quick Slash","Noxious Fumes","Distraction","After Image","Dash+1","Poisoned Stab","Acrobatics","Bouncing Flask+1","Footwork","Cloak And Dagger+1","Acrobatics","Outmaneuver","Burst","Leg Sweep","Backflip","Apotheosis","Blade Dance+1"],"special_seed":0,"relics":["Empty Cage","MawBank","Happy Flower","Snecko Eye","CultistMask","Oddly Smooth Stone","War Paint","Bronze Scales","Bottled Lightning","Juzu Bracelet","Potion Belt","Enchiridion","Black Star","Dream Catcher","Snake Skull"],"potions_floor_usage":[41,41],"damage_taken":[{"damage":0.0,"enemies":"2 Louse","floor":1.0,"turns":5.0},{"damage":0.0,"enemies":"Small Slimes","floor":2.0,"turns":7.0},{"damage":2.0,"enemies":"Cultist","floor":3.0,"turns":5.0},{"damage":3.0,"enemies":"2 Fungi Beasts","floor":4.0,"turns":3.0},{"damage":0.0,"enemies":"Exordium Thugs","floor":7.0,"turns":7.0},{"damage":0.0,"enemies":"Exordium Wildlife","floor":13.0,"turns":5.0},{"damage":31.0,"enemies":"Gremlin Nob","floor":14.0,"turns":6.0},{"damage":57.0,"enemies":"Slime Boss","floor":16.0,"turns":12.0},{"damage":4.0,"enemies":"2 Thieves","floor":18.0,"turns":5.0},{"damage":24.0,"enemies":"Spheric Guardian","floor":20.0,"turns":6.0},{"damage":3.0,"enemies":"Shelled Parasite and Fungi","floor":21.0,"turns":7.0},{"damage":12.0,"enemies":"Slavers","floor":27.0,"turns":5.0},{"damage":0.0,"enemies":"Snecko","floor":28.0,"turns":4.0},{"damage":1.0,"enemies":"Book of Stabbing","floor":30.0,"turns":6.0},{"damage":16.0,"enemies":"Champ","floor":33.0,"turns":12.0},{"damage":28.0,"enemies":"3 Shapes","floor":35.0,"turns":4.0},{"damage":0.0,"enemies":"3 Darklings","floor":39.0,"turns":5.0},{"damage":19.0,"enemies":"Reptomancer","floor":40.0,"turns":5.0},{"damage":29,"enemies":"Transient","floor":41,"turns":3}],"seed_played":"-4130397949959151693","potions_obtained":[{"floor":3.0,"key":"SpeedPotion"},{"floor":4.0,"key":"Dexterity Potion"},{"floor":7.0,"key":"Strength Potion"},{"floor":14.0,"key":"Regen Potion"},{"floor":20.0,"key":"SpeedPotion"},{"floor":27.0,"key":"Poison Potion"},{"floor":28.0,"key":"SkillPotion"},{"floor":33.0,"key":"SpeedPotion"},{"floor":39.0,"key":"GhostInAJar"},{"floor":40.0,"key":"FearPotion"}],"is_trial":false,"path_per_floor":["M","M","M","M","?","R","M","R","T","?","?","R","M","E","R","B",null,"M","?","M","M","?","R","$","T","T","E","M","R","E","?","R","B",null,"M","$","?","?","M","E","M"],"character_chosen":"THE_SILENT","items_purchased":["Bouncing Flask","Footwork","Oddly Smooth Stone","War Paint","Backflip"],"campfire_rested":4,"item_purchase_floors":[24,24,24,24,36],"current_hp_per_floor":[70,70,68,65,58,58,58,58,58,47,47,68,68,37,58,1,70,66,66,53,50,50,70,70,70,70,58,58,58,57,41,62,46,70,42,42,42,42,42,23,0],"gold":289,"neow_bonus":"BOSS_RELIC","is_prod":false,"is_daily":false,"chose_seed":false,"campfire_upgraded":3,"win_rate":0.0,"timestamp":1547236260,"path_taken":["M","M","M","M","?","R","M","R","T","?","?","R","?","E","R","BOSS","M","?","?","M","?","R","$","?","T","E","M","R","E","?","R","BOSS","M","$","?","?","M","E","M"],"build_version":"2019-01-10","purchased_purges":2,"victory":false,"max_hp_per_floor":[70,70,70,70,70,70,70,70,70,70,70,70,70,70,70,70,70,70,70,70,70,70,70,70,70,70,70,70,70,70,70,70,70,70,70,70,70,70,70,70,70],"card_choices":[{"not_picked":["Acrobatics","Expertise"],"picked":"Prepared","floor":1.0},{"not_picked":["Flying Knee","Blade Dance"],"picked":"Poisoned Stab","floor":2.0},{"not_picked":["Skewer","Acrobatics"],"picked":"All Out Attack","floor":3.0},{"not_picked":["Blade Dance","Choke"],"picked":"Leg Sweep","floor":4.0},{"not_picked":["Riddle With Holes","Prepared"],"picked":"Quick Slash","floor":7.0},{"not_picked":["Riddle With Holes","Blade Dance"],"picked":"Distraction","floor":13.0},{"not_picked":["Dagger Spray","All Out Attack","Predator"],"picked":"SKIP","floor":14.0},{"not_picked":["Envenom","Unload"],"picked":"After Image","floor":16.0},{"not_picked":["Well Laid Plans+1","Cloak And Dagger"],"picked":"Dash","floor":18.0},{"not_picked":["Endless Agony","Deflect"],"picked":"Poisoned Stab","floor":20.0},{"not_picked":["Distraction+1","Footwork"],"picked":"Acrobatics","floor":21.0},{"not_picked":["Slice","Deflect"],"picked":"Cloak And Dagger+1","floor":27.0},{"not_picked":["Heel Hook","Prepared"],"picked":"Acrobatics","floor":28.0},{"not_picked":["Endless Agony","Accuracy+1"],"picked":"Outmaneuver","floor":30.0},{"not_picked":["Storm of Steel","Die Die Die"],"picked":"Burst","floor":33.0},{"not_picked":["Outmaneuver","Reflex+1"],"picked":"Leg Sweep","floor":35.0},{"not_picked":["Blind","Secret Technique"],"picked":"Apotheosis","floor":37.0},{"not_picked":["Quick Slash+1","Outmaneuver","Distraction"],"picked":"SKIP","floor":39.0},{"not_picked":["Tools of the Trade","Poisoned Stab"],"picked":"Blade Dance+1","floor":40.0}],"player_experience":38260,"relics_obtained":[{"floor":9.0,"key":"MawBank"},{"floor":14.0,"key":"Happy Flower"},{"floor":25.0,"key":"Bronze Scales"},{"floor":26.0,"key":"Bottled Lightning"},{"floor":27.0,"key":"Juzu Bracelet"},{"floor":30.0,"key":"Potion Belt"},{"floor":31.0,"key":"Enchiridion"},{"floor":40.0,"key":"Dream Catcher"},{"floor":40.0,"key":"Snake Skull"}],"event_choices":[{"cards_removed":["Strike_G"],"damage_healed":0.0,"max_hp_gain":0.0,"max_hp_loss":0.0,"gold_gain":0.0,"event_name":"Golden Wing","player_choice":"Card Removal","floor":5.0,"gold_loss":0.0,"damage_taken":7.0},{"damage_healed":0.0,"max_hp_gain":0.0,"max_hp_loss":0.0,"gold_gain":75.0,"event_name":"World of Goop","player_choice":"Gather Gold","floor":10.0,"gold_loss":0.0,"damage_taken":11.0},{"damage_healed":0.0,"max_hp_gain":0.0,"max_hp_loss":0.0,"gold_gain":0.0,"cards_transformed":["Strike_G"],"event_name":"Transmorgrifier","player_choice":"Transformed","floor":11.0,"gold_loss":0.0,"damage_taken":0.0,"cards_obtained":["Noxious Fumes"]},{"damage_healed":0.0,"max_hp_gain":0.0,"max_hp_loss":0.0,"gold_gain":0.0,"event_name":"FaceTrader","player_choice":"Trade","floor":19.0,"gold_loss":0.0,"damage_taken":0.0,"relics_obtained":["CultistMask"]},{"damage_healed":0.0,"max_hp_gain":0.0,"max_hp_loss":0.0,"gold_gain":99.0,"event_name":"Nest","player_choice":"Stole From Cult","floor":22.0,"gold_loss":0.0,"damage_taken":0.0},{"damage_healed":0.0,"max_hp_gain":0.0,"max_hp_loss":0.0,"gold_gain":0.0,"event_name":"Cursed Tome","player_choice":"Obtained Book","floor":31.0,"gold_loss":0.0,"damage_taken":16.0},{"damage_healed":0.0,"max_hp_gain":0.0,"max_hp_loss":0.0,"gold_gain":0.0,"event_name":"SensoryStone","player_choice":"Memory 1","floor":37.0,"gold_loss":0.0,"damage_taken":0.0},{"damage_healed":0.0,"max_hp_gain":0.0,"max_hp_loss":0.0,"gold_gain":0.0,"event_name":"Mysterious Sphere","player_choice":"Ignored","floor":38.0,"gold_loss":0.0,"damage_taken":0.0}],"is_beta":false,"boss_relics":[{"not_picked":["Lizard Tail","WristBlade"],"picked":"Snecko Eye"},{"not_picked":["Tiny House","Philosopher\u0027s Stone"],"picked":"Black Star"}],"items_purged_floors":[24,36],"is_endless":false,"potions_floor_spawned":[3,4,7,14,20,21,27,28,33,39,40],"killed_by":"Transient","ascension_level":0}