{"gold_per_floor":[114,114,114,189,201,201,231,241,241,257,287,303,17,31,31,133,133,149,149,164,175,188,222,222,240,315,327,327,342,342,369,369,465,465,479,498,509,509,535,570,570,589,589,644,654,681,681,325,325,325],"floor_reached":51,"playtime":5020,"items_purged":[],"score":761,"play_id":"b0a2ae7a-b03a-4674-8cef-fd900ee774c0","local_time":"20190120205750","is_ascension_mode":false,"campfire_choices":[{"data":"Sucker Punch","floor":6.0,"key":"SMITH"},{"floor":15.0,"key":"REST"},{"floor":30.0,"key":"REST"},{"floor":32.0,"key":"REST"},{"floor":41.0,"key":"REST"},{"floor":47,"key":"REST"},{"floor":49,"key":"REST"}],"neow_cost":"NONE","seed_source_timestamp":0,"circlet_count":0,"master_deck":["Defend_G","Defend_G","Defend_G","Defend_G","Defend_G","Strike_G","Strike_G","Strike_G","Strike_G","Strike_G","Survivor","Neutralize","Sucker Punch+1","Deadly Poison+1","Flying Knee","Poisoned Stab","Prepared+1","Crippling Poison+1","Poisoned Stab+1","Burst+1","Outmaneuver","Well Laid Plans","Dodge and Roll+1","Cloak And Dagger+1","Dodge and Roll+1","Backflip+1","After Image","Backflip+1","Parasite","Corpse Explosion+1","Madness+1","Madness+1","Crippling Poison+1","After Image","Crippling Poison+1","Cloak And Dagger+1"],"special_seed":0,"relics":["Ring of the Snake","Regal Pillow","Ornamental Fan","Toxic Egg 2","Mercury Hourglass","Molten Egg 2","Strange Spoon","Fusion Hammer","Meat on the Bone","Paper Crane","Dream Catcher","Bronze Scales","Eternal Feather","Boot","Pen Nib","Happy Flower","FossilizedHelix","Question Card","Shuriken"],"potions_floor_usage":[],"damage_taken":[{"damage":0.0,"enemies":"Jaw Worm","floor":1.0,"turns":7.0},{"damage":0.0,"enemies":"2 Louse","floor":5.0,"turns":3.0},{"damage":26.0,"enemies":"3 Sentries","floor":7.0,"turns":13.0},{"damage":0.0,"enemies":"Cultist","floor":8.0,"turns":3.0},{"damage":0.0,"enemies":"Exordium Wildlife","floor":10.0,"turns":3.0},{"damage":3.0,"enemies":"Lagavulin","floor":11.0,"turns":5.0},{"damage":8.0,"enemies":"Red Slaver","floor":12.0,"turns":4.0},{"damage":0.0,"enemies":"Lots of Slimes","floor":14.0,"turns":2.0},{"damage":30.0,"enemies":"Slime Boss","floor":16.0,"turns":10.0},{"damage":0.0,"enemies":"3 Byrds","floor":18.0,"turns":3.0},{"damage":10.0,"enemies":"Shell Parasite","floor":20.0,"turns":6.0},{"damage":2.0,"enemies":"Centurion and Healer","floor":21.0,"turns":4.0},{"damage":17.0,"enemies":"Cultist and Chosen","floor":22.0,"turns":6.0},{"damage":15.0,"enemies":"Book of Stabbing","floor":23.0,"turns":4.0},{"damage":7.0,"enemies":"Snecko","floor":25.0,"turns":4.0},{"damage":16.0,"enemies":"Centurion and Healer","floor":27.0,"turns":6.0},{"damage":5.0,"enemies":"Snake Plant","floor":29.0,"turns":4.0},{"damage":7.0,"enemies":"Gremlin Leader","floor":31.0,"turns":9.0},{"damage":44.0,"enemies":"Automaton","floor":33.0,"turns":10.0},{"damage":1.0,"enemies":"Orb Walker","floor":35.0,"turns":5.0},{"damage":0.0,"enemies":"3 Darklings","floor":36.0,"turns":5.0},{"damage":8.0,"enemies":"Writhing Mass","floor":37.0,"turns":5.0},{"damage":0.0,"enemies":"Nemesis","floor":40.0,"turns":7.0},{"damage":6.0,"enemies":"Sphere and 2 Shapes","floor":42.0,"turns":4.0},{"damage":16.0,"enemies":"2 Orb Walkers","floor":44.0,"turns":3.0},{"damage":2.0,"enemies":"Spire Growth","floor":45.0,"turns":5.0},{"damage":3,"enemies":"Giant Head","floor":46,"turns":9},{"damage":29,"enemies":"Time Eater","floor":50,"turns":12}],"seed_played":"-2506799149861974873","potions_obtained":[{"floor":7.0,"key":"SpeedPotion"},{"floor":11.0,"key":"Strength Potion"},{"floor":12.0,"key":"SpeedPotion"},{"floor":16.0,"key":"Regen Potion"},{"floor":31.0,"key":"GhostInAJar"},{"floor":44.0,"key":"FearPotion"}],"is_trial":false,"path_per_floor":["M","?","T","?","M","R","E","M","T","M","E","M","$","M","R","B",null,"M","?","M","M","M","E","$","M","T","M","T","M","R","E","R","B",null,"M","M","M","?","T","E","R","M","T","?","M","E","R","$","R","B",null],"character_chosen":"THE_SILENT","items_purchased":["Crippling Poison+1","Strange Spoon","Poisoned Stab+1","Crippling Poison+1","Shuriken","GhostInAJar"],"campfire_rested":6,"item_purchase_floors":[13,13,13,48,48,48],"current_hp_per_floor":[70,70,70,59,59,59,33,33,33,33,30,22,22,22,58,28,70,70,70,60,58,41,40,40,45,45,41,41,36,70,63,70,38,70,69,69,61,52,52,52,70,64,64,48,46,43,70,70,70,41],"gold":325,"neow_bonus":"RANDOM_COMMON_RELIC","is_prod":false,"is_daily":false,"chose_seed":false,"campfire_upgraded":1,"win_rate":0,"timestamp":1548014270,"path_taken":["M","?","?","?","M","R","E","M","T","M","E","M","$","M","R","BOSS","M","?","M","M","M","E","?","M","T","M","?","?","R","E","R","BOSS","M","?","M","?","?","E","R","M","T","?","M","E","R","$","R","BOSS"],"build_version":"2019-01-19","purchased_purges":0,"victory":true,"max_hp_per_floor":[70,70,70,70,70,70,70,70,70,70,70,70,70,70,70,70,70,70,70,70,70,70,70,70,70,70,70,70,70,70,70,70,70,70,70,70,70,70,70,70,70,70,70,70,70,70,70,70,70,70],"card_choices":[{"not_picked":["PiercingWail","Outmaneuver"],"picked":"Sucker Punch","floor":1.0},{"not_picked":["Heel Hook","Choke","Deflect"],"picked":"SKIP","floor":5.0},{"not_picked":["Adrenaline","Concentrate"],"picked":"Deadly Poison","floor":7.0},{"not_picked":["Flechettes","Dagger Throw"],"picked":"Flying Knee","floor":8.0},{"not_picked":["Escape Plan+1","Quick Slash"],"picked":"Poisoned Stab","floor":10.0},{"not_picked":["Riddle With Holes","Dagger Spray"],"picked":"Prepared+1","floor":11.0},{"not_picked":["Dodge and Roll+1","Acrobatics+1","Night Terror+1"],"picked":"SKIP","floor":12.0},{"not_picked":["Sucker Punch+1","Blade Dance+1","Prepared+1"],"picked":"SKIP","floor":14.0},{"not_picked":["Phantasmal Killer+1","A Thousand Cuts"],"picked":"Burst+1","floor":16.0},{"not_picked":["Calculated Gamble+1","Underhanded Strike+1"],"picked":"Blade Dance+1","floor":18.0},{"not_picked":["Underhanded Strike+1","Dash+1","Expertise+1"],"picked":"SKIP","floor":20.0},{"not_picked":["Underhanded Strike+1","Slice+1","Acrobatics+1"],"picked":"SKIP","floor":21.0},{"not_picked":["Escape Plan+1","Eviscerate+1"],"picked":"Well Laid Plans","floor":22.0},{"not_picked":["Calculated Gamble+1","Predator+1","Doppelganger+1"],"picked":"SKIP","floor":23.0},{"not_picked":["Skewer+1","Underhanded Strike+1"],"picked":"Dodge and Roll+1","floor":25.0},{"not_picked":["Well Laid Plans","Poisoned Stab+1"],"picked":"Cloak And Dagger+1","floor":27.0},{"not_picked":["Dagger Spray+1","PiercingWail+1","Quick Slash+1"],"picked":"SKIP","floor":29.0},{"not_picked":["Dagger Throw+1","Accuracy+1"],"picked":"Dodge and Roll+1","floor":30.0},{"not_picked":["Quick Slash+1","Sucker Punch+1","Choke+1"],"picked":"SKIP","floor":31.0},{"not_picked":["Infinite Blades","Masterful Stab+1"],"picked":"Backflip+1","floor":32.0},{"not_picked":["Envenom","Storm of Steel+1"],"picked":"After Image","floor":33.0},{"not_picked":["Accuracy+1","Blur+1"],"picked":"Backflip+1","floor":35.0},{"not_picked":["Underhanded Strike+1","PiercingWail+1","Dagger Spray+1"],"picked":"SKIP","floor":36.0},{"not_picked":["Caltrops+1","Outmaneuver+1"],"picked":"Corpse Explosion+1","floor":37.0},{"not_picked":["Predator+1","Terror+1","Skewer+1"],"picked":"SKIP","floor":40.0},{"not_picked":["Deflect+1","Quick Slash+1"],"picked":"Crippling Poison+1","floor":41.0},{"not_picked":["Riddle With Holes+1","Concentrate+1","Terror+1"],"picked":"SKIP","floor":42.0},{"not_picked":["PiercingWail+1","Deflect+1","Predator+1"],"picked":"SKIP","floor":45},{"not_picked":["Accuracy+1","Poisoned Stab+1"],"picked":"After Image","floor":46},{"not_picked":["Finisher+1","Outmaneuver+1","Underhanded Strike+1"],"picked":"Cloak And Dagger+1","floor":49}],"player_experience":125095,"relics_obtained":[{"floor":3.0,"key":"Ornamental Fan"},{"floor":7.0,"key":"Toxic Egg 2"},{"floor":9.0,"key":"Mercury Hourglass"},{"floor":11.0,"key":"Molten Egg 2"},{"floor":23.0,"key":"Meat on the Bone"},{"floor":26.0,"key":"Paper Crane"},{"floor":28.0,"key":"Dream Catcher"},{"floor":31.0,"key":"Bronze Scales"},{"floor":39.0,"key":"Boot"},{"floor":40.0,"key":"Pen Nib"},{"floor":43.0,"key":"Happy Flower"},{"floor":44.0,"key":"FossilizedHelix"},{"floor":46,"key":"Question Card"}],"event_choices":[{"damage_healed":0.0,"max_hp_gain":0.0,"max_hp_loss":0.0,"gold_gain":0.0,"event_name":"Golden Wing","player_choice":"Ignored","floor":2.0,"gold_loss":0.0,"damage_taken":0.0},{"damage_healed":0.0,"max_hp_gain":0.0,"max_hp_loss":0.0,"gold_gain":75.0,"event_name":"World of Goop","player_choice":"Gather Gold","floor":4.0,"gold_loss":0.0,"damage_taken":11.0},{"cards_removed":["Blade Dance"],"damage_healed":0.0,"max_hp_gain":0.0,"max_hp_loss":0.0,"gold_gain":0.0,"event_name":"NoteForYourself","player_choice":"Took Card","floor":19.0,"gold_loss":0.0,"damage_taken":0.0,"cards_obtained":["Outmaneuver"]},{"damage_healed":0.0,"max_hp_gain":0.0,"max_hp_loss":0.0,"gold_gain":0.0,"event_name":"Winding Halls","player_choice":"Embrace Madness","floor":38.0,"gold_loss":0.0,"damage_taken":9.0,"cards_obtained":["Madness","Madness"]},{"damage_healed":0.0,"max_hp_gain":0.0,"max_hp_loss":0.0,"gold_gain":0.0,"event_name":"Mysterious Sphere","player_choice":"Fight","floor":44.0,"gold_loss":0.0,"damage_taken":0.0}],"is_beta":true,"boss_relics":[{"not_picked":["Ectoplasm","Lizard Tail"],"picked":"Fusion Hammer"},{"not_picked":["WristBlade","White Beast Statue"],"picked":"Eternal Feather"}],"items_purged_floors":[],"is_endless":false,"potions_floor_spawned":[7,11,12,14,16,18,20,23,31,36,40,42,44,46],"ascension_level":0}