{"gold_per_floor":[211,223,298,11,24,24,35,35,58,70,70],"floor_reached":11,"playtime":387,"items_purged":["Strike_R"],"score":124,"play_id":"e3ab1dff-3529-4953-a834-75805eec332c","local_time":"20181010184351","is_ascension_mode":true,"campfire_choices":[{"data":"Bash","floor":6,"key":"SMITH"},{"data":"Spot Weakness","floor":8,"key":"SMITH"}],"neow_cost":"NONE","seed_source_timestamp":239924415062900,"circlet_count":0,"master_deck":["Strike_R","Strike_R","Strike_R","Strike_R","Defend_R","Defend_R","Defend_R","Defend_R","Bash+1","AscendersBane","Spot Weakness+1","Clothesline","Flame Barrier","Feel No Pain","True Grit","Infernal Blade"],"relics":["Burning Blood","Oddly Smooth Stone","Regal Pillow"],"potions_floor_usage":[],"damage_taken":[{"damage":23,"enemies":"Small Slimes","floor":1,"turns":6},{"damage":16,"enemies":"Jaw Worm","floor":2,"turns":6},{"damage":3,"enemies":"2 Louse","floor":5,"turns":4},{"damage":8,"enemies":"Exordium Wildlife","floor":7,"turns":6},{"damage":27,"enemies":"Large Slime","floor":10,"turns":10},{"damage":18,"enemies":"The Mushroom Lair","floor":11,"turns":5}],"seed_played":"-8633136130540552047","potions_obtained":[{"floor":1,"key":"Swift Potion"},{"floor":5,"key":"Poison Potion"}],"is_trial":false,"path_per_floor":["M","M","?","$","M","R","M","R","T","M"],"character_chosen":"IRONCLAD","items_purchased":["Oddly Smooth Stone","Flame Barrier"],"campfire_rested":0,"item_purchase_floors":[4,4],"current_hp_per_floor":[51,41,30,30,33,33,31,31,31,10,0],"gold":70,"neow_bonus":"HUNDRED_GOLD","is_prod":false,"is_daily":false,"chose_seed":false,"campfire_upgraded":2,"win_rate":0,"timestamp":1539211431,"path_taken":["M","M","?","$","M","R","M","R","T","M","?"],"build_version":"2018-10-04v2","purchased_purges":1,"victory":false,"max_hp_per_floor":[75,75,75,75,75,75,75,75,75,75,75],"card_choices":[{"not_picked":["Armaments","Second Wind"],"picked":"Spot Weakness","floor":1},{"not_picked":["Sword Boomerang","Infernal Blade"],"picked":"Clothesline","floor":2},{"not_picked":["Searing Blow","Sentinel"],"picked":"Feel No Pain","floor":5},{"not_picked":["Havoc","Anger"],"picked":"True Grit","floor":7},{"not_picked":["Havoc","Rage"],"picked":"Infernal Blade","floor":10}],"player_experience":545400,"relics_obtained":[{"floor":9,"key":"Regal Pillow"}],"event_choices":[{"event_name":"World of Goop","player_choice":"Gather Gold","floor":3,"damage_taken":0},{"event_name":"Mushrooms","player_choice":"Fought Mushrooms","floor":11,"damage_taken":0}],"is_beta":false,"boss_relics":[],"items_purged_floors":[4],"is_endless":false,"potions_floor_spawned":[1,5],"killed_by":"The Mushroom Lair","ascension_level":18}