{"gold_per_floor":[117,133,133,151,171,171,201,201,226,151,151,162,179,354,354,354],"floor_reached":16,"playtime":1532,"items_purged":["Strike_G"],"score":107,"play_id":"864007fc-6103-4598-bdb2-e7b75738c594","local_time":"20181126221945","is_ascension_mode":true,"campfire_choices":[{"data":"Cloak And Dagger","floor":6,"key":"SMITH"},{"data":"Neutralize","floor":8,"key":"SMITH"},{"floor":15,"key":"REST"}],"neow_cost":"NONE","seed_source_timestamp":270169461617080,"circlet_count":0,"master_deck":["Defend_G","Defend_G","Defend_G","Defend_G","Defend_G","Strike_G","Strike_G","Strike_G","Survivor","Neutralize+1","Bullet Time","Dagger Throw","Dodge and Roll","Deadly Poison","Cloak And Dagger+1","Acrobatics","Acrobatics","Doubt"],"relics":["Ring of the Snake","Potion Belt","Blood Vial"],"potions_floor_usage":[16,16,16],"damage_taken":[{"damage":5,"enemies":"Jaw Worm","floor":1,"turns":4},{"damage":0,"enemies":"2 Louse","floor":2,"turns":2},{"damage":2,"enemies":"Small Slimes","floor":4,"turns":4},{"damage":0,"enemies":"Blue Slaver","floor":5,"turns":5},{"damage":24,"enemies":"Gremlin Nob","floor":7,"turns":5},{"damage":0,"enemies":"Looter","floor":12,"turns":3},{"damage":1,"enemies":"Red Slaver","floor":13,"turns":5},{"damage":62,"enemies":"Slime Boss","floor":16,"turns":14}],"seed_played":"5478936835583279602","potions_obtained":[{"floor":2,"key":"AttackPotion"},{"floor":4,"key":"SkillPotion"},{"floor":12,"key":"Dexterity Potion"}],"is_trial":false,"path_per_floor":["M","M","?","M","M","R","E","R","T","$","?","M","M","?","R","B"],"character_chosen":"THE_SILENT","items_purchased":[],"campfire_rested":1,"item_purchase_floors":[],"current_hp_per_floor":[65,65,65,63,63,63,39,39,39,39,32,34,35,35,56,0],"gold":354,"neow_bonus":"ONE_RANDOM_RARE_CARD","is_prod":false,"is_daily":false,"chose_seed":false,"campfire_upgraded":2,"win_rate":0,"timestamp":1543238385,"path_taken":["M","M","?","M","M","R","E","R","T","$","?","M","M","?","R","BOSS"],"build_version":"2018-11-15","purchased_purges":1,"victory":false,"max_hp_per_floor":[70,70,70,70,70,70,70,70,70,70,70,70,70,70,70,70],"card_choices":[{"not_picked":["Dagger Spray","Tactician"],"picked":"Dagger Throw","floor":1},{"not_picked":["Outmaneuver","Distraction"],"picked":"Dodge and Roll","floor":2},{"not_picked":["Distraction","Quick Slash"],"picked":"Deadly Poison","floor":4},{"not_picked":["Blur","Quick Slash"],"picked":"Cloak And Dagger","floor":5},{"not_picked":["All Out Attack","Dagger Throw"],"picked":"Acrobatics","floor":7},{"not_picked":["Unload","Flying Knee","Riddle With Holes"],"picked":"SKIP","floor":12},{"not_picked":["Dagger Spray","Heel Hook"],"picked":"Acrobatics","floor":13}],"player_experience":118351,"relics_obtained":[{"floor":7,"key":"Potion Belt"},{"floor":9,"key":"Blood Vial"}],"event_choices":[{"damage_healed":0,"gold_gain":0,"player_choice":"Fled","damage_taken":0,"max_hp_gain":0,"max_hp_loss":0,"event_name":"Scrap Ooze","floor":3,"gold_loss":0},{"cards_removed":["Strike_G"],"damage_healed":0,"gold_gain":0,"player_choice":"Card Removal","damage_taken":7,"max_hp_gain":0,"max_hp_loss":0,"event_name":"Golden Wing","floor":11,"gold_loss":0},{"damage_healed":0,"gold_gain":175,"player_choice":"AGREE","damage_taken":0,"max_hp_gain":0,"max_hp_loss":0,"event_name":"Liars Game","floor":14,"gold_loss":0,"cards_obtained":["Doubt"]}],"is_beta":false,"boss_relics":[],"items_purged_floors":[10],"is_endless":false,"potions_floor_spawned":[2,4,12],"killed_by":"Slime Boss","ascension_level":1}