{"gold_per_floor":[116,116,21,21,46,79,79,92,92,92],"floor_reached":10,"playtime":243,"items_purged":[],"score":132,"play_id":"03ad6e35-f79c-4745-b111-406ca133c8cd","local_time":"20190218193709","is_ascension_mode":true,"campfire_choices":[],"neow_cost":"NONE","seed_source_timestamp":19603939454982,"circlet_count":0,"master_deck":["AscendersBane","Strike_B","Strike_B","Strike_B","Defend_B","Defend_B","Defend_B","Defend_B","Zap","Dualcast","Leap","FTL","Sweeping Beam","Reinforced Body","Leap"],"relics":["Cracked Core","Omamori","Golden Idol","Oddly Smooth Stone","Gremlin Horn"],"potions_floor_usage":[6],"damage_taken":[{"damage":10,"enemies":"2 Louse","floor":1,"turns":2},{"damage":2,"enemies":"Jaw Worm","floor":5,"turns":3},{"damage":30,"enemies":"Lagavulin","floor":6,"turns":8},{"damage":0,"enemies":"Cultist","floor":8,"turns":4},{"damage":14,"enemies":"Gremlin Gang","floor":10,"turns":2}],"seed_played":"1960388922283072991","potions_obtained":[{"floor":8,"key":"Ancient Potion"}],"is_trial":false,"path_per_floor":["M","?","$","?","M","E","$","M","T","M"],"character_chosen":"DEFECT","items_purchased":["FTL","Explosive Potion"],"campfire_rested":0,"item_purchase_floors":[3,3],"current_hp_per_floor":[54,47,47,47,45,15,15,15,15,1],"gold":92,"neow_bonus":"RANDOM_COMMON_RELIC","is_prod":false,"is_daily":false,"chose_seed":false,"campfire_upgraded":0,"win_rate":0,"timestamp":1550536629,"path_taken":["M","?","$","?","M","E","?","M","T","M"],"build_version":"2019-01-23","purchased_purges":0,"victory":false,"max_hp_per_floor":[71,71,71,64,64,64,64,64,64,64],"card_choices":[{"not_picked":["Turbo","Sweeping Beam"],"picked":"Leap","floor":1},{"not_picked":["Gash","Tempest"],"picked":"Sweeping Beam","floor":5},{"not_picked":["Go for the Eyes","Ball Lightning"],"picked":"Reinforced Body","floor":6},{"not_picked":["Stack","Barrage"],"picked":"Leap","floor":8}],"player_experience":304849,"relics_obtained":[{"floor":6,"key":"Oddly Smooth Stone"},{"floor":9,"key":"Gremlin Horn"}],"event_choices":[{"cards_removed":["Strike_B"],"damage_healed":0,"gold_gain":0,"player_choice":"Card Removal","damage_taken":7,"max_hp_gain":0,"max_hp_loss":0,"event_name":"Golden Wing","floor":2,"gold_loss":0},{"damage_healed":0,"gold_gain":0,"player_choice":"Lose Max HP","damage_taken":0,"relics_obtained":["Golden Idol"],"max_hp_gain":0,"max_hp_loss":7,"event_name":"Golden Idol","floor":4,"gold_loss":0}],"is_beta":false,"boss_relics":[],"items_purged_floors":[],"is_endless":false,"potions_floor_spawned":[8],"killed_by":"Gremlin Gang","ascension_level":20}