{"gold_per_floor":[118,118,29,29,42,42,73,73,73,92,92,92,108,143,143,236,236,254,179,160,85,103,103,119,159,159,159],"floor_reached":27,"playtime":1388,"items_purged":["Outmaneuver"],"score":482,"play_id":"dac6a0bc-3ad9-487b-bf09-bc92cba14e5b","local_time":"20181210222900","is_ascension_mode":true,"campfire_choices":[{"data":"Noxious Fumes","floor":6,"key":"SMITH"},{"floor":11,"key":"REST"},{"floor":15,"key":"REST"},{"floor":23,"key":"REST"}],"neow_cost":"NONE","seed_source_timestamp":1420058952721495,"circlet_count":0,"master_deck":["AscendersBane","Survivor","Neutralize","Poisoned Stab","Footwork","Noxious Fumes+1","Dodge and Roll","Crippling Poison+1","Backflip","Venomology","After Image","Prepared","Noxious Fumes","Bane+1","Outmaneuver+1","Escape Plan","Bouncing Flask","Quick Slash+1","Deadly Poison","PiercingWail","Backflip","PiercingWail","Tools of the Trade"],"relics":["Ring of the Snake","Regal Pillow","Molten Egg 2","Lantern","Golden Idol","Question Card","Blood Vial","Pandora\u0027s Box","War Paint","Prayer Wheel"],"potions_floor_usage":[14,20,22,22,25,25,27],"damage_taken":[{"damage":5,"enemies":"Small Slimes","floor":1,"turns":7},{"damage":0,"enemies":"2 Louse","floor":5,"turns":2},{"damage":20,"enemies":"Lagavulin","floor":7,"turns":9},{"damage":1,"enemies":"Jaw Worm","floor":10,"turns":3},{"damage":8,"enemies":"Looter","floor":13,"turns":4},{"damage":38,"enemies":"Gremlin Nob","floor":14,"turns":5},{"damage":23,"enemies":"The Guardian","floor":16,"turns":13},{"damage":5,"enemies":"3 Byrds","floor":18,"turns":4},{"damage":24,"enemies":"2 Thieves","floor":20,"turns":4},{"damage":9,"enemies":"Centurion and Healer","floor":22,"turns":7},{"damage":48,"enemies":"Snecko","floor":24,"turns":6},{"damage":12,"enemies":"Gremlin Leader","floor":25,"turns":8},{"damage":4,"enemies":"3 Cultists","floor":27,"turns":4}],"seed_played":"4191911366577855349","potions_obtained":[{"floor":1,"key":"Strength Potion"},{"floor":5,"key":"AttackPotion"},{"floor":24,"key":"Dexterity Potion"}],"is_trial":false,"path_per_floor":["M","?","$","?","M","R","E","?","T","M","R","?","M","E","R","B",null,"M","?","M","$","M","R","M","E","T","M"],"character_chosen":"THE_SILENT","items_purchased":["Footwork"],"campfire_rested":3,"item_purchase_floors":[3],"current_hp_per_floor":[54,59,59,48,48,48,28,28,28,27,61,61,53,15,49,28,55,52,52,30,30,23,57,11,1,1,0],"gold":159,"neow_bonus":"RANDOM_COMMON_RELIC","is_prod":false,"is_daily":false,"chose_seed":false,"campfire_upgraded":1,"win_rate":0,"timestamp":1544498940,"path_taken":["M","?","$","?","M","R","E","?","T","M","R","?","M","E","R","BOSS","M","?","M","$","M","R","M","E","T","M"],"build_version":"2018-12-06","purchased_purges":1,"victory":false,"max_hp_per_floor":[66,71,71,71,71,71,71,64,64,64,64,64,64,64,64,64,64,64,64,64,64,64,64,64,64,64,64],"card_choices":[{"not_picked":["Finisher","Quick Slash"],"picked":"Poisoned Stab","floor":1},{"not_picked":["Endless Agony+1","Dagger Spray+1"],"picked":"Noxious Fumes","floor":5},{"not_picked":["Underhanded Strike+1","Infinite Blades"],"picked":"Dodge and Roll","floor":7},{"not_picked":["Tactician","Quick Slash+1","Blur"],"picked":"Crippling Poison","floor":10},{"not_picked":["Poisoned Stab+1","Escape Plan","Catalyst"],"picked":"Backflip","floor":13},{"not_picked":["Deadly Poison","Dagger Throw+1","Dagger Spray+1"],"picked":"Venomology","floor":14},{"not_picked":["Tools of the Trade","Unload+1","A Thousand Cuts"],"picked":"After Image","floor":16},{"not_picked":["Deflect","Slice+1","Outmaneuver"],"picked":"PiercingWail","floor":18},{"not_picked":["Flying Knee+1","Underhanded Strike+1","Dodge and Roll"],"picked":"Backflip","floor":20},{"not_picked":["Poisoned Stab+1","Concentrate","Bane+1"],"picked":"PiercingWail","floor":22},{"not_picked":["Deadly Poison","Outmaneuver","Underhanded Strike+1","Accuracy"],"picked":"SKIP","floor":24},{"not_picked":["Underhanded Strike+1","Dagger Throw+1","Dash+1"],"picked":"Tools of the Trade","floor":25}],"player_experience":675123,"relics_obtained":[{"floor":7,"key":"Lantern"},{"floor":9,"key":"Question Card"},{"floor":14,"key":"Blood Vial"},{"floor":25,"key":"War Paint"},{"floor":26,"key":"Prayer Wheel"}],"event_choices":[{"damage_healed":0,"gold_gain":0,"player_choice":"Donut","damage_taken":0,"max_hp_gain":5,"max_hp_loss":0,"event_name":"Big Fish","floor":2,"gold_loss":0},{"damage_healed":0,"gold_gain":0,"player_choice":"Success","damage_taken":11,"relics_obtained":["Molten Egg 2"],"max_hp_gain":0,"max_hp_loss":0,"event_name":"Scrap Ooze","floor":4,"gold_loss":0},{"damage_healed":0,"gold_gain":0,"player_choice":"Lose Max HP","damage_taken":0,"relics_obtained":["Golden Idol"],"max_hp_gain":0,"max_hp_loss":7,"event_name":"Golden Idol","floor":8,"gold_loss":0},{"damage_healed":0,"gold_gain":0,"player_choice":"Searched \u00270\u0027 times","damage_taken":0,"max_hp_gain":0,"max_hp_loss":0,"event_name":"Dead Adventurer","floor":12,"gold_loss":0},{"cards_removed":["Outmaneuver"],"damage_healed":0,"gold_gain":0,"player_choice":"Gave Gold","damage_taken":0,"max_hp_gain":0,"max_hp_loss":0,"event_name":"Beggar","floor":19,"gold_loss":75}],"is_beta":false,"boss_relics":[{"not_picked":["Lizard Tail","Runic Dome"],"picked":"Pandora\u0027s Box"}],"items_purged_floors":[21],"is_endless":false,"potions_floor_spawned":[1,5,24],"killed_by":"3 Cultists","ascension_level":20}