{"gold_per_floor":[112,127,138,138,138,138,158,177,177,177,67,67,86,86,86,183,183,201,134,152,167,127,127,147,147,147,147,107,107,82,96,96,197,197,207,207,135,135,112,112,124,124,151,151,151,162,87,87,87,87],"floor_reached":51,"playtime":2717,"items_purged":["Pain"],"score":936,"play_id":"05c4b65d-eee8-4b72-8d61-0661682416c6","local_time":"20181212164028","is_ascension_mode":true,"campfire_choices":[{"data":"Zap","floor":6.0,"key":"SMITH"},{"data":"Dualcast","floor":12.0,"key":"SMITH"},{"floor":15.0,"key":"REST"},{"data":"Defragment","floor":23.0,"key":"SMITH"},{"data":"Defragment","floor":27.0,"key":"SMITH"},{"data":"Redo","floor":29.0,"key":"SMITH"},{"data":"Redo","floor":32.0,"key":"SMITH"},{"data":"Chaos","floor":40.0,"key":"SMITH"},{"data":"Capacitor","floor":42.0,"key":"SMITH"},{"data":"Barrage","floor":44.0,"key":"SMITH"},{"floor":49.0,"key":"REST"}],"neow_cost":"NONE","seed_source_timestamp":196196313364516,"circlet_count":0,"master_deck":["Defend_B","Defend_B","Zap+1","Dualcast+1","Machine Learning","Chaos+1","Cold Snap","Redo+1","Glacier","Melter","Leap","Defragment+1","FTL","Capacitor+1","Electrodynamics","Cold Snap+1","Defragment+1","Doom and Gloom","Doom and Gloom","Self Repair","Redo+1","Leap","Beam Cell","Self Repair","Barrage+1","Multi-Cast","Defragment+1","Glacier","Finesse","Dark Shackles","Blind","Go for the Eyes","Cold Snap+1","Sunder","Compile Driver+1"],"special_seed":0,"relics":["Cracked Core","Blue Candle","Anchor","Nuclear Battery","Darkstone Periapt","Cursed Key","Vajra"],"potions_floor_usage":[50,50],"damage_taken":[{"damage":9.0,"enemies":"Small Slimes","floor":1.0,"turns":4.0},{"damage":1.0,"enemies":"Cultist","floor":2.0,"turns":3.0},{"damage":7.0,"enemies":"Jaw Worm","floor":3.0,"turns":3.0},{"damage":0.0,"enemies":"Exordium Wildlife","floor":7.0,"turns":7.0},{"damage":0.0,"enemies":"Looter","floor":8.0,"turns":3.0},{"damage":0.0,"enemies":"Lots of Slimes","floor":13.0,"turns":3.0},{"damage":0.0,"enemies":"The Guardian","floor":16.0,"turns":11.0},{"damage":0.0,"enemies":"Chosen","floor":18.0,"turns":5.0},{"damage":6.0,"enemies":"2 Thieves","floor":20.0,"turns":5.0},{"damage":11.0,"enemies":"Centurion and Healer","floor":21.0,"turns":6.0},{"damage":7.0,"enemies":"Shelled Parasite and Fungi","floor":24.0,"turns":6.0},{"damage":1.0,"enemies":"Chosen and Byrds","floor":31.0,"turns":5.0},{"damage":46.0,"enemies":"Collector","floor":33.0,"turns":10.0},{"damage":0.0,"enemies":"3 Darklings","floor":35.0,"turns":3.0},{"damage":0.0,"enemies":"Orb Walker","floor":41.0,"turns":6.0},{"damage":27.0,"enemies":"Jaw Worm Horde","floor":46.0,"turns":4.0},{"damage":65,"enemies":"Awakened One","floor":50,"turns":16}],"seed_played":"464895665319662696","potions_obtained":[{"floor":3.0,"key":"Explosive Potion"},{"floor":8.0,"key":"AttackPotion"},{"floor":16.0,"key":"Poison Potion"},{"floor":33.0,"key":"EntropicBrew"},{"floor":35.0,"key":"Block Potion"},{"floor":46.0,"key":"Energy Potion"}],"is_trial":false,"path_per_floor":["M","M","M","$","?","R","M","M","T","?","$","R","M","?","R","B",null,"M","$","M","M","$","R","M","?","T","R","$","R","$","M","R","B",null,"M","$","$","?","$","R","M","R","T","R","?","M","$","?","R","B",null],"character_chosen":"DEFECT","items_purchased":["Defragment","FTL","Defragment","Self Repair","Self Repair","Barrage","Glacier","Go for the Eyes"],"campfire_rested":2,"item_purchase_floors":[11,11,19,22,28,30,37,39],"current_hp_per_floor":[59,58,51,51,51,51,51,51,51,44,44,44,44,44,66,66,73,73,73,67,56,56,56,56,56,56,56,56,56,56,69,69,37,66,66,66,66,56,56,56,70,70,76,76,76,63,63,63,81,16],"gold":87,"neow_bonus":"ONE_RANDOM_RARE_CARD","is_prod":false,"is_daily":false,"chose_seed":false,"campfire_upgraded":9,"win_rate":0,"timestamp":1544607628,"path_taken":["M","M","M","$","?","R","?","M","T","?","?","R","M","?","R","BOSS","M","$","M","M","?","R","M","?","T","R","?","R","$","?","R","BOSS","M","?","$","?","$","R","M","R","T","R","?","?","$","?","R","BOSS"],"build_version":"2018-12-06","purchased_purges":1,"victory":true,"max_hp_per_floor":[75,75,75,75,75,75,75,75,75,75,75,75,75,75,75,75,75,75,75,75,75,75,75,75,75,75,75,75,75,75,75,75,75,75,75,75,75,75,75,75,75,75,81,81,81,81,81,81,81,81],"card_choices":[{"not_picked":["Barrage","Darkness"],"picked":"Chaos","floor":1.0},{"not_picked":["Hologram","Leap"],"picked":"Cold Snap","floor":2.0},{"not_picked":["Gash","Sweeping Beam"],"picked":"Redo","floor":3.0},{"not_picked":["Auto Shields","Rebound"],"picked":"Melter","floor":7.0},{"not_picked":["Lockon","Chaos"],"picked":"Leap","floor":8.0},{"not_picked":["BootSequence","Multi-Cast"],"picked":"Capacitor","floor":13.0},{"not_picked":["Biased Cognition","All For One"],"picked":"Electrodynamics","floor":16.0},{"not_picked":["Reinforced Body+1","Turbo"],"picked":"Cold Snap+1","floor":18.0},{"not_picked":["Rebound","Rip and Tear"],"picked":"Doom and Gloom","floor":20.0},{"not_picked":["Steam","Reinforced Body+1"],"picked":"Doom and Gloom","floor":21.0},{"not_picked":["Beam Cell","Static Discharge"],"picked":"Redo","floor":24.0},{"not_picked":["Gash","Reprogram+1","All For One"],"picked":"SKIP","floor":31.0},{"not_picked":["Reboot","Hyperbeam"],"picked":"Multi-Cast","floor":33.0},{"not_picked":["Turbo","Coolheaded"],"picked":"Defragment+1","floor":35.0},{"not_picked":["PanicButton","Impatience"],"picked":"Finesse","floor":38.0},{"not_picked":["Transmutation","Forethought"],"picked":"Dark Shackles","floor":38.0},{"not_picked":["Purity","Madness"],"picked":"Blind","floor":38.0},{"not_picked":["Redo","Gash+1"],"picked":"Cold Snap+1","floor":41.0},{"not_picked":["Hologram+1","Turbo"],"picked":"Compile Driver+1","floor":46.0}],"player_experience":207836,"relics_obtained":[{"floor":9.0,"key":"Blue Candle"},{"floor":26.0,"key":"Darkstone Periapt"},{"floor":43.0,"key":"Vajra"}],"event_choices":[{"damage_healed":0.0,"max_hp_gain":0.0,"max_hp_loss":0.0,"gold_gain":0.0,"cards_transformed":["Strike_B"],"event_name":"Transmorgrifier","player_choice":"Transformed","floor":5.0,"gold_loss":0.0,"damage_taken":0.0,"cards_obtained":["Glacier"]},{"damage_healed":0.0,"max_hp_gain":0.0,"max_hp_loss":0.0,"gold_gain":0.0,"event_name":"Scrap Ooze","player_choice":"Success","floor":10.0,"gold_loss":0.0,"damage_taken":7.0,"relics_obtained":["Anchor"]},{"cards_removed":["Strike_B"],"damage_healed":0.0,"max_hp_gain":0.0,"max_hp_loss":0.0,"gold_gain":0.0,"event_name":"Purifier","player_choice":"Purged","floor":14.0,"gold_loss":0.0,"damage_taken":0.0},{"damage_healed":0.0,"max_hp_gain":0.0,"max_hp_loss":0.0,"gold_gain":0.0,"cards_transformed":["Strike_B","Strike_B"],"event_name":"Drug Dealer","player_choice":"Became Test Subject","floor":25.0,"gold_loss":0.0,"damage_taken":0.0,"cards_obtained":["Leap","Beam Cell"]},{"damage_healed":0.0,"max_hp_gain":0.0,"max_hp_loss":0.0,"gold_gain":0.0,"event_name":"SensoryStone","player_choice":"Memory 3","floor":38.0,"gold_loss":0.0,"damage_taken":10.0},{"damage_healed":0.0,"max_hp_gain":0.0,"max_hp_loss":0.0,"gold_gain":0.0,"cards_transformed":["Defend_B"],"event_name":"Transmorgrifier","player_choice":"Transformed","floor":45.0,"gold_loss":0.0,"damage_taken":0.0,"cards_obtained":["Sunder"]},{"cards_removed":["Defend_B"],"damage_healed":0.0,"max_hp_gain":0.0,"max_hp_loss":0.0,"gold_gain":0.0,"event_name":"Purifier","player_choice":"Purged","floor":48.0,"gold_loss":0.0,"damage_taken":0.0}],"is_beta":false,"boss_relics":[{"not_picked":["Runic Dome","Ectoplasm"],"picked":"Nuclear Battery"},{"not_picked":["White Beast Statue","Runic Pyramid"],"picked":"Cursed Key"}],"items_purged_floors":[47],"is_endless":false,"potions_floor_spawned":[3,8,16,24,31,33,35,46],"ascension_level":8}