{"gold_per_floor":[15,15,15,15,15,42,42,57,81,115,135,166,166,185,185,260,260,274,274,199,214,16,16,49,61,100,138,150,188,37,55,55,130,130,149,0,0,11,11,38,48,75,98,98,98,115,145,163,163,163,163,163,163,23,23],"floor_reached":55,"playtime":4101,"items_purged":["Strike_B"],"score":1993,"play_id":"4680bc44-408d-4d07-92b5-d2411297c44e","local_time":"20190210174308","is_ascension_mode":true,"campfire_choices":[{"floor":7.0,"key":"REST"},{"floor":13.0,"key":"REST"},{"data":"Tempest","floor":15.0,"key":"SMITH"},{"floor":23.0,"key":"REST"},{"floor":25.0,"key":"REST"},{"floor":32.0,"key":"RECALL"},{"floor":44,"key":"REST"},{"floor":49,"key":"DIG"},{"floor":53,"key":"REST"}],"neow_cost":"NO_GOLD","seed_source_timestamp":0,"circlet_count":0,"master_deck":["AscendersBane","Strike_B+1","Defend_B+1","Defend_B","Defend_B+1","Defend_B","Zap","Dualcast","Doom and Gloom+1","Electrodynamics","Conserve Battery","Skim","Ball Lightning","Creative AI+1","Tempest+1","Seek","Auto Shields","Defragment+1","Buffer+1","Glacier","Loop+1","Echo Form+1","Cold Snap","Heatsinks+1","Hologram+1","Reinforced Body","Parasite","Go for the Eyes","Reinforced Body","Coolheaded"],"special_seed":0,"relics":["Cracked Core","Regal Pillow","Whetstone","Question Card","Frozen Egg 2","Fusion Hammer","Centennial Puzzle","MawBank","Blood Vial","Ancient Tea Set","Bag of Preparation","Nuclear Battery","Red Mask","StoneCalendar","Blue Candle","Shovel","Bronze Scales"],"potions_floor_usage":[51,51,55],"damage_taken":[{"damage":2.0,"enemies":"Jaw Worm","floor":1.0,"turns":4.0},{"damage":24.0,"enemies":"Lagavulin","floor":6.0,"turns":6.0},{"damage":0.0,"enemies":"2 Louse","floor":8.0,"turns":1.0},{"damage":26.0,"enemies":"Gremlin Nob","floor":10.0,"turns":4.0},{"damage":0.0,"enemies":"Small Slimes","floor":11.0,"turns":2.0},{"damage":12.0,"enemies":"Lagavulin","floor":12.0,"turns":7.0},{"damage":5.0,"enemies":"Gremlin Gang","floor":14.0,"turns":2.0},{"damage":22.0,"enemies":"Slime Boss","floor":16.0,"turns":8.0},{"damage":19.0,"enemies":"Spheric Guardian","floor":18.0,"turns":4.0},{"damage":6.0,"enemies":"Chosen","floor":21.0,"turns":4.0},{"damage":45.0,"enemies":"Book of Stabbing","floor":24.0,"turns":5.0},{"damage":5.0,"enemies":"Slavers","floor":27.0,"turns":4.0},{"damage":0.0,"enemies":"Centurion and Healer","floor":31.0,"turns":6.0},{"damage":29.0,"enemies":"Champ","floor":33.0,"turns":22.0},{"damage":0.0,"enemies":"3 Shapes","floor":35.0,"turns":1.0},{"damage":0.0,"enemies":"Orb Walker","floor":38.0,"turns":4.0},{"damage":0.0,"enemies":"Giant Head","floor":40.0,"turns":10.0},{"damage":8.0,"enemies":"4 Shapes","floor":41.0,"turns":4.0},{"damage":23,"enemies":"Nemesis","floor":42,"turns":9},{"damage":0,"enemies":"Writhing Mass","floor":46,"turns":5},{"damage":13,"enemies":"Reptomancer","floor":47,"turns":6},{"damage":8,"enemies":"Spire Growth","floor":48,"turns":8},{"damage":33,"enemies":"Donu and Deca","floor":50,"turns":7},{"damage":30,"enemies":"Time Eater","floor":51,"turns":36},{"damage":81,"enemies":"Shield and Spear","floor":55,"turns":7}],"seed_played":"534811799970114652","potions_obtained":[{"floor":6.0,"key":"PowerPotion"},{"floor":11.0,"key":"Dexterity Potion"},{"floor":24.0,"key":"Block Potion"},{"floor":40.0,"key":"Explosive Potion"},{"floor":41.0,"key":"SkillPotion"}],"is_trial":false,"path_per_floor":["M","?","?","$","?","E","R","M","T","E","M","E","R","M","R","B",null,"M","?","?","M","$","R","E","R","T","E","?","T","$","M","R","B",null,"M","?","?","M","$","E","M","E","T","R","?","M","E","M","R","B","B",null,"R","$","E"],"character_chosen":"DEFECT","items_purchased":["Defragment+1","Centennial Puzzle","Loop+1","Ancient Potion","SpeedPotion"],"campfire_rested":6,"item_purchase_floors":[22,22,30,54,54],"current_hp_per_floor":[76,76,50,50,50,26,66,66,66,40,40,28,68,63,63,41,74,55,55,55,49,49,85,40,80,80,77,77,77,77,79,79,52,77,79,79,79,81,81,81,73,52,52,81,81,81,68,62,62,31,3,62,81,81,0],"gold":23,"neow_bonus":"TWENTY_PERCENT_HP_BONUS","is_prod":false,"is_daily":false,"chose_seed":false,"campfire_upgraded":1,"win_rate":0,"timestamp":1549838588,"path_taken":["M","?","?","?","?","E","R","M","T","E","M","E","R","?","R","BOSS","M","?","?","M","$","R","E","R","T","E","?","?","?","M","R","BOSS","M","?","?","M","?","E","?","E","T","R","?","M","E","M","R","BOSS","BOSS","R","$","E"],"build_version":"2019-01-23","purchased_purges":1,"victory":false,"max_hp_per_floor":[85,85,85,85,85,85,85,85,85,85,85,85,85,85,85,85,85,85,85,85,85,85,85,85,85,85,85,85,85,85,85,85,85,85,85,85,81,81,81,81,81,81,81,81,81,81,81,81,81,81,81,81,81,81,81],"card_choices":[{"not_picked":["Beam Cell","Static Discharge"],"picked":"Doom and Gloom","floor":1.0},{"not_picked":["Sunder","Gash"],"picked":"Electrodynamics","floor":6.0},{"not_picked":["Barrage","Stack"],"picked":"Conserve Battery","floor":8.0},{"not_picked":["Rebound","Hologram"],"picked":"Skim","floor":10.0},{"not_picked":["Coolheaded","Steam Power","Steam"],"picked":"Ball Lightning","floor":11.0},{"not_picked":["Conserve Battery","Barrage","Redo"],"picked":"Creative AI","floor":12.0},{"not_picked":["Doom and Gloom","Turbo","Hello World+1"],"picked":"Tempest","floor":14.0},{"not_picked":["Core Surge","Rainbow","Buffer+1"],"picked":"Seek","floor":16.0},{"not_picked":["Leap","Redo","Coolheaded"],"picked":"Auto Shields","floor":18.0},{"not_picked":["Chaos","Melter","Ball Lightning","Rip and Tear"],"picked":"SKIP","floor":21.0},{"not_picked":["Conserve Battery","Cold Snap","Ball Lightning"],"picked":"Buffer+1","floor":24.0},{"not_picked":["Static Discharge+1","Reprogram","Sweeping Beam","Stack"],"picked":"SKIP","floor":27.0},{"not_picked":["Scrape","Chaos","Force Field"],"picked":"Gash+1","floor":31.0},{"not_picked":["Core Surge","Meteor Strike","Fission"],"picked":"Echo Form+1","floor":33.0},{"not_picked":["Beam Cell+1","Steam","Barrage","Aggregate"],"picked":"SKIP","floor":35.0},{"not_picked":["Lockon+1","Streamline","Compile Driver"],"picked":"Cold Snap","floor":38.0},{"not_picked":["Meteor Strike","Defragment+1","Force Field"],"picked":"Heatsinks+1","floor":40.0},{"not_picked":["Loop+1","Genetic Algorithm+1","Turbo+1"],"picked":"Hologram+1","floor":41.0},{"not_picked":["Steam+1","Streamline","Stack"],"picked":"Reinforced Body","floor":42},{"not_picked":["Turbo","Electrodynamics+1","Streamline"],"picked":"Go for the Eyes","floor":46},{"not_picked":["Leap","Reprogram","Rebound"],"picked":"Reinforced Body","floor":47},{"not_picked":["Double Energy","Stack","Cold Snap"],"picked":"Coolheaded","floor":48}],"player_experience":816463,"relics_obtained":[{"floor":6.0,"key":"Regal Pillow"},{"floor":9.0,"key":"Whetstone"},{"floor":10.0,"key":"Question Card"},{"floor":12.0,"key":"Frozen Egg 2"},{"floor":24.0,"key":"MawBank"},{"floor":26.0,"key":"Blood Vial"},{"floor":27.0,"key":"Ancient Tea Set"},{"floor":29.0,"key":"Bag of Preparation"},{"floor":40.0,"key":"StoneCalendar"},{"floor":42,"key":"Blue Candle"},{"floor":47,"key":"Shovel"},{"floor":49,"key":"Bronze Scales"}],"event_choices":[{"damage_healed":0.0,"max_hp_gain":0.0,"max_hp_loss":0.0,"gold_gain":0.0,"event_name":"Liars Game","player_choice":"Ignored","floor":2.0,"gold_loss":0.0,"damage_taken":0.0},{"damage_healed":0.0,"max_hp_gain":0.0,"max_hp_loss":0.0,"gold_gain":0.0,"event_name":"Shining Light","player_choice":"Entered Light","floor":3.0,"gold_loss":0.0,"damage_taken":26.0,"cards_upgraded":["Defend_B","Defend_B"]},{"cards_removed":["Strike_B"],"damage_healed":0.0,"max_hp_gain":0.0,"max_hp_loss":0.0,"gold_gain":0.0,"event_name":"Purifier","player_choice":"Purged","floor":5.0,"gold_loss":0.0,"damage_taken":0.0},{"damage_healed":0.0,"max_hp_gain":0.0,"max_hp_loss":0.0,"gold_gain":0.0,"event_name":"Vampires","player_choice":"Ignored","floor":19.0,"gold_loss":0.0,"damage_taken":0.0},{"cards_removed":["Strike_B"],"damage_healed":0.0,"max_hp_gain":0.0,"max_hp_loss":0.0,"gold_gain":0.0,"event_name":"Beggar","player_choice":"Gave Gold","floor":20.0,"gold_loss":75.0,"damage_taken":0.0},{"damage_healed":0.0,"max_hp_gain":0.0,"max_hp_loss":0.0,"gold_gain":0.0,"event_name":"The Library","player_choice":"Read","floor":28.0,"gold_loss":0.0,"damage_taken":0.0,"cards_obtained":["Glacier"]},{"damage_healed":0.0,"max_hp_gain":0.0,"max_hp_loss":0.0,"gold_gain":0.0,"event_name":"Tomb of Lord Red Mask","player_choice":"Paid","floor":36.0,"gold_loss":149.0,"damage_taken":0.0,"relics_obtained":["Red Mask"]},{"damage_healed":0.0,"max_hp_gain":0.0,"max_hp_loss":4.0,"gold_gain":0.0,"event_name":"Winding Halls","player_choice":"Max HP","floor":37.0,"gold_loss":0.0,"damage_taken":0.0},{"cards_removed":["Gash"],"damage_healed":0,"gold_gain":0,"player_choice":"Removed Attack","damage_taken":0,"max_hp_gain":0,"max_hp_loss":0,"event_name":"Falling","floor":45,"gold_loss":0}],"is_beta":false,"boss_relics":[{"not_picked":["Velvet Choker","White Beast Statue"],"picked":"Fusion Hammer"},{"not_picked":["Orrery","Philosopher\u0027s Stone"],"picked":"Nuclear Battery"}],"items_purged_floors":[30],"is_endless":false,"potions_floor_spawned":[6,11,12,16,18,21,24,40,41,42,48],"killed_by":"Shield and Spear","ascension_level":20}