{"path_per_floor":["M","$","?","?","M","R","E","$","T","E","M","E","R","?","R","B",null,"M","?","?","$","?","R","E","$","T","M","R","M","M","M","R","B",null,"M","M","?","M","M","R","?","R","T","?","$","E","M","?","R","B"],"character_chosen":"THE_SILENT","items_purchased":["Noxious Fumes","Bouncing Flask","Bottled Lightning"],"gold_per_floor":[20,20,20,20,34,34,67,33,33,71,96,135,135,115,115,235,235,218,143,143,24,24,24,68,18,18,36,36,60,75,89,89,214,214,232,253,253,276,289,289,289,289,341,341,40,73,87,420,420,420],"floor_reached":51,"campfire_rested":3,"playtime":2494,"current_hp_per_floor":[62,62,67,67,63,63,38,38,38,23,18,10,32,32,54,47,68,63,63,63,63,63,63,68,68,68,68,68,64,64,50,50,47,68,68,55,55,22,22,44,44,44,44,63,63,63,63,63,63,40],"items_purged":["Strike_G","Strike_G","Writhe"],"gold":420,"score":1095,"play_id":"fa617392-6283-4f4b-be61-ecd1e9861312","local_time":"20180408002844","is_prod":false,"is_daily":false,"is_ascension_mode":true,"campfire_upgraded":6,"timestamp":1523165324,"path_taken":["M","?","?","?","M","R","E","$","T","E","M","E","R","?","R","BOSS","M","?","?","?","?","R","E","$","T","M","R","?","?","M","R","BOSS","M","?","?","M","M","R","?","R","T","?","$","E","?","?","R","BOSS"],"build_version":"2018-04-05v2","purchased_purges":3,"victory":true,"master_deck":["Defend_G","Defend_G","Defend_G","Defend_G","Defend_G","Survivor","Neutralize","After Image","Dodge and Roll","Noxious Fumes+1","Blur","Noxious Fumes+1","Dagger Throw","Prepared","Deadly Poison","Tools of the Trade","Bouncing Flask+1","Footwork+1","Cloak And Dagger+1","Prepared+1","Footwork+1","Die Die Die","Dodge and Roll+1","Underhanded Strike+1","Escape Plan+1","Calculated Gamble","After Image","Calculated Gamble+1","Crippling Poison+1","Tools of the Trade","Bouncing Flask"],"max_hp_per_floor":[70,70,75,75,75,75,75,75,75,75,75,75,75,75,75,75,75,75,75,75,75,75,75,75,75,75,75,75,75,75,75,75,75,75,75,75,75,75,75,75,75,75,75,75,75,75,75,75,75,75],"relics":["Ring of the Snake","Anchor","Kunai","Tough Bandages","Ginger","Runic Dome","Smiling Mask","Bronze Scales","Gambling Chip","Astrolabe","Snake Skull","Bottled Lightning","Calipers"],"card_choices":[{"not_picked":["Grand Finale","Envenom"],"picked":"After Image","floor":0},{"not_picked":["Backflip","Outmaneuver"],"picked":"Dodge and Roll","floor":1},{"not_picked":["Distraction","Prepared"],"picked":"Noxious Fumes","floor":5},{"not_picked":["Tools of the Trade","Eviscerate"],"picked":"Blur","floor":7},{"not_picked":["Deflect","Reflex"],"picked":"Dagger Throw","floor":10},{"not_picked":["Deflect","Sucker Punch"],"picked":"Prepared","floor":11},{"not_picked":["Finisher","Flying Knee"],"picked":"Deadly Poison","floor":12},{"not_picked":["Tactician","Grand Finale"],"picked":"Tools of the Trade","floor":16},{"not_picked":["Reflex","PiercingWail"],"picked":"Cloak And Dagger","floor":24},{"not_picked":["Outmaneuver","Slice"],"picked":"Prepared","floor":27},{"not_picked":["Sucker Punch","Concentrate"],"picked":"Footwork","floor":31},{"not_picked":["Phantasmal Killer","Glass Knife"],"picked":"Die Die Die","floor":33},{"not_picked":["Bane","Cloak And Dagger"],"picked":"Calculated Gamble","floor":35},{"not_picked":["Sucker Punch","Outmaneuver"],"picked":"Calculated Gamble","floor":38},{"not_picked":["Masterful Stab","Terror"],"picked":"Crippling Poison","floor":39},{"not_picked":["Backstab","Leg Sweep"],"picked":"Tools of the Trade","floor":46},{"not_picked":["Flechettes","Bane"],"picked":"Bouncing Flask","floor":47}],"player_experience":254285,"potions_floor_usage":[10,16,24,33,35,50,50,50],"damage_taken":[{"damage":1,"enemies":"Cultist","floor":1,"turns":5},{"damage":4,"enemies":"Small Slimes","floor":5,"turns":6},{"damage":25,"enemies":"Lagavulin","floor":7,"turns":9},{"damage":15,"enemies":"Gremlin Nob","floor":10,"turns":5},{"damage":5,"enemies":"Jaw Worm","floor":11,"turns":5},{"damage":8,"enemies":"3 Sentries","floor":12,"turns":6},{"damage":7,"enemies":"Slime Boss","floor":16,"turns":10},{"damage":5,"enemies":"2 Thieves","floor":18,"turns":4},{"damage":10,"enemies":"Book of Stabbing","floor":24,"turns":7},{"damage":0,"enemies":"3 Byrds","floor":27,"turns":4},{"damage":4,"enemies":"Centurion and Healer","floor":29,"turns":6},{"damage":0,"enemies":"Slaver and Parasite","floor":30,"turns":5},{"damage":14,"enemies":"Chosen and Byrds","floor":31,"turns":6},{"damage":3,"enemies":"Champ","floor":33,"turns":14},{"damage":0,"enemies":"3 Shapes","floor":35,"turns":3},{"damage":13,"enemies":"3 Darklings","floor":36,"turns":4},{"damage":33,"enemies":"4 Shapes","floor":38,"turns":7},{"damage":0,"enemies":"Sphere and 2 Shapes","floor":39,"turns":5},{"damage":0,"enemies":"Nemesis","floor":46,"turns":9},{"damage":0,"enemies":"3 Darklings","floor":47,"turns":5},{"damage":23,"enemies":"Donu and Deca","floor":50,"turns":9}],"event_choices":[{"event_name":"Big Fish","player_choice":"Donut","floor":3,"damage_taken":0},{"event_name":"Golden Idol","player_choice":"Take Wound","floor":4,"damage_taken":0},{"event_name":"The Woman in Blue","player_choice":"Bought 1 Potion","floor":14,"damage_taken":0},{"event_name":"Beggar","player_choice":"Gave Gold","floor":19,"damage_taken":0},{"event_name":"The Mausoleum","player_choice":"Yes","floor":20,"damage_taken":0},{"event_name":"The Library","player_choice":"Read","floor":22,"damage_taken":0},{"event_name":"Match and Keep!","player_choice":"1 cards matched","floor":37,"damage_taken":0},{"event_name":"Tomb of Lord Red Mask","player_choice":"Ignored","floor":41,"damage_taken":0},{"event_name":"Winding Halls","player_choice":"Writhe","floor":44,"damage_taken":0},{"event_name":"The Moai Head","player_choice":"Gave Idol","floor":48,"damage_taken":0}],"boss_relics":[{"not_picked":["White Beast Statue","Cursed Key"],"picked":"Runic Dome"},{"not_picked":["Eternal Feather","Calling Bell"],"picked":"Astrolabe"}],"potions_floor_spawned":[7,11,12,16,27,29,30,31,38,46],"seed_played":"-6646481584095232935","ascension_level":9,"is_trial":false}