{"path_per_floor":["M","?","?","$","M","E","M","R","T","R","?","M","M","E","R","B",null,"M","M","$","?","M","E","R"],"character_chosen":"THE_SILENT","items_purchased":["Girya","Toolbox"],"gold_per_floor":[20,20,20,20,33,376,397,397,397,397,397,422,440,484,484,615,615,635,658,12,12,35,78,78],"floor_reached":25,"campfire_rested":0,"playtime":1284,"current_hp_per_floor":[69,69,65,65,63,41,31,31,31,31,31,31,28,20,20,12,65,57,30,30,30,16,7,7],"items_purged":["Strike_G"],"gold":78,"score":231,"play_id":"52a3754a-3316-4dae-950f-436e0be14581","is_prod":false,"is_daily":false,"is_ascension_mode":false,"campfire_upgraded":3,"path_taken":["M","?","?","$","M","E","M","R","T","R","?","M","M","E","R","BOSS","M","M","$","?","?","E","R","M"],"build_version":"2018-02-08-PROD1","purchased_purges":1,"victory":false,"master_deck":["Defend_G","Defend_G","Defend_G","Strike_G","Survivor","Neutralize+1","Wraith Form","Dagger Spray+1","Backflip+1","Poisoned Stab","Flying Knee","Infinite Blades","Backstab+1","Backflip","Terror","Tools of the Trade","Unload","Poisoned Stab","Bouncing Flask","Deflect"],"max_hp_per_floor":[70,70,65,65,65,65,65,65,65,65,65,65,65,65,65,65,65,65,65,65,65,65,65,65],"relics":["Ring of the Snake","Golden Idol","Old Coin","Frozen Eye","Whetstone","Black Star","Girya","Toolbox","Dodecahedron","Bottled Tornado"],"card_choices":[{"not_picked":["Outmaneuver","PiercingWail"],"picked":"Backflip"},{"not_picked":["Backflip","Dodge and Roll"],"picked":"Flying Knee"},{"not_picked":["Masterful Stab","Backflip"],"picked":"Infinite Blades"},{"not_picked":["Bouncing Flask","Acrobatics"],"picked":"Backstab"},{"not_picked":["Underhanded Strike","Catalyst"],"picked":"Backflip"},{"not_picked":["Deflect","Flying Knee"],"picked":"Terror"},{"not_picked":["Deflect","Backflip"],"picked":"Tools of the Trade"},{"not_picked":["Corpse Explosion","Wraith Form"],"picked":"Unload"},{"not_picked":["Riddle With Holes","Glass Knife"],"picked":"Poisoned Stab"},{"not_picked":["Outmaneuver","Backflip"],"picked":"Bouncing Flask"},{"not_picked":["Skewer","Quick Slash"],"picked":"Deflect"}],"player_experience":61830,"potions_floor_usage":[16,23,23,23],"damage_taken":[{"damage":1,"enemies":"Jaw Worm","floor":1,"turns":4},{"damage":2,"enemies":"2 Louse","floor":5,"turns":2},{"damage":22,"enemies":"3 Sentries","floor":6,"turns":7},{"damage":10,"enemies":"Small Slimes","floor":7,"turns":3},{"damage":0,"enemies":"3 Louse","floor":12,"turns":1},{"damage":3,"enemies":"Large Slime","floor":13,"turns":4},{"damage":8,"enemies":"Gremlin Nob","floor":14,"turns":3},{"damage":8,"enemies":"Hexaghost","floor":16,"turns":9},{"damage":8,"enemies":"Chosen","floor":18,"turns":5},{"damage":27,"enemies":"Spheric Guardian","floor":19,"turns":6},{"damage":14,"enemies":"Snake Plant","floor":22,"turns":4},{"damage":9,"enemies":"Slavers","floor":23,"turns":7},{"damage":10,"enemies":"Slaver and Parasite","floor":25,"turns":5}],"event_choices":[{"event_name":"Living Wall","player_choice":"Change","floor":2,"damage_taken":0},{"event_name":"Golden Idol","player_choice":"Lose Max HP","floor":3,"damage_taken":0},{"event_name":"Bonfire Elementals","player_choice":"BASIC","floor":11,"damage_taken":0},{"event_name":"Back to Basics","player_choice":"Elegance","floor":21,"damage_taken":0}],"boss_relics":[{"not_picked":["Orrery","Philosopher\u0027s Stone"],"picked":"Black Star"}],"potions_floor_spawned":[7,12,19,22],"seed_played":"1668246876315647452","killed_by":"Slaver and Parasite","ascension_level":0,"is_trial":false}