{"path_per_floor":["M","?","M","T","$","E","R","?","T","M","R","$","M","E","R","B"],"character_chosen":"THE_SILENT","items_purchased":["Bronze Scales","Slice","Blade Dance"],"gold_per_floor":[113,188,202,202,6,38,38,38,38,48,48,14,29,62,62,166],"floor_reached":17,"campfire_rested":0,"playtime":961,"current_hp_per_floor":[63,52,50,50,50,35,35,28,42,42,42,42,42,33,33,13],"items_purged":[],"gold":166,"score":179,"play_id":"58ebb917-147e-4531-8a2a-2ef7551e206a","is_prod":false,"is_daily":false,"is_ascension_mode":true,"campfire_upgraded":3,"path_taken":["M","?","?","?","$","E","R","?","T","M","R","?","M","E","R","BOSS"],"build_version":"2018-02-12-PROD1","purchased_purges":1,"victory":false,"master_deck":["Defend_G","Defend_G","Defend_G","Defend_G","Defend_G","Strike_G","Strike_G","Strike_G","Strike_G","Survivor","Neutralize","Malaise+1","Heel Hook","Slice","Endless Agony+1","Crippling Poison+1","Blade Dance","Endless Agony","Malaise","Venomology"],"max_hp_per_floor":[63,63,63,63,63,63,63,63,77,77,77,77,77,77,77,77],"relics":["Ring of the Snake","Gambling Chip","Unceasing Top","Bronze Scales","Oddly Smooth Stone","Mango","Toolbox","Orrery"],"card_choices":[{"not_picked":["Prepared","Acrobatics"],"picked":"Malaise"},{"not_picked":["Slice","Quick Slash"],"picked":"Heel Hook"},{"not_picked":["Sucker Punch","Underhanded Strike"],"picked":"Endless Agony"},{"not_picked":["Cloak And Dagger","Poisoned Stab"],"picked":"Crippling Poison"},{"not_picked":["Cloak And Dagger","Calculated Gamble"],"picked":"Endless Agony"},{"not_picked":["Blade Dance","Footwork"],"picked":"Malaise"},{"not_picked":["Unload","Corpse Explosion"],"picked":"Venomology"}],"player_experience":92856,"potions_floor_usage":[16,16],"damage_taken":[{"damage":0,"enemies":"2 Louse","floor":1,"turns":3},{"damage":2,"enemies":"Small Slimes","floor":3,"turns":4},{"damage":15,"enemies":"3 Sentries","floor":6,"turns":10},{"damage":0,"enemies":"Blue Slaver","floor":10,"turns":3},{"damage":0,"enemies":"2 Fungi Beasts","floor":13,"turns":3},{"damage":9,"enemies":"Lagavulin","floor":14,"turns":8},{"damage":35,"enemies":"Slime Boss","floor":16,"turns":18}],"event_choices":[{"event_name":"World of Goop","player_choice":"Gather Gold","floor":2,"damage_taken":0},{"event_name":"Golden Wing","player_choice":"Card Removal","floor":8,"damage_taken":0}],"boss_relics":[{"not_picked":["Philosopher\u0027s Stone","Question Card"],"picked":"Orrery"}],"potions_floor_spawned":[6,14],"seed_played":"-4902867447601658254","ascension_level":2,"is_trial":false}