{"gold_per_floor":[116,116,46,62,72,105,105,119,119,119,139,153,153,165,165,269,269,279,290,390,409,25,25,42,61,107,14,14,14,34,44,44,149,149,167,183,70,82,31,31,31,42,42,42],"floor_reached":44,"playtime":3355,"items_purged":["Strike_B"],"score":513,"play_id":"5438b628-07c7-4f8c-bff9-d7e0648c8237","local_time":"20181126205412","is_ascension_mode":true,"campfire_choices":[{"floor":7.0,"key":"REST"},{"data":"Zap","floor":10.0,"key":"SMITH"},{"data":"Sunder","floor":13.0,"key":"SMITH"},{"data":"Echo Form","floor":15.0,"key":"SMITH"},{"data":"Apotheosis","floor":23.0,"key":"SMITH"},{"data":"BootSequence","floor":29.0,"key":"SMITH"},{"floor":32.0,"key":"REST"},{"data":"Seek","floor":40.0,"key":"SMITH"}],"neow_cost":"NONE","seed_source_timestamp":262464813951897,"circlet_count":0,"master_deck":["Strike_B","Strike_B","Strike_B","Defend_B","Defend_B","Defend_B","Defend_B","Zap+1","Dualcast","Sunder+1","Hologram","Conserve Battery","Self Repair","BootSequence+1","Coolheaded","Loop","Echo Form+1","Creative AI","Melter+1","Conserve Battery","Apotheosis+1","Double Energy+1","Purity","FTL","Seek+1","Capacitor","Go for the Eyes","Cold Snap","Glacier","Echo Form","Cold Snap+1","Skim","Parasite","Darkness+1"],"special_seed":0,"relics":["Cracked Core","NeowsBlessing","Question Card","Nunchaku","Mango","Philosopher\u0027s Stone","HandDrill","Anchor","Orrery","Matryoshka"],"potions_floor_usage":[],"damage_taken":[{"damage":0.0,"enemies":"Cultist","floor":1.0,"turns":1.0},{"damage":0.0,"enemies":"Small Slimes","floor":4.0,"turns":1.0},{"damage":0.0,"enemies":"Jaw Worm","floor":5.0,"turns":1.0},{"damage":48.0,"enemies":"3 Sentries","floor":6.0,"turns":9.0},{"damage":4.0,"enemies":"3 Louse","floor":8.0,"turns":4.0},{"damage":5.0,"enemies":"Exordium Wildlife","floor":11.0,"turns":3.0},{"damage":0.0,"enemies":"2 Fungi Beasts","floor":12.0,"turns":3.0},{"damage":0.0,"enemies":"Large Slime","floor":14.0,"turns":4.0},{"damage":10.0,"enemies":"The Guardian","floor":16.0,"turns":9.0},{"damage":0.0,"enemies":"Shell Parasite","floor":18.0,"turns":4.0},{"damage":2.0,"enemies":"Chosen","floor":19.0,"turns":5.0},{"damage":17.0,"enemies":"Centurion and Healer","floor":21.0,"turns":7.0},{"damage":17.0,"enemies":"Snake Plant","floor":24.0,"turns":4.0},{"damage":0.0,"enemies":"Cultist and Chosen","floor":25.0,"turns":9.0},{"damage":35.0,"enemies":"3 Cultists","floor":30.0,"turns":6.0},{"damage":11.0,"enemies":"Snake Plant","floor":31.0,"turns":3.0},{"damage":38.0,"enemies":"Automaton","floor":33.0,"turns":13.0},{"damage":10.0,"enemies":"Orb Walker","floor":35.0,"turns":5.0},{"damage":12.0,"enemies":"3 Shapes","floor":36.0,"turns":7.0},{"damage":9.0,"enemies":"Maw","floor":38.0,"turns":12.0},{"damage":0.0,"enemies":"Reptomancer","floor":41.0,"turns":1.0},{"damage":44.0,"enemies":"Writhing Mass","floor":42.0,"turns":8.0},{"damage":50,"enemies":"4 Shapes","floor":44,"turns":3}],"seed_played":"239512372334572220","potions_obtained":[{"floor":4.0,"key":"Strength Potion"},{"floor":6.0,"key":"Strength Potion"},{"floor":8.0,"key":"Explosive Potion"},{"floor":18.0,"key":"EntropicBrew"},{"floor":25.0,"key":"AttackPotion"},{"floor":31.0,"key":"Energy Potion"},{"floor":35.0,"key":"Dexterity Potion"},{"floor":36.0,"key":"FocusPotion"}],"is_trial":false,"path_per_floor":["M","?","$","M","M","E","R","M","T","R","M","M","R","M","R","B",null,"M","M","?","M","$","R","M","M","T","$","?","R","M","M","R","B",null,"M","M","$","M","$","R","E","M","T","M"],"character_chosen":"DEFECT","items_purchased":["Sunder","Apotheosis","HandDrill","Purity","Skim","Weak Potion"],"campfire_rested":2,"item_purchase_floors":[3,22,22,27,37,39],"current_hp_per_floor":[75,75,75,75,75,27,49,52,66,66,68,75,75,82,82,72,89,89,89,89,79,79,79,72,82,82,82,82,82,47,36,62,24,89,79,77,77,78,78,78,78,41,41,0],"gold":42,"neow_bonus":"THREE_ENEMY_KILL","is_prod":false,"is_daily":false,"chose_seed":false,"campfire_upgraded":6,"win_rate":0,"timestamp":1543233252,"path_taken":["M","?","$","?","M","E","R","M","T","R","M","M","R","M","R","BOSS","M","M","?","M","?","R","M","?","T","$","?","R","M","M","R","BOSS","M","M","$","M","$","R","E","M","T","?"],"build_version":"2018-11-15","purchased_purges":1,"victory":false,"max_hp_per_floor":[75,75,75,75,75,75,75,75,89,89,89,89,89,89,89,89,89,89,89,89,89,89,89,89,89,89,89,89,89,89,89,89,89,89,89,89,89,89,89,89,89,89,89,89],"card_choices":[{"not_picked":["Turbo","Rebound"],"picked":"Coolheaded","floor":1.0},{"not_picked":["Ball Lightning","Compile Driver","Redo"],"picked":"Hologram","floor":4.0},{"not_picked":["Chill","Darkness","Rebound"],"picked":"Conserve Battery","floor":5.0},{"not_picked":["Rebound","Steam","Fission"],"picked":"Self Repair","floor":6.0},{"not_picked":["Steam","Redo","Rebound"],"picked":"BootSequence","floor":8.0},{"not_picked":["Streamline","Redo","Heatsinks"],"picked":"Coolheaded","floor":11.0},{"not_picked":["Ball Lightning","Streamline","Turbo"],"picked":"Loop","floor":12.0},{"not_picked":["Self Repair","Conserve Battery","Stack"],"picked":"Echo Form","floor":14.0},{"not_picked":["Meteor Strike","Rainbow","Amplify"],"picked":"Creative AI","floor":16.0},{"not_picked":["Steam","Storm","Ball Lightning"],"picked":"Melter+1","floor":18.0},{"not_picked":["Streamline","Storm","Beam Cell"],"picked":"Conserve Battery","floor":19.0},{"not_picked":["Rebound","Gash","Beam Cell","Steam+1"],"picked":"SKIP","floor":21.0},{"not_picked":["Static Discharge","Barrage","Leap"],"picked":"Double Energy+1","floor":24.0},{"not_picked":["Beam Cell","Reinforced Body","Leap","Rebound+1"],"picked":"SKIP","floor":25.0},{"not_picked":["Turbo+1","Barrage","Steam Power"],"picked":"FTL","floor":30.0},{"not_picked":["Rebound+1","Electrodynamics","Coolheaded","Auto Shields+1"],"picked":"SKIP","floor":31.0},{"not_picked":["Thunder Strike","Reboot","Machine Learning"],"picked":"Seek","floor":33.0},{"not_picked":["Stack","Conserve Battery","Rebound"],"picked":"Capacitor","floor":34.0},{"not_picked":["Coolheaded+1","Auto Shields","Redo+1"],"picked":"Go for the Eyes","floor":34.0},{"not_picked":["Sweeping Beam","Streamline","Redo+1"],"picked":"Cold Snap","floor":34.0},{"not_picked":["Loop","Steam","Compile Driver"],"picked":"Glacier","floor":34.0},{"not_picked":["Compile Driver","Genetic Algorithm","Reprogram"],"picked":"Echo Form","floor":34.0},{"not_picked":["Fusion+1","Sweeping Beam+1","Steam+1","Turbo+1"],"picked":"SKIP","floor":35.0},{"not_picked":["Hello World","Melter","Sweeping Beam+1"],"picked":"Cold Snap+1","floor":36.0},{"not_picked":["Capacitor","Gash+1","Undo+1","Hello World"],"picked":"SKIP","floor":38.0},{"not_picked":["Doom and Gloom","Leap+1","Conserve Battery"],"picked":"Darkness+1","floor":42.0}],"player_experience":113221,"relics_obtained":[{"floor":6.0,"key":"Nunchaku"},{"floor":9.0,"key":"Mango"},{"floor":26.0,"key":"Anchor"},{"floor":43.0,"key":"Matryoshka"}],"event_choices":[{"cards_removed":["Coolheaded"],"damage_healed":0.0,"max_hp_gain":0.0,"max_hp_loss":0.0,"gold_gain":0.0,"event_name":"WeMeetAgain","player_choice":"Gave Card","floor":2.0,"gold_loss":0.0,"damage_taken":0.0,"relics_obtained":["Question Card"]},{"damage_healed":0.0,"max_hp_gain":0.0,"max_hp_loss":0.0,"gold_gain":100.0,"event_name":"Golden Shrine","player_choice":"Pray","floor":20.0,"gold_loss":0.0,"damage_taken":0.0},{"damage_healed":0.0,"max_hp_gain":0.0,"max_hp_loss":0.0,"gold_gain":0.0,"event_name":"Match and Keep!","player_choice":"0 cards matched","floor":28.0,"gold_loss":0.0,"damage_taken":0.0,"cards_obtained":[]}],"is_beta":false,"boss_relics":[{"not_picked":["Sozu","Black Star"],"picked":"Philosopher\u0027s Stone"},{"not_picked":["Runic Dome","Cursed Key"],"picked":"Orrery"}],"items_purged_floors":[37],"is_endless":false,"potions_floor_spawned":[4,6,8,18,25,31,35,36],"killed_by":"4 Shapes","ascension_level":3}