{"gold_per_floor":[118,118,118,130,143,143,157,157,157,177,177,208,208,218,218,319,319,337,190,203,215,215,215,241,241,241,241,257,182,196,215,215,215],"floor_reached":33,"playtime":1731,"items_purged":[],"score":388,"play_id":"2f066b56-d811-4ccc-b028-e40f719ff19f","local_time":"20181204232735","is_ascension_mode":true,"campfire_choices":[{"data":"Dualcast","floor":6.0,"key":"SMITH"},{"data":"Redo","floor":8.0,"key":"SMITH"},{"data":"Self Repair","floor":11.0,"key":"SMITH"},{"data":"Go for the Eyes","floor":13.0,"key":"SMITH"},{"data":"Conserve Battery","floor":15.0,"key":"SMITH"},{"floor":23.0,"key":"REST"},{"data":"Consume","floor":25.0,"key":"SMITH"},{"data":"Redo","floor":27.0,"key":"SMITH"},{"floor":32.0,"key":"REST"}],"neow_cost":"NONE","seed_source_timestamp":532918905113868,"circlet_count":0,"master_deck":["Strike_B","Strike_B","Strike_B","Defend_B","Defend_B","Defend_B","Defend_B","Zap+1","Dualcast+1","Conserve Battery+1","Redo+1","Go for the Eyes+1","Doom and Gloom","Self Repair+1","Skim","Ball Lightning","Electrodynamics","Consume+1","Redo+1","Coolheaded","Auto Shields","BootSequence","Double Energy"],"special_seed":0,"relics":["Cracked Core","NeowsBlessing","Pear","FossilizedHelix","Sundial","Cursed Key","Omamori","Orichalcum","Regal Pillow"],"potions_floor_usage":[33],"damage_taken":[{"damage":0.0,"enemies":"2 Louse","floor":1.0,"turns":1.0},{"damage":0.0,"enemies":"Jaw Worm","floor":4.0,"turns":1.0},{"damage":0.0,"enemies":"Cultist","floor":5.0,"turns":1.0},{"damage":9.0,"enemies":"Large Slime","floor":7.0,"turns":6.0},{"damage":0.0,"enemies":"3 Louse","floor":10.0,"turns":3.0},{"damage":12.0,"enemies":"Gremlin Nob","floor":12.0,"turns":5.0},{"damage":0.0,"enemies":"Gremlin Gang","floor":14.0,"turns":3.0},{"damage":36.0,"enemies":"Hexaghost","floor":16.0,"turns":8.0},{"damage":0.0,"enemies":"Chosen","floor":18.0,"turns":4.0},{"damage":12.0,"enemies":"Spheric Guardian","floor":20.0,"turns":4.0},{"damage":15.0,"enemies":"Snake Plant","floor":21.0,"turns":4.0},{"damage":30.0,"enemies":"Gremlin Leader","floor":24.0,"turns":8.0},{"damage":9.0,"enemies":"Chosen and Byrds","floor":28.0,"turns":4.0},{"damage":7.0,"enemies":"Centurion and Healer","floor":30.0,"turns":6.0},{"damage":46.0,"enemies":"Cultist and Chosen","floor":31.0,"turns":7.0},{"damage":90,"enemies":"Champ","floor":33,"turns":11}],"seed_played":"-7743467428753543739","potions_obtained":[{"floor":5.0,"key":"Strength Potion"},{"floor":14.0,"key":"Swift Potion"},{"floor":16.0,"key":"LiquidBronze"},{"floor":20.0,"key":"Block Potion"},{"floor":28.0,"key":"FearPotion"},{"floor":31.0,"key":"SpeedPotion"}],"is_trial":false,"path_per_floor":["M","?","?","M","M","R","M","R","T","M","R","E","R","M","R","B",null,"M","$","M","M","?","R","E","R","T","R","M","?","M","M","R","B"],"character_chosen":"DEFECT","items_purchased":["Omamori"],"campfire_rested":2,"item_purchase_floors":[19],"current_hp_per_floor":[68,75,75,75,75,75,66,66,66,66,66,64,64,74,74,48,76,85,85,83,68,52,79,59,59,59,59,60,60,63,27,69,0],"gold":215,"neow_bonus":"THREE_ENEMY_KILL","is_prod":false,"is_daily":false,"chose_seed":false,"campfire_upgraded":7,"win_rate":0,"timestamp":1543933655,"path_taken":["M","?","?","?","M","R","M","R","T","M","R","E","R","M","R","BOSS","M","$","M","M","?","R","E","R","T","R","M","?","M","M","R","BOSS"],"build_version":"2018-11-15","purchased_purges":0,"victory":false,"max_hp_per_floor":[75,85,85,85,85,85,85,85,85,85,85,85,85,85,85,85,85,85,85,85,85,90,90,90,90,90,90,90,90,90,90,90,90],"card_choices":[{"not_picked":["Recycle","Gash"],"picked":"Conserve Battery","floor":1.0},{"not_picked":["Heatsinks","Stack"],"picked":"Redo","floor":4.0},{"not_picked":["Leap","Auto Shields"],"picked":"Go for the Eyes","floor":5.0},{"not_picked":["Rebound","Sweeping Beam"],"picked":"Doom and Gloom","floor":7.0},{"not_picked":["Static Discharge","Auto Shields"],"picked":"Self Repair","floor":10.0},{"not_picked":["Doom and Gloom","Self Repair"],"picked":"Skim","floor":12.0},{"not_picked":["Barrage","Rebound"],"picked":"Ball Lightning","floor":14.0},{"not_picked":["Fission","Buffer"],"picked":"Electrodynamics","floor":16.0},{"not_picked":["Melter+1","Coolheaded"],"picked":"Consume","floor":18.0},{"not_picked":["Beam Cell","Ball Lightning"],"picked":"Redo","floor":20.0},{"not_picked":["Sweeping Beam","Redo"],"picked":"Coolheaded","floor":21.0},{"not_picked":["Streamline+1","Barrage"],"picked":"Auto Shields","floor":24.0},{"not_picked":["Lockon","Compile Driver","Auto Shields"],"picked":"SKIP","floor":28.0},{"not_picked":["Conserve Battery","Steam+1"],"picked":"BootSequence","floor":30.0},{"not_picked":["Aggregate+1","Genetic Algorithm"],"picked":"Double Energy","floor":31.0}],"player_experience":165318,"relics_obtained":[{"floor":9.0,"key":"FossilizedHelix"},{"floor":12.0,"key":"Sundial"},{"floor":24.0,"key":"Orichalcum"},{"floor":26.0,"key":"Regal Pillow"}],"event_choices":[{"damage_healed":0.0,"max_hp_gain":0.0,"max_hp_loss":0.0,"gold_gain":0.0,"event_name":"Scrap Ooze","player_choice":"Success","floor":2.0,"gold_loss":0.0,"damage_taken":3.0,"relics_obtained":["Pear"]},{"damage_healed":0.0,"max_hp_gain":0.0,"max_hp_loss":0.0,"gold_gain":0.0,"event_name":"Accursed Blacksmith","player_choice":"Forge","floor":3.0,"gold_loss":0.0,"damage_taken":0.0,"cards_upgraded":["Zap"]},{"damage_healed":0.0,"max_hp_gain":5.0,"max_hp_loss":0.0,"gold_gain":0.0,"event_name":"Forgotten Altar","player_choice":"Shed Blood","floor":22.0,"gold_loss":0.0,"damage_taken":21.0},{"cards_removed":["Strike_B"],"damage_healed":0.0,"max_hp_gain":0.0,"max_hp_loss":0.0,"gold_gain":0.0,"event_name":"Beggar","player_choice":"Gave Gold","floor":29.0,"gold_loss":75.0,"damage_taken":0.0}],"is_beta":false,"boss_relics":[{"not_picked":["Coffee Dripper","Fusion Hammer"],"picked":"Cursed Key"}],"items_purged_floors":[],"is_endless":false,"potions_floor_spawned":[5,14,16,20,28,31],"killed_by":"Champ","ascension_level":7}