{"gold_per_floor":[119,194,41,41,0,27,42,70,70,88,88,108,108,121,121,197,197,209,224,274,224,237,237,237],"floor_reached":24,"playtime":660,"items_purged":["Strike_R"],"score":404,"play_id":"dd29d7cf-1886-49c1-bd5c-25d3cda6f62e","local_time":"20190206223215","is_ascension_mode":true,"campfire_choices":[{"floor":11,"key":"REST"},{"floor":15,"key":"REST"},{"floor":23,"key":"REST"}],"neow_cost":"NONE","seed_source_timestamp":378551918770346,"circlet_count":0,"master_deck":["AscendersBane","Strike_R","Strike_R","Strike_R","Defend_R","Defend_R","Defend_R+1","Defend_R","Bash+1","Disarm","Inflame","Rampage+1","Shrug It Off","Clothesline+1","Heavy Blade","Demon Form+1","Intimidate","Limit Break","Cleave","Seeing Red"],"relics":["Black Blood","NeowsBlessing","Matryoshka","Dodecahedron","Art of War","Whetstone"],"potions_floor_usage":[19,22],"damage_taken":[{"damage":0,"enemies":"Jaw Worm","floor":1,"turns":1},{"damage":0,"enemies":"Lagavulin","floor":6,"turns":1},{"damage":0,"enemies":"Cultist","floor":7,"turns":1},{"damage":49,"enemies":"3 Sentries","floor":8,"turns":11},{"damage":0,"enemies":"Small Slimes","floor":10,"turns":3},{"damage":7,"enemies":"Looter","floor":12,"turns":4},{"damage":4,"enemies":"3 Louse","floor":14,"turns":4},{"damage":36,"enemies":"The Guardian","floor":16,"turns":10},{"damage":39,"enemies":"Shell Parasite","floor":18,"turns":10},{"damage":13,"enemies":"Chosen","floor":19,"turns":4},{"damage":22,"enemies":"Centurion and Healer","floor":22,"turns":7},{"damage":46,"enemies":"Gremlin Leader","floor":24,"turns":3}],"seed_played":"757099844292958689","potions_obtained":[{"floor":8,"key":"SteroidPotion"},{"floor":12,"key":"Energy Potion"}],"is_trial":false,"path_per_floor":["M","?","$","?","$","E","M","E","T","M","R","M","?","M","R","B",null,"M","M","?","?","M","R","E"],"character_chosen":"IRONCLAD","items_purchased":["Inflame","Rampage"],"campfire_rested":3,"item_purchase_floors":[3,5],"current_hp_per_floor":[74,63,63,56,56,62,68,25,25,31,53,52,29,31,53,23,62,33,30,30,30,18,40,0],"gold":237,"neow_bonus":"THREE_ENEMY_KILL","is_prod":false,"is_daily":false,"chose_seed":false,"campfire_upgraded":0,"win_rate":0,"timestamp":1549510335,"path_taken":["M","?","$","?","?","E","M","E","T","M","R","?","?","M","R","BOSS","M","M","?","?","M","R","E"],"build_version":"2019-01-23","purchased_purges":1,"victory":false,"max_hp_per_floor":[75,75,75,75,75,75,75,75,75,75,75,75,75,75,75,75,75,75,75,75,75,75,75,75],"card_choices":[{"not_picked":["Clash","Blood for Blood"],"picked":"Disarm","floor":1},{"not_picked":["Havoc","Pummel"],"picked":"Shrug It Off","floor":6},{"not_picked":["Warcry","Infernal Blade"],"picked":"Clothesline","floor":7},{"not_picked":["Heavy Blade","Headbutt","Disarm"],"picked":"SKIP","floor":8},{"not_picked":["Blood for Blood","Headbutt"],"picked":"Heavy Blade","floor":10},{"not_picked":["Battle Trance","Heavy Blade"],"picked":"Demon Form","floor":12},{"not_picked":["Burning Pact","Fire Breathing"],"picked":"Intimidate","floor":14},{"not_picked":["Exhume","Fiend Fire"],"picked":"Limit Break","floor":16},{"not_picked":["Perfected Strike","Havoc","Carnage"],"picked":"SKIP","floor":18},{"not_picked":["Perfected Strike","Anger"],"picked":"Cleave","floor":19},{"not_picked":["Warcry","Headbutt"],"picked":"Seeing Red","floor":22}],"player_experience":244231,"relics_obtained":[{"floor":6,"key":"Matryoshka"},{"floor":8,"key":"Dodecahedron"},{"floor":9,"key":"Art of War"},{"floor":9,"key":"Whetstone"}],"event_choices":[{"damage_healed":0,"gold_gain":75,"player_choice":"Gather Gold","damage_taken":11,"max_hp_gain":0,"max_hp_loss":0,"event_name":"World of Goop","floor":2,"gold_loss":0},{"cards_removed":["Strike_R"],"damage_healed":0,"gold_gain":0,"player_choice":"Card Removal","damage_taken":7,"max_hp_gain":0,"max_hp_loss":0,"event_name":"Golden Wing","floor":4,"gold_loss":0},{"damage_healed":0,"gold_gain":0,"player_choice":"Entered Light","damage_taken":23,"max_hp_gain":0,"max_hp_loss":0,"event_name":"Shining Light","floor":13,"gold_loss":0,"cards_upgraded":["Bash","Defend_R"]},{"damage_healed":0,"gold_gain":50,"player_choice":"Stole From Cult","damage_taken":0,"max_hp_gain":0,"max_hp_loss":0,"event_name":"Nest","floor":20,"gold_loss":0},{"damage_healed":0,"gold_gain":0,"player_choice":"Upgrade","damage_taken":0,"max_hp_gain":0,"max_hp_loss":0,"event_name":"Designer","floor":21,"gold_loss":50,"cards_upgraded":["Demon Form"]}],"is_beta":false,"boss_relics":[{"not_picked":["Empty Cage","Runic Dome"],"picked":"Black Blood"}],"items_purged_floors":[3],"is_endless":false,"potions_floor_spawned":[8,12],"killed_by":"Gremlin Leader","ascension_level":15}