{"gold_per_floor":[363,363,375,47,61,61,72,107,107,138,138,51,67,97,97,174,174,184,203,203],"floor_reached":20,"playtime":735,"items_purged":["Strike_B"],"score":451,"play_id":"f6d55f35-9d64-462c-8c69-c2533623f597","local_time":"20180930223704","is_ascension_mode":true,"campfire_choices":[{"floor":6,"key":"REST"},{"data":"Sunder","floor":11,"key":"SMITH"},{"data":"Barrage","floor":15,"key":"SMITH"}],"neow_cost":"PERCENT_DAMAGE","seed_source_timestamp":620710859456564,"circlet_count":0,"master_deck":["Strike_B","Strike_B","Strike_B","Defend_B","Defend_B","Defend_B","Defend_B","Zap+1","Dualcast","AscendersBane","Melter","Barrage+1","Ball Lightning","Glacier","Sunder+1","Loop+1","Chill","Creative AI+1","Fusion+1","Compile Driver"],"relics":["Cracked Core","Bag of Marbles","WingedGreaves","Frozen Egg 2","Symbiotic Virus","Juzu Bracelet","Inserter"],"potions_floor_usage":[8,10,14],"damage_taken":[{"damage":9,"enemies":"Jaw Worm","floor":1,"turns":5},{"damage":10,"enemies":"Small Slimes","floor":3,"turns":2},{"damage":1,"enemies":"Cultist","floor":5,"turns":3},{"damage":1,"enemies":"Exordium Wildlife","floor":7,"turns":3},{"damage":0,"enemies":"Gremlin Nob","floor":8,"turns":3},{"damage":4,"enemies":"Lagavulin","floor":10,"turns":7},{"damage":0,"enemies":"2 Fungi Beasts","floor":13,"turns":2},{"damage":0,"enemies":"Gremlin Nob","floor":14,"turns":2},{"damage":16,"enemies":"Slime Boss","floor":16,"turns":9},{"damage":23,"enemies":"Shell Parasite","floor":18,"turns":4},{"damage":0,"enemies":"Spheric Guardian","floor":19,"turns":3},{"damage":38,"enemies":"Cultist and Chosen","floor":20,"turns":5}],"seed_played":"4827021248992692209","potions_obtained":[{"floor":1,"key":"Weak Potion"},{"floor":10,"key":"SteroidPotion"},{"floor":14,"key":"SmokeBomb"},{"floor":16,"key":"Explosive Potion"}],"is_trial":false,"path_per_floor":["M","?","M","$","M","R","M","E","T","E","R","$","M","E","R","B",null,"M","M"],"character_chosen":"DEFECT","items_purchased":["Bag of Marbles","FocusPotion","Loop+1"],"campfire_rested":1,"item_purchase_floors":[4,4,12],"current_hp_per_floor":[37,37,27,27,26,47,46,46,46,42,42,42,42,42,42,26,60,37,37,0],"gold":203,"neow_bonus":"TWO_FIFTY_GOLD","is_prod":false,"is_daily":false,"chose_seed":false,"campfire_upgraded":2,"win_rate":0,"timestamp":1538361424,"path_taken":["M","?","M","$","M","R","M","E","T","E","R","?","M","E","R","BOSS","M","M","M"],"build_version":"2018-09-27","purchased_purges":1,"victory":false,"max_hp_per_floor":[71,71,71,71,71,71,71,71,71,71,71,71,71,71,71,71,71,71,71,71],"card_choices":[{"not_picked":["Redo","Cold Snap"],"picked":"Melter","floor":1},{"not_picked":["Storm","Hologram"],"picked":"Barrage","floor":3},{"not_picked":["Streamline","Compile Driver"],"picked":"Ball Lightning","floor":5},{"not_picked":["Recycle","Leap"],"picked":"Glacier","floor":7},{"not_picked":["Fission","Self Repair"],"picked":"Sunder","floor":8},{"not_picked":["Stack","Turbo","Double Energy"],"picked":"SKIP","floor":10},{"not_picked":["Stack","Turbo","Double Energy"],"picked":"SKIP","floor":10},{"not_picked":["BootSequence","Chaos","Self Repair+1"],"picked":"SKIP","floor":13},{"not_picked":["Tempest","Turbo"],"picked":"Chill","floor":14},{"not_picked":["Amplify","Reboot"],"picked":"Creative AI+1","floor":16},{"not_picked":["Streamline+1","Leap"],"picked":"Fusion+1","floor":18},{"not_picked":["Ball Lightning","Cold Snap"],"picked":"Compile Driver","floor":19}],"player_experience":529907,"relics_obtained":[{"floor":8,"key":"WingedGreaves"},{"floor":9,"key":"Frozen Egg 2"},{"floor":10,"key":"Symbiotic Virus"},{"floor":14,"key":"Juzu Bracelet"}],"event_choices":[{"event_name":"Living Wall","player_choice":"Grow","floor":2,"damage_taken":0}],"is_beta":false,"boss_relics":[{"not_picked":["Philosopher\u0027s Stone","Tiny House"],"picked":"Inserter"}],"items_purged_floors":[4],"is_endless":false,"potions_floor_spawned":[1,10,14,16],"killed_by":"Cultist and Chosen","ascension_level":17}