{"gold_per_floor":[116,116,41,41,53,53,68,68,114,132,160,160,188,202,202,279,279,290,302,302,41,41],"floor_reached":22,"playtime":810,"items_purged":[],"score":369,"play_id":"8898b92c-1448-4122-a590-d996569cc392","local_time":"20181014155934","is_ascension_mode":true,"campfire_choices":[{"data":"Loop","floor":6,"key":"SMITH"},{"data":"Zap","floor":8,"key":"SMITH"},{"data":"Hologram","floor":12,"key":"SMITH"},{"data":"Barrage","floor":15,"key":"SMITH"}],"neow_cost":"","seed_source_timestamp":575224264156949,"circlet_count":0,"master_deck":["Strike_B","Strike_B","Strike_B","Defend_B","Defend_B","Defend_B","Defend_B","Zap+1","Dualcast","AscendersBane","Loop+1","Hologram+1","Sweeping Beam","Leap","Coolheaded","Barrage+1","Electrodynamics","Defragment"],"relics":["Cracked Core","Du-Vu Doll","Oddly Smooth Stone","Blue Candle","DataDisk","Snecko Eye","PreservedInsect"],"potions_floor_usage":[13,16],"damage_taken":[{"damage":3,"enemies":"Small Slimes","floor":1,"turns":4},{"damage":0,"enemies":"Cultist","floor":5,"turns":3},{"damage":0,"enemies":"2 Louse","floor":7,"turns":3},{"damage":2,"enemies":"2 Fungi Beasts","floor":10,"turns":4},{"damage":18,"enemies":"Lagavulin","floor":11,"turns":7},{"damage":12,"enemies":"3 Sentries","floor":13,"turns":6},{"damage":6,"enemies":"3 Louse","floor":14,"turns":3},{"damage":3,"enemies":"The Guardian","floor":16,"turns":9},{"damage":16,"enemies":"Shell Parasite","floor":18,"turns":5},{"damage":15,"enemies":"Chosen","floor":19,"turns":4},{"damage":23,"enemies":"Centurion and Healer","floor":22,"turns":4}],"seed_played":"-1120177930014262308","potions_obtained":[{"floor":5,"key":"Strength Potion"},{"floor":7,"key":"Fire Potion"},{"floor":19,"key":"Fire Potion"}],"is_trial":false,"path_per_floor":["M","?","?","?","M","R","M","R","T","M","E","R","E","M","R","B",null,"M","M","?","$"],"character_chosen":"DEFECT","items_purchased":["Defragment","PreservedInsect"],"campfire_rested":0,"item_purchase_floors":[21,21],"current_hp_per_floor":[61,61,61,61,61,61,61,61,61,59,41,41,29,23,23,20,58,42,27,7,7,0],"gold":41,"neow_bonus":"","is_prod":false,"is_daily":false,"chose_seed":false,"campfire_upgraded":4,"win_rate":0,"timestamp":1539547174,"path_taken":["M","?","?","?","M","R","M","R","T","M","E","R","E","M","R","BOSS","M","M","?","$","M"],"build_version":"2018-10-11","purchased_purges":0,"victory":false,"max_hp_per_floor":[71,71,71,71,71,71,71,71,71,71,71,71,71,71,71,71,71,71,71,76,76,76],"card_choices":[{"not_picked":["Stack","Hologram"],"picked":"Lockon","floor":1},{"not_picked":["Fusion","Turbo"],"picked":"Loop","floor":5},{"not_picked":["Leap","Barrage"],"picked":"Hologram","floor":7},{"not_picked":["Undo","Beam Cell"],"picked":"Sweeping Beam","floor":10},{"not_picked":["Beam Cell","Hologram"],"picked":"Leap","floor":11},{"not_picked":["Stack","FTL"],"picked":"Coolheaded","floor":13},{"not_picked":["Skim","Undo"],"picked":"Barrage","floor":14},{"not_picked":["Rainbow","Thunder Strike"],"picked":"Electrodynamics","floor":16},{"not_picked":["Go for the Eyes","Rebound","Coolheaded"],"picked":"SKIP","floor":18},{"not_picked":["Leap","Coolheaded","Sweeping Beam"],"picked":"SKIP","floor":19}],"player_experience":566342,"relics_obtained":[{"floor":9,"key":"Oddly Smooth Stone"},{"floor":11,"key":"Blue Candle"},{"floor":13,"key":"DataDisk"}],"event_choices":[{"event_name":"WeMeetAgain","player_choice":"Card","floor":2,"damage_taken":0},{"event_name":"The Cleric","player_choice":"Card Removal","floor":3,"damage_taken":0},{"event_name":"Liars Game","player_choice":"disagreed","floor":4,"damage_taken":0},{"event_name":"Forgotten Altar","player_choice":"Shed Blood","floor":20,"damage_taken":0}],"is_beta":false,"boss_relics":[{"not_picked":["FrozenCore","Runic Pyramid"],"picked":"Snecko Eye"}],"items_purged_floors":[],"is_endless":false,"potions_floor_spawned":[5,7,10,19],"killed_by":"Centurion and Healer","ascension_level":18}