{"path_per_floor":["M","M","?","M","?","R","M","M","T","R","M","R","M","M","R","B",null,"M","M","?","M","?","R","$","R","T","M","M","$","?","?","R"],"character_chosen":"IRONCLAD","items_purchased":["Flex"],"gold_per_floor":[111,127,127,146,321,321,331,349,396,396,414,414,433,446,446,550,550,565,583,583,594,509,509,434,434,482,502,514,465,465,435,435],"floor_reached":33,"campfire_rested":3,"playtime":2890,"current_hp_per_floor":[80,80,68,74,74,74,52,58,65,87,87,87,87,81,81,41,87,79,80,80,50,50,76,76,76,76,54,26,26,26,26,52],"items_purged":["Doubt"],"gold":435,"play_id":"775290ab-1b44-47a0-b6c1-54667bc6bc5f","is_prod":false,"is_daily":false,"campfire_rituals":0,"campfire_upgraded":4,"is_hardmode":false,"path_taken":["M","M","?","M","?","R","M","M","T","R","?","R","M","M","R","BOSS","M","M","?","?","?","R","$","R","T","M","M","$","?","?","R","BOSS"],"build_version":"2018-01-04-PROD1","purchased_purges":1,"victory":false,"master_deck":["Strike_R","Strike_R","Defend_R","Defend_R","Defend_R","Defend_R","Bash","Inflame","Thunderclap","Thunderclap","Iron Wave","Spot Weakness","Warcry","Cleave","Berserk","Rupture","Spot Weakness","Whirlwind","Iron Wave","Inflame","Inflame","Metallicize","Twin Strike","Sword Boomerang","Flex"],"max_hp_per_floor":[80,80,80,80,80,80,80,80,87,87,87,87,87,87,87,87,87,87,87,87,87,87,87,87,87,87,87,87,87,87,87,87],"relics":["Burning Blood","NeowsBlessing","Anchor","Strawberry","Prayer Wheel","Ancient Tea Set","Nloth\u0027s Gift"],"campfire_meditates":0,"card_choices":[{"not_picked":["Warcry","Dual Wield"],"picked":"Inflame"},{"not_picked":["Whirlwind","Anger"],"picked":"Thunderclap"},{"not_picked":["Warcry","Rage"],"picked":"Thunderclap"},{"not_picked":["Whirlwind","Burning Pact"],"picked":"Iron Wave"},{"not_picked":["Power Through","Reaper"],"picked":"Spot Weakness"},{"not_picked":["Perfected Strike","True Grit"],"picked":"Warcry"},{"not_picked":["Juggernaut","Twin Strike"],"picked":"Cleave"},{"not_picked":["Fiend Fire","Brutality"],"picked":"Berserk"},{"not_picked":["Thunderclap","Clash"],"picked":"Iron Wave"},{"not_picked":["Disarm","Cleave"],"picked":"Inflame"},{"not_picked":["Thunderclap","Clash"],"picked":"Metallicize"},{"not_picked":["True Grit","Disarm"],"picked":"Twin Strike"},{"not_picked":["Bludgeon","True Grit"],"picked":"Sword Boomerang"}],"player_experience":83689,"potions_floor_usage":[16,27,33,33],"damage_taken":[{"damage":0,"enemies":"Small Slimes","floor":1,"turns":1},{"damage":0,"enemies":"Cultist","floor":2,"turns":1},{"damage":0,"enemies":"2 Louse","floor":4,"turns":1},{"damage":28,"enemies":"Exordium Thugs","floor":7,"turns":7},{"damage":0,"enemies":"Looter","floor":8,"turns":3},{"damage":1,"enemies":"Lots of Slimes","floor":11,"turns":3},{"damage":0,"enemies":"Exordium Wildlife","floor":13,"turns":3},{"damage":12,"enemies":"Gremlin Gang","floor":14,"turns":4},{"damage":46,"enemies":"The Guardian","floor":16,"turns":11},{"damage":14,"enemies":"Shell Parasite","floor":18,"turns":6},{"damage":5,"enemies":"Chosen","floor":19,"turns":5},{"damage":36,"enemies":"Snake Plant","floor":21,"turns":5},{"damage":43,"enemies":"Slaver and Parasite","floor":27,"turns":6},{"damage":34,"enemies":"Sentry and Sphere","floor":28,"turns":5},{"damage":54,"enemies":"Automaton","floor":33,"turns":8}],"event_choices":[{"event_name":"Scrap Ooze","player_choice":"success","floor":3,"damage_taken":12},{"event_name":"Liars Game","player_choice":"agreed","floor":5,"damage_taken":0},{"event_name":"Duplicator","player_choice":"One dupe","floor":20,"damage_taken":0},{"event_name":"Addict","player_choice":"Obtained Relic","floor":22,"damage_taken":0},{"event_name":"N\u0027loth","player_choice":"Traded a Astrolabe","floor":30,"damage_taken":0},{"event_name":"The Woman in Blue","player_choice":"Bought 2 Potions","floor":31,"damage_taken":0}],"boss_relics":[{"not_picked":["Philosopher\u0027s Stone","Ectoplasm"],"picked":"Astrolabe"}],"potions_floor_spawned":[2,4,13,16,18,27],"seed_played":"6154210825811810834","killed_by":"Automaton","is_trial":false}