{"gold_per_floor":[217,230,250,266,282,282,282,282,282,294,324,499,227,253,253,253],"floor_reached":16,"playtime":797,"items_purged":["Doubt"],"score":146,"play_id":"28943b0f-7ec0-474c-813c-32a055349916","local_time":"20181202234639","is_ascension_mode":true,"campfire_choices":[{"data":"Zap","floor":6,"key":"SMITH"},{"data":"Dualcast","floor":8,"key":"SMITH"},{"floor":15,"key":"REST"}],"neow_cost":"NONE","seed_source_timestamp":362410843131653,"circlet_count":0,"master_deck":["Strike_B","Strike_B","Strike_B","Defend_B","Defend_B","Defend_B","Defend_B","Zap+1","Dualcast+1","Steam","Capacitor","Conserve Battery","White Noise","Coolheaded","Go for the Eyes","Apotheosis","Conserve Battery","Go for the Eyes"],"relics":["Cracked Core","Gremlin Horn","Pear","Mercury Hourglass"],"potions_floor_usage":[5,11,16],"damage_taken":[{"damage":4,"enemies":"Jaw Worm","floor":1,"turns":3},{"damage":0,"enemies":"Cultist","floor":2,"turns":3},{"damage":3,"enemies":"2 Louse","floor":3,"turns":4},{"damage":5,"enemies":"Looter","floor":4,"turns":4},{"damage":1,"enemies":"Exordium Wildlife","floor":5,"turns":2},{"damage":4,"enemies":"3 Louse","floor":10,"turns":4},{"damage":24,"enemies":"Lagavulin","floor":11,"turns":9},{"damage":16,"enemies":"3 Sentries","floor":14,"turns":11},{"damage":49,"enemies":"Slime Boss","floor":16,"turns":7}],"seed_played":"7664983567589723212","potions_obtained":[{"floor":4,"key":"Explosive Potion"},{"floor":5,"key":"Swift Potion"},{"floor":11,"key":"Poison Potion"}],"is_trial":false,"path_per_floor":["M","M","M","M","M","R","?","R","T","M","E","?","$","E","R","B"],"character_chosen":"DEFECT","items_purchased":["Apotheosis","Conserve Battery"],"campfire_rested":1,"item_purchase_floors":[13,13],"current_hp_per_floor":[64,64,61,56,55,55,55,55,55,51,37,37,37,21,46,0],"gold":253,"neow_bonus":"HUNDRED_GOLD","is_prod":false,"is_daily":false,"chose_seed":false,"campfire_upgraded":2,"win_rate":0,"timestamp":1543761999,"path_taken":["M","M","M","M","M","R","?","R","T","?","E","?","$","E","R","BOSS"],"build_version":"2018-11-15","purchased_purges":1,"victory":false,"max_hp_per_floor":[75,75,75,75,75,75,75,75,75,75,85,85,85,85,85,85],"card_choices":[{"not_picked":["Leap","Sweeping Beam"],"picked":"Steam","floor":1},{"not_picked":["Barrage","Go for the Eyes"],"picked":"Capacitor","floor":2},{"not_picked":["Sweeping Beam","Heatsinks"],"picked":"Conserve Battery","floor":3},{"not_picked":["Scrape","Leap"],"picked":"White Noise","floor":4},{"not_picked":["Undo","Blizzard","Fusion"],"picked":"SKIP","floor":5},{"not_picked":["Sweeping Beam","Fusion","Barrage"],"picked":"SKIP","floor":10},{"not_picked":["Gash","Core Surge"],"picked":"Go for the Eyes","floor":11},{"not_picked":["Rip and Tear","Redo"],"picked":"Go for the Eyes","floor":14}],"player_experience":161005,"relics_obtained":[{"floor":9,"key":"Gremlin Horn"},{"floor":11,"key":"Pear"},{"floor":14,"key":"Mercury Hourglass"}],"event_choices":[{"damage_healed":0,"gold_gain":0,"cards_transformed":["Strike_B"],"player_choice":"Transformed","damage_taken":0,"max_hp_gain":0,"max_hp_loss":0,"event_name":"Transmorgrifier","floor":7,"gold_loss":0,"cards_obtained":["Coolheaded"]},{"damage_healed":0,"gold_gain":175,"player_choice":"AGREE","damage_taken":0,"max_hp_gain":0,"max_hp_loss":0,"event_name":"Liars Game","floor":12,"gold_loss":0,"cards_obtained":["Doubt"]}],"is_beta":false,"boss_relics":[],"items_purged_floors":[13],"is_endless":false,"potions_floor_spawned":[4,5,11],"killed_by":"Slime Boss","ascension_level":6}