{"gold_per_floor":[216,233,233,251,251,283,283,299,299,312,312,387,404,16,16,118,118,129,129,129],"floor_reached":20,"playtime":1125,"items_purged":[],"score":235,"play_id":"adb5c8b3-8cc8-4956-8809-786aa47b9356","local_time":"20181205163149","is_ascension_mode":true,"campfire_choices":[{"floor":7,"key":"REST"},{"floor":11,"key":"REST"},{"floor":15,"key":"REST"}],"neow_cost":"NONE","seed_source_timestamp":602445346787288,"circlet_count":0,"master_deck":["Strike_B","Strike_B","Strike_B","Strike_B","Defend_B","Defend_B","Defend_B","Zap","Dualcast","Cold Snap","Hologram","Rebound","Steam","Consume","Leap","Capacitor+1","Consume","Panache+1","Multi-Cast","Conserve Battery"],"relics":["Cracked Core","Frozen Egg 2","Darkstone Periapt","Nuclear Battery"],"potions_floor_usage":[6,10],"damage_taken":[{"damage":1,"enemies":"Cultist","floor":1,"turns":3},{"damage":7,"enemies":"Jaw Worm","floor":2,"turns":3},{"damage":0,"enemies":"Small Slimes","floor":4,"turns":2},{"damage":28,"enemies":"Gremlin Nob","floor":6,"turns":4},{"damage":0,"enemies":"Exordium Thugs","floor":8,"turns":4},{"damage":15,"enemies":"Lots of Slimes","floor":10,"turns":6},{"damage":6,"enemies":"2 Fungi Beasts","floor":13,"turns":4},{"damage":47,"enemies":"Hexaghost","floor":16,"turns":13},{"damage":58,"enemies":"3 Byrds","floor":18,"turns":8},{"damage":6,"enemies":"Chosen","floor":20,"turns":1}],"seed_played":"-888658885226615559","potions_obtained":[{"floor":2,"key":"Poison Potion"},{"floor":6,"key":"GamblersBrew"},{"floor":10,"key":"Fire Potion"},{"floor":13,"key":"EssenceOfSteel"}],"is_trial":false,"path_per_floor":["M","M","?","M","?","E","R","M","T","M","R","?","M","$","R","B",null,"M","?","M"],"character_chosen":"DEFECT","items_purchased":["Capacitor+1","Consume","Panache+1","Ancient Potion"],"campfire_rested":3,"item_purchase_floors":[14,14,14,14],"current_hp_per_floor":[67,60,60,60,60,32,54,54,54,39,61,54,48,48,70,23,62,4,4,0],"gold":129,"neow_bonus":"HUNDRED_GOLD","is_prod":false,"is_daily":false,"chose_seed":false,"campfire_upgraded":0,"win_rate":0,"timestamp":1544002309,"path_taken":["M","M","?","?","?","E","R","M","T","M","R","?","M","$","R","BOSS","M","?","?"],"build_version":"2018-11-15","purchased_purges":0,"victory":false,"max_hp_per_floor":[75,75,75,75,75,75,75,75,75,75,75,75,75,75,75,75,75,75,75,75],"card_choices":[{"not_picked":["Sweeping Beam","Tempest"],"picked":"Cold Snap","floor":1},{"not_picked":["Sweeping Beam","Rebound"],"picked":"Hologram","floor":2},{"not_picked":["Double Energy","Gash"],"picked":"Rebound","floor":4},{"not_picked":["Force Field","Skim"],"picked":"Steam","floor":6},{"not_picked":["Steam","Genetic Algorithm"],"picked":"Consume","floor":8},{"not_picked":["Fusion","Sweeping Beam","Blizzard"],"picked":"SKIP","floor":10},{"not_picked":["Streamline","Tempest"],"picked":"Leap","floor":13},{"not_picked":["Biased Cognition+1","Fission"],"picked":"Multi-Cast","floor":16},{"not_picked":["Stack","Beam Cell"],"picked":"Conserve Battery","floor":18}],"player_experience":175917,"relics_obtained":[{"floor":6,"key":"Frozen Egg 2"},{"floor":9,"key":"Darkstone Periapt"}],"event_choices":[{"cards_removed":["Defend_B"],"damage_healed":0,"gold_gain":0,"player_choice":"Offered Basic","damage_taken":0,"max_hp_gain":0,"max_hp_loss":0,"event_name":"Bonfire Elementals","floor":3,"gold_loss":0},{"damage_healed":0,"gold_gain":0,"player_choice":"Ignored","damage_taken":0,"max_hp_gain":0,"max_hp_loss":0,"event_name":"Shining Light","floor":5,"gold_loss":0},{"damage_healed":0,"gold_gain":75,"player_choice":"Touch","damage_taken":7,"max_hp_gain":0,"max_hp_loss":0,"event_name":"FaceTrader","floor":12,"gold_loss":0},{"damage_healed":0,"gold_gain":0,"player_choice":"Bought 0 Potions","damage_taken":0,"max_hp_gain":0,"max_hp_loss":0,"event_name":"The Woman in Blue","floor":19,"gold_loss":0}],"is_beta":false,"boss_relics":[{"not_picked":["Fusion Hammer","Empty Cage"],"picked":"Nuclear Battery"}],"items_purged_floors":[],"is_endless":false,"potions_floor_spawned":[2,6,10,13],"killed_by":"Chosen","ascension_level":7}