{"gold_per_floor":[15,34,34,53,66,66,76,109,164,164],"floor_reached":10,"playtime":513,"items_purged":[],"score":140,"play_id":"8bffa0e7-6edf-43ad-b4ce-fe8920451b6a","local_time":"20190127125732","is_ascension_mode":true,"campfire_choices":[{"data":"Bash","floor":6,"key":"SMITH"}],"neow_cost":"NO_GOLD","seed_source_timestamp":387872507291009,"circlet_count":0,"master_deck":["AscendersBane","Strike_R","Strike_R","Strike_R","Strike_R","Strike_R","Defend_R","Defend_R","Defend_R","Defend_R","Bash+1","Shrug It Off","Cleave","Headbutt","Flame Barrier","Rampage","Corruption"],"relics":["Burning Blood","StoneCalendar","Bag of Preparation","Dream Catcher"],"potions_floor_usage":[],"damage_taken":[{"damage":1,"enemies":"Small Slimes","floor":1,"turns":5},{"damage":16,"enemies":"Cultist","floor":2,"turns":5},{"damage":3,"enemies":"2 Louse","floor":4,"turns":3},{"damage":15,"enemies":"Exordium Wildlife","floor":5,"turns":5},{"damage":3,"enemies":"Blue Slaver","floor":7,"turns":6},{"damage":30,"enemies":"Lagavulin","floor":8,"turns":7},{"damage":40,"enemies":"3 Sentries","floor":10,"turns":6}],"seed_played":"1614686643118843447","potions_obtained":[{"floor":1,"key":"Ancient Potion"},{"floor":3,"key":"BloodPotion"},{"floor":3,"key":"Weak Potion"}],"is_trial":false,"path_per_floor":["M","M","?","M","M","R","M","E","T","E"],"character_chosen":"IRONCLAD","items_purchased":[],"campfire_rested":0,"item_purchase_floors":[],"current_hp_per_floor":[73,63,63,66,57,57,60,36,36,0],"gold":164,"neow_bonus":"ONE_RARE_RELIC","is_prod":false,"is_daily":false,"chose_seed":false,"campfire_upgraded":1,"win_rate":0,"timestamp":1548611852,"path_taken":["M","M","?","M","M","R","M","E","T","E"],"build_version":"2019-01-23","purchased_purges":0,"victory":false,"max_hp_per_floor":[75,75,75,75,75,75,75,75,75,75],"card_choices":[{"not_picked":["Ghostly Armor","Anger"],"picked":"Shrug It Off","floor":1},{"not_picked":["Thunderclap","Shrug It Off"],"picked":"Cleave","floor":2},{"not_picked":["Burning Pact","Armaments"],"picked":"Headbutt","floor":4},{"not_picked":["Reckless Charge","Headbutt"],"picked":"Flame Barrier","floor":5},{"not_picked":["Intimidate","Pommel Strike"],"picked":"Rampage","floor":7},{"not_picked":["Body Slam","Pommel Strike"],"picked":"Corruption","floor":8}],"player_experience":766481,"relics_obtained":[{"floor":8,"key":"Bag of Preparation"},{"floor":9,"key":"Dream Catcher"}],"event_choices":[{"damage_healed":0,"gold_gain":0,"player_choice":"Got Potions","damage_taken":0,"max_hp_gain":0,"max_hp_loss":0,"event_name":"Lab","floor":3,"gold_loss":0}],"is_beta":false,"boss_relics":[],"items_purged_floors":[],"is_endless":false,"potions_floor_spawned":[1,4,8],"killed_by":"3 Sentries","ascension_level":20}