{"gold_per_floor":[115,390,28,46,46,75,75,105,130,130,130,160,175,192,192,268,318,336,336,354,29,45,45,45,45,45,71,85,99,99,119,119,195,195,205,1,12,12,27,27,58,58,107,107,107,141,161,188,188,188],"floor_reached":50,"playtime":2867,"items_purged":["Regret","Strike_B","Zap"],"score":1033,"play_id":"5f0b2945-a74c-4e2f-bc52-23f88278d257","local_time":"20190206192557","is_ascension_mode":true,"campfire_choices":[{"data":"Dualcast","floor":7.0,"key":"SMITH"},{"floor":10.0,"key":"REST"},{"floor":15.0,"key":"REST"},{"floor":23.0,"key":"REST"},{"data":"Sunder","floor":25.0,"key":"SMITH"},{"data":"Creative AI","floor":30.0,"key":"SMITH"},{"data":"Buffer","floor":32.0,"key":"SMITH"},{"data":"Rainbow","floor":40.0,"key":"SMITH"},{"data":"Loop","floor":42.0,"key":"SMITH"},{"data":"Biased Cognition","floor":45.0,"key":"SMITH"},{"data":"Chill","floor":49.0,"key":"SMITH"}],"neow_cost":"NONE","seed_source_timestamp":0,"circlet_count":0,"master_deck":["AscendersBane","Defend_B","Defend_B+1","Defend_B","Defend_B","Dualcast+1","Glacier","Heatsinks","Streamline","Chill+1","Go for the Eyes","Ball Lightning","Biased Cognition+1","FTL","Capacitor+1","Buffer+1","Barrage","Sunder+1","Creative AI+1","Rainbow+1","Loop+1","Double Energy+1","Coolheaded+1"],"special_seed":0,"relics":["FrozenCore","NeowsBlessing","Bird Faced Urn","Happy Flower","Meat on the Bone","Centennial Puzzle","Blue Candle","Girya","Tiny House","Anchor","Dodecahedron","Pocketwatch","Prayer Wheel","Juzu Bracelet","Kunai","Ancient Tea Set"],"potions_floor_usage":[50,50],"damage_taken":[{"damage":0.0,"enemies":"Cultist","floor":1.0,"turns":1.0},{"damage":0.0,"enemies":"2 Louse","floor":4.0,"turns":1.0},{"damage":0.0,"enemies":"Gremlin Nob","floor":6.0,"turns":1.0},{"damage":22.0,"enemies":"Lagavulin","floor":8.0,"turns":9.0},{"damage":20.0,"enemies":"3 Sentries","floor":12.0,"turns":9.0},{"damage":5.0,"enemies":"Jaw Worm","floor":13.0,"turns":3.0},{"damage":0.0,"enemies":"Looter","floor":14.0,"turns":4.0},{"damage":44.0,"enemies":"The Guardian","floor":16.0,"turns":13.0},{"damage":7.0,"enemies":"3 Byrds","floor":18.0,"turns":6.0},{"damage":0.0,"enemies":"Chosen","floor":20.0,"turns":5.0},{"damage":37.0,"enemies":"Sentry and Sphere","floor":22.0,"turns":8.0},{"damage":35.0,"enemies":"Gremlin Leader","floor":27.0,"turns":8.0},{"damage":0.0,"enemies":"3 Cultists","floor":28.0,"turns":5.0},{"damage":0.0,"enemies":"Centurion and Healer","floor":29.0,"turns":10.0},{"damage":1.0,"enemies":"Cultist and Chosen","floor":31.0,"turns":7.0},{"damage":2.0,"enemies":"Automaton","floor":33.0,"turns":9.0},{"damage":4.0,"enemies":"3 Shapes","floor":35.0,"turns":7.0},{"damage":17.0,"enemies":"3 Darklings","floor":37.0,"turns":8.0},{"damage":4.0,"enemies":"4 Shapes","floor":39.0,"turns":6.0},{"damage":20.0,"enemies":"Reptomancer","floor":41.0,"turns":9.0},{"damage":12.0,"enemies":"Giant Head","floor":46.0,"turns":9.0},{"damage":0.0,"enemies":"Sphere and 2 Shapes","floor":47.0,"turns":8.0},{"damage":35.0,"enemies":"Nemesis","floor":48.0,"turns":13.0},{"damage":133,"enemies":"Awakened One","floor":50,"turns":16}],"seed_played":"6374545047769533826","potions_obtained":[{"floor":1.0,"key":"Fire Potion"},{"floor":6.0,"key":"SmokeBomb"},{"floor":17.0,"key":"PowerPotion"},{"floor":27.0,"key":"Energy Potion"},{"floor":29.0,"key":"Swift Potion"},{"floor":31.0,"key":"LiquidBronze"},{"floor":37.0,"key":"SpeedPotion"},{"floor":47.0,"key":"Explosive Potion"}],"is_trial":false,"path_per_floor":["M","?","$","M","?","E","R","E","T","R","?","E","M","M","R","B",null,"M","?","M","$","M","R","?","R","T","E","M","M","R","M","R","B",null,"M","$","M","?","M","R","E","R","T","?","R","E","M","E","R","B"],"character_chosen":"DEFECT","items_purchased":["Bird Faced Urn","Sunder","Anchor","Loop"],"campfire_rested":3,"item_purchase_floors":[3,21,21,36],"current_hp_per_floor":[64,64,64,64,64,64,64,44,44,65,58,38,45,47,68,38,68,65,65,73,73,39,61,61,61,61,42,48,62,62,76,76,76,76,76,76,73,72,72,72,72,72,72,72,72,60,72,72,72,0],"gold":188,"neow_bonus":"THREE_ENEMY_KILL","is_prod":false,"is_daily":false,"chose_seed":false,"campfire_upgraded":8,"win_rate":0,"timestamp":1549499157,"path_taken":["M","?","?","?","?","E","R","E","T","R","?","E","M","M","R","BOSS","M","?","M","$","M","R","?","R","T","E","M","M","R","M","R","BOSS","M","$","M","?","M","R","E","R","T","?","R","E","M","E","R","BOSS"],"build_version":"2019-01-23","purchased_purges":3,"victory":false,"max_hp_per_floor":[71,71,71,71,71,71,71,71,71,71,71,71,71,71,71,71,76,76,76,76,76,76,76,76,76,76,76,76,76,76,76,76,76,76,76,76,76,72,72,72,72,72,72,72,72,72,72,72,72,72],"card_choices":[{"not_picked":["Steam","Auto Shields"],"picked":"Glacier","floor":1.0},{"not_picked":["Gash","Ball Lightning"],"picked":"Heatsinks","floor":4.0},{"not_picked":["Redo","Beam Cell"],"picked":"Streamline","floor":6.0},{"not_picked":["Rebound","Barrage"],"picked":"Chill","floor":8.0},{"not_picked":["Storm","Rip and Tear"],"picked":"Go for the Eyes","floor":12.0},{"not_picked":["Barrage","Scrape","Lockon"],"picked":"SKIP","floor":13.0},{"not_picked":["Streamline","Redo"],"picked":"Ball Lightning","floor":14.0},{"not_picked":["Amplify","Fission"],"picked":"Biased Cognition","floor":16.0},{"not_picked":["Conserve Battery","Compile Driver"],"picked":"FTL","floor":17.0},{"not_picked":["Hologram","Gash"],"picked":"Capacitor","floor":18.0},{"not_picked":["Tempest","Go for the Eyes","FTL"],"picked":"SKIP","floor":20.0},{"not_picked":["Self Repair","Melter"],"picked":"Creative AI","floor":22.0},{"not_picked":["Double Energy","Gash","Buffer"],"picked":"SKIP","floor":27.0},{"not_picked":["Cold Snap","Leap","Redo"],"picked":"SKIP","floor":28.0},{"not_picked":["Blizzard","Barrage","Ball Lightning"],"picked":"SKIP","floor":29.0},{"not_picked":["Force Field","Go for the Eyes","Tempest"],"picked":"SKIP","floor":31.0},{"not_picked":["Core Surge","Biased Cognition"],"picked":"Rainbow","floor":33.0},{"not_picked":["Leap","Ball Lightning","Go for the Eyes"],"picked":"SKIP","floor":35.0},{"not_picked":["Heatsinks","Leap+1","Rebound"],"picked":"SKIP","floor":37.0},{"not_picked":["Gash+1","Thunder Strike","Beam Cell+1"],"picked":"SKIP","floor":39.0},{"not_picked":["Leap","Hyperbeam"],"picked":"Double Energy+1","floor":41.0},{"not_picked":["Conserve Battery","Hologram","Doom and Gloom"],"picked":"SKIP","floor":46.0},{"not_picked":["Stack","Lockon"],"picked":"Coolheaded+1","floor":47.0},{"not_picked":["Undo","Streamline","Coolheaded"],"picked":"SKIP","floor":47.0},{"not_picked":["Biased Cognition","Reboot","Leap"],"picked":"SKIP","floor":48.0}],"player_experience":238122,"relics_obtained":[{"floor":6.0,"key":"Happy Flower"},{"floor":8.0,"key":"Meat on the Bone"},{"floor":9.0,"key":"Centennial Puzzle"},{"floor":12.0,"key":"Girya"},{"floor":26.0,"key":"Dodecahedron"},{"floor":27.0,"key":"Pocketwatch"},{"floor":41.0,"key":"Prayer Wheel"},{"floor":43.0,"key":"Juzu Bracelet"},{"floor":46.0,"key":"Kunai"},{"floor":48.0,"key":"Ancient Tea Set"}],"event_choices":[{"damage_healed":0.0,"max_hp_gain":0.0,"max_hp_loss":0.0,"gold_gain":275.0,"event_name":"Golden Shrine","player_choice":"Desecrate","floor":2.0,"gold_loss":0.0,"damage_taken":0.0,"cards_obtained":["Regret"]},{"damage_healed":0.0,"max_hp_gain":0.0,"max_hp_loss":0.0,"gold_gain":0.0,"event_name":"Shining Light","player_choice":"Ignored","floor":5.0,"gold_loss":0.0,"damage_taken":0.0},{"damage_healed":0.0,"max_hp_gain":0.0,"max_hp_loss":0.0,"gold_gain":0.0,"event_name":"Scrap Ooze","player_choice":"Success","floor":11.0,"gold_loss":0.0,"damage_taken":7.0,"relics_obtained":["Blue Candle"]},{"damage_healed":0.0,"max_hp_gain":0.0,"max_hp_loss":0.0,"gold_gain":0.0,"cards_transformed":["Strike_B","Strike_B"],"event_name":"Drug Dealer","player_choice":"Became Test Subject","floor":19.0,"gold_loss":0.0,"damage_taken":0.0,"cards_obtained":["Buffer","Barrage"]},{"cards_removed":["Strike_B"],"damage_healed":0.0,"max_hp_gain":0.0,"max_hp_loss":0.0,"gold_gain":0.0,"event_name":"Back to Basics","player_choice":"Elegance","floor":24.0,"gold_loss":0.0,"damage_taken":0.0},{"damage_healed":0.0,"max_hp_gain":0.0,"max_hp_loss":4.0,"gold_gain":0.0,"event_name":"Winding Halls","player_choice":"Max HP","floor":38.0,"gold_loss":0.0,"damage_taken":0.0},{"damage_healed":0.0,"max_hp_gain":0.0,"max_hp_loss":0.0,"gold_gain":0.0,"event_name":"Accursed Blacksmith","player_choice":"Forge","floor":44.0,"gold_loss":0.0,"damage_taken":0.0,"cards_upgraded":["Capacitor"]}],"is_beta":false,"boss_relics":[{"not_picked":["Astrolabe","Velvet Choker"],"picked":"Tiny House"},{"not_picked":["Empty Cage","Eternal Feather"],"picked":"FrozenCore"}],"items_purged_floors":[3,21,36],"is_endless":false,"potions_floor_spawned":[1,6,12,13,14,18,27,29,31,37,41,47],"killed_by":"Awakened One","ascension_level":14}