{"path_per_floor":["M","M","?","M","M","R","E","R","T","R","E","$","E","?","R","B",null,"M","T","?","M","M","R"],"character_chosen":"DEFECT","items_purchased":["Self Repair","Cold Snap"],"gold_per_floor":[110,120,120,134,144,144,169,169,169,169,201,3,37,37,37,136,136,155,155,155,175,194,194,194],"floor_reached":24,"campfire_rested":1,"playtime":884,"item_purchase_floors":[12,12],"current_hp_per_floor":[68,67,67,65,61,61,36,36,36,58,64,64,48,48,48,46,78,78,78,78,73,81,81,0],"items_purged":["Strike_B"],"gold":194,"score":278,"play_id":"abd474f9-9764-4ec3-ad8a-af6cb1cbf7b3","local_time":"20180616231244","is_prod":false,"is_daily":false,"chose_seed":false,"is_ascension_mode":true,"campfire_upgraded":1,"win_rate":0,"timestamp":1529208764,"campfire_choices":[{"data":"Zap","floor":6,"key":"SMITH"},{"data":"1","floor":8,"key":"LIFT"},{"floor":10,"key":"REST"},{"data":"2","floor":15,"key":"LIFT"},{"data":"3","floor":23,"key":"LIFT"}],"path_taken":["M","M","?","M","M","R","E","R","T","R","E","$","E","?","R","BOSS","M","?","?","M","M","R","E"],"build_version":"2018-06-14v2","seed_source_timestamp":2662982314366427,"purchased_purges":1,"victory":false,"master_deck":["Strike_B","Strike_B","Strike_B","Defend_B","Defend_B","Defend_B","Defend_B","Zap+1","Dualcast","Streamline","Coolheaded","Melter","Compile Driver","Reinforced Body+1","Self Repair","Cold Snap","Fission+1","Conserve Battery+1","Beam Cell"],"max_hp_per_floor":[75,75,75,75,75,75,75,75,75,75,89,89,89,89,89,89,89,89,89,89,89,89,89,89],"relics":["Black Star","Girya","Sundial","Bird Faced Urn","Turnip","Mango","Peace Pipe","Torii","Fusion Hammer","Ornamental Fan"],"card_choices":[{"not_picked":["Storm","Turbo"],"picked":"Streamline","floor":1},{"not_picked":["Chill","Capacitor"],"picked":"Coolheaded","floor":2},{"not_picked":["Beam Cell","Ball Lightning"],"picked":"Melter","floor":4},{"not_picked":["Aggregate","Turbo","Scrape"],"picked":"SKIP","floor":5},{"not_picked":["Stack","Fusion"],"picked":"Compile Driver","floor":7},{"not_picked":["Melter","Coolheaded"],"picked":"Reinforced Body","floor":11},{"not_picked":["Barrage","Melter","Steam"],"picked":"SKIP","floor":13},{"not_picked":["Seek","Meteor Strike"],"picked":"Fission","floor":16},{"not_picked":["Steam","Reinforced Body"],"picked":"Conserve Battery+1","floor":18},{"not_picked":["Chill","Stack","Leap+1"],"picked":"SKIP","floor":21},{"not_picked":["Cold Snap","Turbo"],"picked":"Beam Cell","floor":22}],"player_experience":391187,"potions_floor_usage":[7,7,11,16,24,24],"damage_taken":[{"damage":0,"enemies":"Small Slimes","floor":1,"turns":3},{"damage":1,"enemies":"Cultist","floor":2,"turns":3},{"damage":2,"enemies":"2 Louse","floor":4,"turns":3},{"damage":4,"enemies":"Blue Slaver","floor":5,"turns":3},{"damage":25,"enemies":"Lagavulin","floor":7,"turns":7},{"damage":23,"enemies":"3 Sentries","floor":11,"turns":7},{"damage":25,"enemies":"Gremlin Nob","floor":13,"turns":5},{"damage":11,"enemies":"Hexaghost","floor":16,"turns":9},{"damage":0,"enemies":"Spheric Guardian","floor":18,"turns":1},{"damage":14,"enemies":"3 Byrds","floor":21,"turns":7},{"damage":1,"enemies":"Sentry and Sphere","floor":22,"turns":4},{"damage":85,"enemies":"Gremlin Leader","floor":24,"turns":9}],"relics_obtained":[{"floor":7,"key":"Girya"},{"floor":7,"key":"Sundial"},{"floor":9,"key":"Bird Faced Urn"},{"floor":11,"key":"Turnip"},{"floor":11,"key":"Mango"},{"floor":13,"key":"Peace Pipe"},{"floor":13,"key":"Torii"},{"floor":19,"key":"Ornamental Fan"}],"event_choices":[{"event_name":"The Lab","player_choice":"Got Potions","floor":3,"damage_taken":0},{"event_name":"Living Wall","player_choice":"Grow","floor":14,"damage_taken":0},{"event_name":"Upgrade Shrine","player_choice":"Upgraded","floor":20,"damage_taken":0}],"boss_relics":[{"not_picked":["Busted Crown","Runic Dome"],"picked":"Fusion Hammer"}],"items_purged_floors":[12],"is_endless":false,"potions_floor_spawned":[1,7,16,22],"seed_played":"2540487041236738037","killed_by":"Gremlin Leader","ascension_level":6,"potions_obtained":[{"floor":1,"key":"Weak Potion"},{"floor":3,"key":"SkillPotion"},{"floor":3,"key":"LiquidBronze"},{"floor":7,"key":"Regen Potion"},{"floor":16,"key":"SpeedPotion"},{"floor":22,"key":"Block Potion"}],"is_trial":false}