{"gold_per_floor":[110,127,127,92,111,122,122,151,175,48,73,85,110,125,125,228,228,242,242,261,360,360],"floor_reached":22,"playtime":868,"items_purged":["Strike_B"],"score":309,"play_id":"1c5cfb31-5f27-4ce7-9f6b-1da693813b6a","local_time":"20180627175828","is_ascension_mode":true,"campfire_choices":[{"data":"Streamline","floor":7,"key":"SMITH"},{"floor":15,"key":"REST"}],"neow_cost":"FIFTY_PERCENT_DAMAGE","seed_source_timestamp":259321045475274,"circlet_count":0,"master_deck":["Strike_B","Strike_B","Strike_B","Defend_B","Defend_B","Defend_B","Defend_B","Zap","Dualcast","Core Surge","Streamline+1","Hologram","Glacier","Compile Driver","Leap","Conserve Battery","Sweeping Beam","Seek","Static Discharge+1"],"relics":["Cracked Core","Boot","Strawberry","Ancient Tea Set","Gambling Chip","Regal Pillow","Inserter"],"potions_floor_usage":[8,11,18],"damage_taken":[{"damage":4,"enemies":"Jaw Worm","floor":1,"turns":3},{"damage":0,"enemies":"2 Louse","floor":2,"turns":2},{"damage":8,"enemies":"Small Slimes","floor":5,"turns":3},{"damage":12,"enemies":"Exordium Thugs","floor":6,"turns":4},{"damage":19,"enemies":"Lagavulin","floor":8,"turns":7},{"damage":0,"enemies":"3 Sentries","floor":11,"turns":9},{"damage":0,"enemies":"Large Slime","floor":12,"turns":4},{"damage":1,"enemies":"Exordium Wildlife","floor":14,"turns":2},{"damage":14,"enemies":"Slime Boss","floor":16,"turns":8},{"damage":26,"enemies":"3 Byrds","floor":18,"turns":6},{"damage":21,"enemies":"2 Thieves","floor":20,"turns":4},{"damage":20,"enemies":"Slaver and Parasite","floor":22,"turns":3}],"seed_played":"-6918311090741206839","potions_obtained":[{"floor":1,"key":"GamblersBrew"},{"floor":6,"key":"SkillPotion"},{"floor":8,"key":"SkillPotion"},{"floor":14,"key":"SkillPotion"}],"is_trial":false,"path_per_floor":["M","M","?","?","M","M","R","E","T","$","E","M","T","M","R","B",null,"M","?","M","?"],"character_chosen":"DEFECT","items_purchased":["Conserve Battery"],"campfire_rested":1,"item_purchase_floors":[10],"current_hp_per_floor":[30,30,23,41,33,21,21,9,9,9,9,9,9,8,47,33,70,44,36,15,15,0],"gold":360,"neow_bonus":"THREE_RARE_CARDS","is_prod":false,"is_daily":false,"chose_seed":false,"campfire_upgraded":1,"win_rate":0,"timestamp":1530140308,"path_taken":["M","M","?","?","?","M","R","E","T","?","E","M","?","M","R","BOSS","M","?","M","?","M"],"build_version":"2018-06-21v2","purchased_purges":1,"victory":false,"max_hp_per_floor":[75,75,75,75,75,75,75,82,82,82,82,82,82,82,82,82,82,82,82,82,82,82],"card_choices":[{"not_picked":["Rainbow","Biased Cognition"],"picked":"Core Surge","floor":0},{"not_picked":["Steam","Beam Cell"],"picked":"Streamline","floor":1},{"not_picked":["Barrage","Turbo"],"picked":"Hologram","floor":2},{"not_picked":["Gash","Sweeping Beam"],"picked":"Glacier","floor":5},{"not_picked":["Leap","Go for the Eyes"],"picked":"Compile Driver","floor":6},{"not_picked":["Doom and Gloom","Fusion"],"picked":"Leap","floor":8},{"not_picked":["Barrage","Beam Cell"],"picked":"Sweeping Beam","floor":11},{"not_picked":["Sweeping Beam","Leap","Beam Cell"],"picked":"SKIP","floor":12},{"not_picked":["Barrage","Go for the Eyes","Hologram"],"picked":"SKIP","floor":14},{"not_picked":["Creative AI","All For One"],"picked":"Seek","floor":16},{"not_picked":["Leap","Streamline","Stack+1"],"picked":"SKIP","floor":18},{"not_picked":["Sweeping Beam","Steam Power"],"picked":"Static Discharge+1","floor":20}],"player_experience":411151,"relics_obtained":[{"floor":8,"key":"Strawberry"},{"floor":9,"key":"Ancient Tea Set"},{"floor":11,"key":"Gambling Chip"},{"floor":13,"key":"Regal Pillow"}],"event_choices":[{"event_name":"Scrap Ooze","player_choice":"success","floor":3,"damage_taken":7},{"event_name":"The Cleric","player_choice":"Healed","floor":4,"damage_taken":0},{"event_name":"Knowing Skull","player_choice":"","floor":19,"damage_taken":0},{"event_name":"Nest","player_choice":"Stole From Cult","floor":21,"damage_taken":0}],"boss_relics":[{"not_picked":["White Beast Statue","Tiny House"],"picked":"Inserter"}],"items_purged_floors":[10],"is_endless":false,"potions_floor_spawned":[1,6,8,14],"killed_by":"Slaver and Parasite","ascension_level":8}