{"path_per_floor":["M","?","$","M","M","E","?","M","T","M","R","E","R","M","R","B",null,"M","?","M","?","M","R","$","M","T","M","?","R"],"character_chosen":"DEFECT","items_purchased":["Turbo","Defragment","Thunder Strike"],"gold_per_floor":[113,63,40,55,67,100,100,114,114,127,127,171,171,196,196,315,315,339,264,280,280,303,303,49,72,72,95,95,95,95],"floor_reached":30,"campfire_rested":2,"playtime":1224,"item_purchase_floors":[3,24,24],"current_hp_per_floor":[74,74,74,62,54,43,43,26,26,8,30,24,49,47,47,9,85,77,77,44,72,57,57,57,57,57,41,41,41,0],"items_purged":["Injury"],"gold":95,"score":290,"play_id":"3ddbecb6-bf26-4390-bcbe-8799818cd299","local_time":"20180611180853","is_prod":false,"is_daily":false,"chose_seed":false,"is_ascension_mode":true,"campfire_upgraded":3,"win_rate":0,"timestamp":1528758533,"campfire_choices":[{"floor":11,"key":"REST"},{"floor":13,"key":"REST"},{"data":"Chaos","floor":15,"key":"SMITH"},{"data":"Static Discharge","floor":23,"key":"SMITH"},{"data":"Defragment","floor":29,"key":"SMITH"}],"path_taken":["M","?","?","M","M","E","?","M","T","M","R","E","R","M","R","BOSS","M","?","M","?","M","R","$","M","T","M","?","R","M"],"build_version":"2018-06-07v3","seed_source_timestamp":2212423748950131,"purchased_purges":1,"victory":false,"master_deck":["Strike_B","Strike_B","Defend_B","Defend_B","Defend_B","Defend_B","Zap","Dualcast","Compile Driver","Turbo","White Noise","Static Discharge+1","Stack","Storm","Conserve Battery","Ball Lightning","Chaos+1","Meteor Strike","White Noise","Coolheaded","Auto Shields","Defragment+1","Thunder Strike","Aggregate+1","Glacier"],"max_hp_per_floor":[75,75,75,75,75,75,75,75,75,75,75,85,85,85,85,85,85,85,85,85,85,85,85,85,85,85,85,85,85,85],"relics":["Cracked Core","Juzu Bracelet","Golden Idol","Cables","Pear","Runic Pyramid","Girya"],"card_choices":[{"not_picked":["Heatsinks","Turbo"],"picked":"Compile Driver","floor":1},{"not_picked":["Compile Driver","Scrape"],"picked":"White Noise","floor":4},{"not_picked":["Auto Shields","Lockon"],"picked":"Static Discharge","floor":5},{"not_picked":["Hologram","Beam Cell"],"picked":"Stack","floor":6},{"not_picked":["Cold Snap","Multi-Cast"],"picked":"Storm","floor":8},{"not_picked":["Streamline","Barrage"],"picked":"Conserve Battery","floor":10},{"not_picked":["Steam Power","Gash"],"picked":"Ball Lightning","floor":12},{"not_picked":["Hologram","Go for the Eyes"],"picked":"Chaos","floor":14},{"not_picked":["Creative AI","Thunder Strike"],"picked":"Meteor Strike","floor":16},{"not_picked":["Go for the Eyes","Recycle+1"],"picked":"White Noise","floor":18},{"not_picked":["Leap","Beam Cell"],"picked":"Coolheaded","floor":20},{"not_picked":["Genetic Algorithm+1","Coolheaded"],"picked":"Auto Shields","floor":22},{"not_picked":["Force Field","Redo"],"picked":"Aggregate+1","floor":25},{"not_picked":["Sweeping Beam","Redo"],"picked":"Glacier","floor":27}],"player_experience":367920,"potions_floor_usage":[6,12,12,16,30],"damage_taken":[{"damage":1,"enemies":"Cultist","floor":1,"turns":4},{"damage":12,"enemies":"Jaw Worm","floor":4,"turns":2},{"damage":8,"enemies":"2 Louse","floor":5,"turns":2},{"damage":18,"enemies":"Lagavulin","floor":6,"turns":7},{"damage":17,"enemies":"Large Slime","floor":8,"turns":4},{"damage":18,"enemies":"3 Louse","floor":10,"turns":3},{"damage":16,"enemies":"Gremlin Nob","floor":12,"turns":4},{"damage":2,"enemies":"2 Fungi Beasts","floor":14,"turns":3},{"damage":50,"enemies":"The Guardian","floor":16,"turns":8},{"damage":8,"enemies":"Chosen","floor":18,"turns":5},{"damage":33,"enemies":"2 Thieves","floor":20,"turns":4},{"damage":15,"enemies":"Cultist and Chosen","floor":22,"turns":6},{"damage":0,"enemies":"Centurion and Healer","floor":25,"turns":3},{"damage":16,"enemies":"Snecko","floor":27,"turns":4},{"damage":42,"enemies":"Cultist and Chosen","floor":30,"turns":6}],"relics_obtained":[{"floor":6,"key":"Juzu Bracelet"},{"floor":9,"key":"Cables"},{"floor":12,"key":"Pear"},{"floor":26,"key":"Girya"}],"event_choices":[{"event_name":"The Cleric","player_choice":"Card Removal","floor":2,"damage_taken":0},{"event_name":"Golden Idol","player_choice":"Take Wound","floor":7,"damage_taken":0},{"event_name":"Beggar","player_choice":"Gave Gold","floor":19,"damage_taken":0},{"event_name":"The Library","player_choice":"Heal","floor":21,"damage_taken":0},{"event_name":"Drug Dealer","player_choice":"Ignored","floor":28,"damage_taken":0}],"boss_relics":[{"not_picked":["Calling Bell","Runic Dome"],"picked":"Runic Pyramid"}],"items_purged_floors":[24],"potions_floor_spawned":[1,5,6,10,25,27],"seed_played":"-4565672673065672419","killed_by":"Cultist and Chosen","ascension_level":4,"potions_obtained":[{"floor":1,"key":"Regen Potion"},{"floor":5,"key":"Block Potion"},{"floor":6,"key":"Weak Potion"},{"floor":10,"key":"SteroidPotion"},{"floor":25,"key":"Regen Potion"},{"floor":27,"key":"Explosive Potion"}],"is_trial":false}