{"gold_per_floor":[112,129,129,146,166,166,198,198,198,216,247,257,257,275,275,352,352,372,384,403,275,190,190,67,402,402,415,16,16,30,47,47,126,126,144,144,157,176,2,2],"floor_reached":40,"playtime":2324,"items_purged":["Strike_R","Strike_R"],"score":894,"play_id":"05758f9e-26ff-4b14-bba0-917e8847fb53","local_time":"20190210111655","is_ascension_mode":true,"campfire_choices":[{"data":"Bash","floor":6.0,"key":"SMITH"},{"floor":8.0,"key":"REST"},{"data":"Feed","floor":13.0,"key":"SMITH"},{"floor":15,"key":"REST"},{"floor":23,"key":"REST"},{"floor":29,"key":"REST"},{"floor":32,"key":"REST"}],"neow_cost":"PERCENT_DAMAGE","seed_source_timestamp":0,"circlet_count":0,"master_deck":["AscendersBane","Strike_R","Strike_R","Defend_R","Defend_R","Defend_R","Defend_R+1","Bash+1","Feed+1","Anger","Headbutt","Shrug It Off+1","Twin Strike","Pommel Strike","Combust+1","Dark Embrace+1","Metallicize+1","Clothesline","Offering","True Grit","Metallicize+1","Corruption+1","Spot Weakness","Sword Boomerang+1","Demon Form+1","Mayhem+1","Whirlwind+1","Limit Break","Shrug It Off","Battle Trance","Reaper+1","True Grit+1","Body Slam+1","Uppercut+1"],"special_seed":0,"relics":["Burning Blood","Gremlin Horn","Frozen Egg 2","War Paint","Black Star","Prayer Wheel","Old Coin","Mercury Hourglass","Molten Egg 2","Happy Flower","Runic Dome"],"potions_floor_usage":[14,19,20,25,25,33,33],"damage_taken":[{"damage":9.0,"enemies":"Small Slimes","floor":1.0,"turns":5.0},{"damage":1.0,"enemies":"Cultist","floor":2.0,"turns":3.0},{"damage":9.0,"enemies":"2 Louse","floor":4.0,"turns":3.0},{"damage":14.0,"enemies":"Blue Slaver","floor":5.0,"turns":5.0},{"damage":34.0,"enemies":"3 Sentries","floor":7.0,"turns":8.0},{"damage":10.0,"enemies":"Red Slaver","floor":10.0,"turns":3.0},{"damage":34.0,"enemies":"Lagavulin","floor":11.0,"turns":6.0},{"damage":1.0,"enemies":"2 Fungi Beasts","floor":12.0,"turns":3.0},{"damage":0,"enemies":"Large Slime","floor":14,"turns":5},{"damage":44,"enemies":"Slime Boss","floor":16,"turns":8},{"damage":14,"enemies":"3 Byrds","floor":18,"turns":4},{"damage":9,"enemies":"2 Thieves","floor":19,"turns":5},{"damage":38,"enemies":"Chosen and Byrds","floor":20,"turns":5},{"damage":56,"enemies":"Slavers","floor":25,"turns":6},{"damage":9,"enemies":"Sentry and Sphere","floor":27,"turns":4},{"damage":35,"enemies":"Snake Plant","floor":30,"turns":5},{"damage":38,"enemies":"Cultist and Chosen","floor":31,"turns":6},{"damage":34,"enemies":"Collector","floor":33,"turns":7},{"damage":35,"enemies":"3 Darklings","floor":35,"turns":3},{"damage":12,"enemies":"3 Shapes","floor":37,"turns":4},{"damage":45,"enemies":"Spire Growth","floor":38,"turns":6},{"damage":36,"enemies":"Nemesis","floor":40,"turns":2}],"seed_played":"8444514463009927872","potions_obtained":[{"floor":1.0,"key":"Block Potion"},{"floor":2.0,"key":"PowerPotion"},{"floor":11.0,"key":"SmokeBomb"},{"floor":12.0,"key":"Swift Potion"},{"floor":16,"key":"BloodPotion"},{"floor":18,"key":"SkillPotion"},{"floor":19,"key":"Weak Potion"},{"floor":25,"key":"GamblersBrew"},{"floor":35,"key":"Fire Potion"}],"is_trial":false,"path_per_floor":["M","M","?","M","M","R","E","R","T","M","E","M","R","M","R","B",null,"M","M","M","$","?","R","$","E","T","M","$","R","M","M","R","B",null,"M","?","M","M","$","E"],"character_chosen":"IRONCLAD","items_purchased":["Strength Potion","Corruption+1","Spot Weakness","Mayhem+1","Happy Flower","Swift Potion","Uppercut+1"],"campfire_rested":5,"item_purchase_floors":[21,24,24,28,28,28,39],"current_hp_per_floor":[50,58,58,58,53,53,28,55,55,54,26,34,34,44,74,40,88,80,81,49,49,49,81,81,35,35,36,36,70,41,13,49,21,95,66,66,60,29,29,0],"gold":2,"neow_bonus":"THREE_RARE_CARDS","is_prod":false,"is_daily":false,"chose_seed":false,"campfire_upgraded":2,"win_rate":0,"timestamp":1549815415,"path_taken":["M","M","?","?","M","R","E","R","T","?","E","M","R","M","R","BOSS","M","M","M","?","?","R","$","E","T","M","$","R","M","M","R","BOSS","M","?","M","M","$","E"],"build_version":"2019-01-23","purchased_purges":2,"victory":false,"max_hp_per_floor":[78,81,81,84,87,87,90,90,90,93,93,96,96,100,100,104,104,104,108,108,108,108,108,108,112,112,116,116,116,116,120,120,120,120,120,120,120,120,120,120],"card_choices":[{"not_picked":["Limit Break","Fiend Fire"],"picked":"Feed","floor":0.0},{"not_picked":["Heavy Blade","Disarm"],"picked":"Anger","floor":1.0},{"not_picked":["Thunderclap","Rupture"],"picked":"Headbutt","floor":2.0},{"not_picked":["Iron Wave","Ghostly Armor"],"picked":"Shrug It Off","floor":4.0},{"not_picked":["Anger","Body Slam"],"picked":"Twin Strike","floor":5.0},{"not_picked":["Sentinel","Reckless Charge"],"picked":"Pommel Strike","floor":7.0},{"not_picked":["Entrench","Heavy Blade"],"picked":"Combust+1","floor":10.0},{"not_picked":["Dropkick","Twin Strike"],"picked":"Dark Embrace+1","floor":11.0},{"not_picked":["Twin Strike","Headbutt"],"picked":"Metallicize+1","floor":12.0},{"not_picked":["Combust+1","True Grit"],"picked":"Clothesline","floor":14},{"not_picked":["Double Tap","Barricade+1"],"picked":"Offering","floor":16},{"not_picked":["Hemokinesis","Thunderclap"],"picked":"True Grit","floor":18},{"not_picked":["Anger","Clash"],"picked":"Metallicize+1","floor":19},{"not_picked":["Hemokinesis","Bloodletting","Twin Strike"],"picked":"SKIP","floor":20},{"not_picked":["Second Wind","Iron Wave","Cleave+1"],"picked":"SKIP","floor":25},{"not_picked":["Havoc","Iron Wave+1"],"picked":"Sword Boomerang+1","floor":27},{"not_picked":["Headbutt+1","Hemokinesis+1"],"picked":"Demon Form+1","floor":27},{"not_picked":["Heavy Blade+1","Flex","Rupture+1"],"picked":"SKIP","floor":30},{"not_picked":["True Grit","Thunderclap+1","Ghostly Armor"],"picked":"SKIP","floor":30},{"not_picked":["Heavy Blade+1","Flex","Rupture+1"],"picked":"SKIP","floor":30},{"not_picked":["True Grit","Thunderclap+1","Ghostly Armor"],"picked":"SKIP","floor":30},{"not_picked":["Flame Barrier","True Grit"],"picked":"Whirlwind+1","floor":31},{"not_picked":["Sword Boomerang+1","Armaments","Dropkick+1"],"picked":"SKIP","floor":31},{"not_picked":["Brutality+1","Immolate+1"],"picked":"Limit Break","floor":33},{"not_picked":["Havoc+1","Cleave+1"],"picked":"Shrug It Off","floor":35},{"not_picked":["Dual Wield","Warcry"],"picked":"Battle Trance","floor":35},{"not_picked":["Clothesline+1","Rage+1"],"picked":"Reaper+1","floor":37},{"not_picked":["Heavy Blade+1","Rage","Havoc"],"picked":"SKIP","floor":37},{"not_picked":["Pommel Strike+1","Heavy Blade+1"],"picked":"True Grit+1","floor":38},{"not_picked":["Combust+1","Perfected Strike+1"],"picked":"Body Slam+1","floor":38}],"player_experience":813253,"relics_obtained":[{"floor":7.0,"key":"Gremlin Horn"},{"floor":9.0,"key":"Frozen Egg 2"},{"floor":11.0,"key":"War Paint"},{"floor":25,"key":"Old Coin"},{"floor":25,"key":"Mercury Hourglass"},{"floor":26,"key":"Molten Egg 2"}],"event_choices":[{"cards_removed":["Strike_R"],"damage_healed":0.0,"max_hp_gain":0.0,"max_hp_loss":0.0,"gold_gain":0.0,"event_name":"Bonfire Elementals","player_choice":"Offered Basic","floor":3.0,"gold_loss":0.0,"damage_taken":0.0},{"damage_healed":0,"gold_gain":0,"player_choice":"Obtained Relic","damage_taken":0,"relics_obtained":["Prayer Wheel"],"max_hp_gain":0,"max_hp_loss":0,"event_name":"Addict","floor":22,"gold_loss":85},{"damage_healed":0,"gold_gain":0,"player_choice":"Ignored","damage_taken":0,"max_hp_gain":0,"max_hp_loss":0,"event_name":"Mysterious Sphere","floor":36,"gold_loss":0}],"is_beta":false,"boss_relics":[{"not_picked":["Velvet Choker","Busted Crown"],"picked":"Black Star"},{"not_picked":["Empty Cage","White Beast Statue"],"picked":"Runic Dome"}],"items_purged_floors":[21,39],"is_endless":false,"potions_floor_spawned":[1,2,11,12,16,18,19,25,31,35],"killed_by":"Nemesis","ascension_level":20}