{"gold_per_floor":[359,434,446,25,38,38,71,71,119,134,161,161,187,198,198,277,277,294,344,344,269,279,279,20,39,90,90,118,135,163,183,183,260,260,275,291,291,1290,1290,1290,1290,1290,1313,857,889,480,499,524,524,524],"floor_reached":50,"playtime":1805,"items_purged":["Strike_B","Strike_B","Strike_B"],"score":1262,"play_id":"58e163e0-1b9c-4af5-8994-2c9303abc847","local_time":"20190225141927","is_ascension_mode":true,"campfire_choices":[{"data":"Zap","floor":6.0,"key":"SMITH"},{"data":"Loop","floor":12.0,"key":"SMITH"},{"data":"Defragment","floor":15.0,"key":"SMITH"},{"data":"Biased Cognition","floor":23.0,"key":"SMITH"},{"data":"Storm","floor":27.0,"key":"SMITH"},{"data":"Defragment","floor":32.0,"key":"SMITH"},{"data":"Self Repair","floor":40.0,"key":"SMITH"},{"floor":42.0,"key":"RECALL"},{"data":"Fission","floor":49,"key":"SMITH"}],"neow_cost":"TEN_PERCENT_HP_LOSS","seed_source_timestamp":52880113637757,"circlet_count":0,"master_deck":["AscendersBane","Defend_B","Defend_B","Defend_B","Defend_B","Zap+1","Dualcast","Compile Driver+1","Conserve Battery","FTL","Doom and Gloom+1","Rip and Tear","Consume+1","Chill","Loop+1","Defragment+1","Storm+1","Biased Cognition+1","Cold Snap","Self Repair+1","Genetic Algorithm","Defragment+1","Meteor Strike","Finesse","Static Discharge","Reinforced Body","Coolheaded","Dark Shackles","Coolheaded","Fission+1"],"special_seed":0,"relics":["Cracked Core","Sling","PreservedInsect","Bag of Marbles","Vajra","Matryoshka","Nuclear Battery","Oddly Smooth Stone","FossilizedHelix","Membership Card","Kunai","Bronze Scales","Omamori","Whetstone","Coffee Dripper","Anchor","Gremlin Horn","Mango","Blood Vial","Potion Belt","MealTicket","Du-Vu Doll"],"potions_floor_usage":[45,47,50,50,50],"damage_taken":[{"damage":3.0,"enemies":"2 Louse","floor":1.0,"turns":3.0},{"damage":0.0,"enemies":"Cultist","floor":3.0,"turns":3.0},{"damage":9.0,"enemies":"Small Slimes","floor":5.0,"turns":2.0},{"damage":1.0,"enemies":"Lagavulin","floor":7.0,"turns":6.0},{"damage":0.0,"enemies":"Exordium Thugs","floor":10.0,"turns":3.0},{"damage":3.0,"enemies":"3 Sentries","floor":11.0,"turns":3.0},{"damage":0.0,"enemies":"Gremlin Nob","floor":13.0,"turns":2.0},{"damage":7.0,"enemies":"3 Louse","floor":14.0,"turns":3.0},{"damage":28.0,"enemies":"Hexaghost","floor":16.0,"turns":9.0},{"damage":6.0,"enemies":"2 Thieves","floor":18.0,"turns":4.0},{"damage":0.0,"enemies":"Chosen","floor":22.0,"turns":3.0},{"damage":0.0,"enemies":"3 Cultists","floor":25.0,"turns":4.0},{"damage":12.0,"enemies":"Gremlin Leader","floor":28.0,"turns":4.0},{"damage":0.0,"enemies":"Chosen and Byrds","floor":29.0,"turns":4.0},{"damage":21.0,"enemies":"Slavers","floor":30.0,"turns":3.0},{"damage":0.0,"enemies":"Snake Plant","floor":31.0,"turns":2.0},{"damage":32.0,"enemies":"Automaton","floor":33.0,"turns":10.0},{"damage":22.0,"enemies":"3 Darklings","floor":35.0,"turns":4.0},{"damage":0.0,"enemies":"Orb Walker","floor":36.0,"turns":2.0},{"damage":19,"enemies":"Giant Head","floor":45,"turns":7},{"damage":0,"enemies":"4 Shapes","floor":47,"turns":1},{"damage":51,"enemies":"Nemesis","floor":48,"turns":9},{"damage":23,"enemies":"Awakened One","floor":50,"turns":3}],"seed_played":"-4297556685204191493","potions_obtained":[{"floor":1.0,"key":"EssenceOfSteel"},{"floor":3.0,"key":"Weak Potion"},{"floor":13.0,"key":"Fire Potion"},{"floor":14.0,"key":"Swift Potion"},{"floor":18.0,"key":"SteroidPotion"},{"floor":22.0,"key":"SteroidPotion"},{"floor":33.0,"key":"SpeedPotion"},{"floor":35.0,"key":"Strength Potion"},{"floor":45,"key":"Explosive Potion"},{"floor":48,"key":"Explosive Potion"}],"is_trial":false,"path_per_floor":["M","?","M","$","M","R","E","?","T","M","E","R","E","M","R","B",null,"M","?","T","?","M","R","$","M","T","R","E","M","E","M","R","B",null,"M","M","?","?","?","R","?","R","T","$","E","$","M","E","R","B"],"character_chosen":"DEFECT","items_purchased":["FTL","Doom and Gloom","Sling","Membership Card","Self Repair","Static Discharge","Anchor","Reinforced Body","Gremlin Horn","Coolheaded","Weak Potion","Dark Shackles","Blood Vial","Potion Belt","Dexterity Potion","MealTicket","Strength Potion","Coolheaded"],"campfire_rested":0,"item_purchase_floors":[4,4,4,24,24,44,44,44,44,44,44,44,46,46,46,46,46,46],"current_hp_per_floor":[61,50,50,50,41,41,40,40,40,40,37,37,37,30,30,2,49,43,43,43,43,43,43,43,50,50,50,45,52,38,38,38,13,51,36,36,36,36,36,36,36,36,36,36,41,41,53,14,14,0],"gold":524,"neow_bonus":"TWO_FIFTY_GOLD","is_prod":false,"is_daily":false,"chose_seed":false,"campfire_upgraded":8,"win_rate":0,"timestamp":1551122367,"path_taken":["M","?","M","$","M","R","E","?","T","?","E","R","E","M","R","BOSS","M","?","?","?","M","R","$","M","T","R","E","M","E","?","R","BOSS","M","?","?","?","?","R","?","R","T","?","E","$","?","E","R","BOSS"],"build_version":"2019-01-23","purchased_purges":3,"victory":false,"max_hp_per_floor":[64,64,64,64,64,64,64,64,64,64,64,64,64,64,64,64,64,64,64,64,64,64,64,64,64,64,64,64,64,64,64,64,64,64,64,64,64,64,61,61,61,61,61,61,75,75,75,75,75,75],"card_choices":[{"not_picked":["Force Field","Beam Cell"],"picked":"Compile Driver","floor":1.0},{"not_picked":["Recycle","Skim"],"picked":"Conserve Battery","floor":3.0},{"not_picked":["Skim","Beam Cell"],"picked":"Rip and Tear","floor":5.0},{"not_picked":["Rebound","Rip and Tear"],"picked":"Consume","floor":7.0},{"not_picked":["Hologram","Gash"],"picked":"Chill","floor":10.0},{"not_picked":["Steam Power","Auto Shields"],"picked":"Loop","floor":11.0},{"not_picked":["Creative AI","Stack"],"picked":"Defragment","floor":13.0},{"not_picked":["Darkness","Go for the Eyes"],"picked":"Storm","floor":14.0},{"not_picked":["Machine Learning","Creative AI"],"picked":"Biased Cognition","floor":16.0},{"not_picked":["Blizzard","Steam","Melter"],"picked":"SKIP","floor":18.0},{"not_picked":["Hologram","BootSequence"],"picked":"Cold Snap","floor":22.0},{"not_picked":["Ball Lightning","Steam"],"picked":"Genetic Algorithm","floor":25.0},{"not_picked":["Turbo","Cold Snap+1"],"picked":"Genetic Algorithm","floor":28.0},{"not_picked":["Melter","Rebound"],"picked":"Defragment","floor":29.0},{"not_picked":["Darkness","Beam Cell","Compile Driver"],"picked":"SKIP","floor":30.0},{"not_picked":["Rebound+1","Steam+1","Hologram"],"picked":"SKIP","floor":31.0},{"not_picked":["All For One","Multi-Cast"],"picked":"Meteor Strike","floor":33.0},{"not_picked":["Leap","Beam Cell","Gash"],"picked":"SKIP","floor":35.0},{"not_picked":["Barrage","Rebound","Beam Cell"],"picked":"SKIP","floor":36.0},{"not_picked":["Deep Breath","Forethought"],"picked":"Finesse","floor":41.0},{"not_picked":["Darkness+1","Rip and Tear","Rebound"],"picked":"SKIP","floor":45},{"not_picked":["Go for the Eyes","Streamline+1"],"picked":"Fission","floor":47},{"not_picked":["Coolheaded","Steam","Rebound"],"picked":"SKIP","floor":48}],"player_experience":874897,"relics_obtained":[{"floor":7.0,"key":"PreservedInsect"},{"floor":9.0,"key":"Bag of Marbles"},{"floor":11.0,"key":"Vajra"},{"floor":13.0,"key":"Matryoshka"},{"floor":20.0,"key":"Oddly Smooth Stone"},{"floor":20.0,"key":"FossilizedHelix"},{"floor":26.0,"key":"Kunai"},{"floor":26.0,"key":"Bronze Scales"},{"floor":28.0,"key":"Omamori"},{"floor":30.0,"key":"Whetstone"},{"floor":45,"key":"Mango"},{"floor":48,"key":"Du-Vu Doll"}],"event_choices":[{"damage_healed":0.0,"max_hp_gain":0.0,"max_hp_loss":0.0,"gold_gain":75.0,"event_name":"World of Goop","player_choice":"Gather Gold","floor":2.0,"gold_loss":0.0,"damage_taken":11.0},{"damage_healed":0.0,"max_hp_gain":0.0,"max_hp_loss":0.0,"gold_gain":0.0,"event_name":"Upgrade Shrine","player_choice":"Upgraded","floor":8.0,"gold_loss":0.0,"damage_taken":0.0,"cards_upgraded":["Consume"]},{"damage_healed":0.0,"max_hp_gain":0.0,"max_hp_loss":0.0,"gold_gain":50.0,"event_name":"Nest","player_choice":"Stole From Cult","floor":19.0,"gold_loss":0.0,"damage_taken":0.0},{"cards_removed":["Strike_B"],"damage_healed":0.0,"max_hp_gain":0.0,"max_hp_loss":0.0,"gold_gain":0.0,"event_name":"Beggar","player_choice":"Gave Gold","floor":21.0,"gold_loss":75.0,"damage_taken":0.0},{"cards_removed":["Genetic Algorithm"],"damage_healed":0.0,"max_hp_gain":0.0,"max_hp_loss":0.0,"gold_gain":0.0,"event_name":"Falling","player_choice":"Removed Skill","floor":37.0,"gold_loss":0.0,"damage_taken":0.0},{"damage_healed":0.0,"max_hp_gain":0.0,"max_hp_loss":0.0,"gold_gain":999.0,"event_name":"MindBloom","player_choice":"Gold","floor":38.0,"gold_loss":0.0,"damage_taken":0.0,"cards_obtained":["Normality","Normality"]},{"damage_healed":0.0,"max_hp_gain":0.0,"max_hp_loss":3.0,"gold_gain":0.0,"event_name":"Winding Halls","player_choice":"Max HP","floor":39.0,"gold_loss":0.0,"damage_taken":0.0},{"damage_healed":0.0,"max_hp_gain":0.0,"max_hp_loss":0.0,"gold_gain":0.0,"event_name":"SensoryStone","player_choice":"Memory 1","floor":41.0,"gold_loss":0.0,"damage_taken":0.0}],"is_beta":false,"boss_relics":[{"not_picked":["Calling Bell","Orrery"],"picked":"Nuclear Battery"},{"not_picked":["Pandora\u0027s Box","Black Star"],"picked":"Coffee Dripper"}],"items_purged_floors":[4,44,46],"is_endless":false,"potions_floor_spawned":[1,3,13,14,18,22,31,33,35,45,48],"killed_by":"Awakened One","ascension_level":20}