{"path_per_floor":["M","M","$","?","$","E","R","E","T","T","E","M","R","M","R","B",null,"M","M","?","$","?","R","?","E","T","E","R","M","R","?","R","B",null,"M","?","?","?","M","E","R","M","T","M","R","M","$","?","R","B"],"character_chosen":"IRONCLAD","items_purchased":["Flex","Art of War","Bottled Flame"],"gold_per_floor":[113,132,57,57,10,44,44,78,123,148,176,191,191,211,211,312,312,326,309,309,61,61,61,61,89,89,119,119,129,129,129,129,232,232,245,245,245,296,312,375,375,391,391,406,406,417,34,34,34,34],"floor_reached":51,"campfire_rested":2,"playtime":1988,"current_hp_per_floor":[74,77,77,77,77,60,60,35,35,35,35,34,34,32,71,36,69,53,57,41,41,41,80,80,43,43,43,43,49,49,49,49,59,75,62,62,52,55,79,67,67,46,46,78,78,75,75,75,75,13],"items_purged":["Pain","Strike_R","Strike_R"],"gold":34,"score":1035,"play_id":"ddbfe6d0-fbec-44e0-8b03-72110f5ddb32","local_time":"20180311224619","is_prod":false,"is_daily":false,"is_ascension_mode":true,"campfire_upgraded":8,"timestamp":1520829979,"path_taken":["M","M","$","?","?","E","R","E","T","?","E","?","R","M","R","BOSS","M","M","?","$","?","R","?","E","T","E","R","?","R","?","R","BOSS","M","?","?","?","M","E","R","M","T","?","R","M","$","?","R","BOSS"],"build_version":"2018-03-09","purchased_purges":3,"victory":true,"master_deck":["Defend_R","Defend_R","Defend_R","Bash+1","Limit Break+1","Iron Wave+1","Hemokinesis+1","Flex+1","Shrug It Off+1","Infernal Blade+1","Reaper","Inflame","Demon Form+1","Clash+1","Berserk","Whirlwind+1","Brutality+1","Combust+1","Bash+1","Madness+1","Madness","Pummel+1","Reaper","Double Tap+1"],"max_hp_per_floor":[80,80,80,80,80,80,80,80,80,80,80,80,80,80,80,80,80,80,80,80,80,80,80,80,80,80,80,80,80,80,80,80,80,80,80,80,80,80,80,80,80,80,80,80,80,80,80,80,80,80],"relics":["Burning Blood","Lantern","Orichalcum","Regal Pillow","War Paint","Centennial Puzzle","Runic Dome","Enchiridion","Art of War","Kunai","Self Forming Clay","Blood Vial","Omamori","Astrolabe","Torii","Tiny Chest","Whetstone","Bottled Flame"],"card_choices":[{"not_picked":["Brutality","Exhume"],"picked":"Limit Break"},{"not_picked":["Heavy Blade","Entrench"],"picked":"Iron Wave"},{"not_picked":["Inflame","Reckless Charge"],"picked":"Hemokinesis"},{"not_picked":["Body Slam","Blood for Blood"],"picked":"Shrug It Off"},{"not_picked":["Carnage","Armaments"],"picked":"Infernal Blade"},{"not_picked":["Clothesline","Armaments"],"picked":"Reaper"},{"not_picked":["True Grit","Intimidate"],"picked":"Inflame"},{"not_picked":["Fiend Fire","Double Tap"],"picked":"Demon Form"},{"not_picked":["Shrug It Off","Carnage"],"picked":"Clash"},{"not_picked":["Double Tap","Fiend Fire"],"picked":"Berserk"},{"not_picked":["Iron Wave","Burning Pact"],"picked":"Pummel"},{"not_picked":["Clothesline","Body Slam"],"picked":"Reaper"}],"player_experience":192717,"potions_floor_usage":[6,8,11,18,25,25,27,33,38,44,50],"damage_taken":[{"damage":4,"enemies":"2 Louse","floor":1,"turns":3},{"damage":3,"enemies":"Cultist","floor":2,"turns":4},{"damage":23,"enemies":"Gremlin Nob","floor":6,"turns":4},{"damage":31,"enemies":"Lagavulin","floor":8,"turns":5},{"damage":6,"enemies":"3 Sentries","floor":11,"turns":7},{"damage":7,"enemies":"Jaw Worm","floor":12,"turns":2},{"damage":16,"enemies":"Exordium Thugs","floor":14,"turns":4},{"damage":50,"enemies":"Slime Boss","floor":16,"turns":13},{"damage":30,"enemies":"3 Byrds","floor":18,"turns":5},{"damage":26,"enemies":"2 Thieves","floor":19,"turns":4},{"damage":61,"enemies":"Book of Stabbing","floor":25,"turns":6},{"damage":36,"enemies":"Slavers","floor":27,"turns":5},{"damage":17,"enemies":"Snecko","floor":29,"turns":3},{"damage":68,"enemies":"Collector","floor":33,"turns":6},{"damage":54,"enemies":"3 Darklings","floor":35,"turns":5},{"damage":24,"enemies":"Mysterious Sphere","floor":38,"turns":2},{"damage":13,"enemies":"3 Shapes","floor":39,"turns":7},{"damage":19,"enemies":"Giant Head","floor":40,"turns":5},{"damage":67,"enemies":"3 Darklings","floor":42,"turns":5},{"damage":12,"enemies":"Sphere and 2 Shapes","floor":44,"turns":4},{"damage":30,"enemies":"Maw","floor":46,"turns":6},{"damage":70,"enemies":"Time Eater","floor":50,"turns":5}],"event_choices":[{"event_name":"The Lab","player_choice":"Got Potions","floor":4,"damage_taken":0},{"event_name":"Cursed Tome","player_choice":"Obtained Book","floor":20,"damage_taken":0},{"event_name":"Addict","player_choice":"Ignored","floor":22,"damage_taken":0},{"event_name":"Drug Dealer","player_choice":"Ignored","floor":24,"damage_taken":0},{"event_name":"The Mausoleum","player_choice":"Yes","floor":31,"damage_taken":0},{"event_name":"Match and Keep!","player_choice":"2 cards matched","floor":36,"damage_taken":0},{"event_name":"Winding Halls","player_choice":"Embrace Madness","floor":37,"damage_taken":0},{"event_name":"Mysterious Sphere","player_choice":"Fight","floor":38,"damage_taken":0},{"event_name":"Transmorgrifier","player_choice":"Transform","floor":48,"damage_taken":0}],"boss_relics":[{"not_picked":["White Beast Statue","Eternal Feather"],"picked":"Runic Dome"},{"not_picked":["Black Blood","Orrery"],"picked":"Astrolabe"}],"potions_floor_spawned":[2,8,14,18,19,25,33,39,44],"seed_played":"7568933855904590347","ascension_level":9,"is_trial":false}