{"gold_per_floor":[119,69,81,81,97,97,114,130,177,192,48,59,59,23,23,118,118,132,60,60,60,74,74,88,117,141,69,81,81,153,6,6,103,153,169,169,169,3,23,23,36,36,62,80,0,20,20,34,34,34],"floor_reached":57,"playtime":3373,"items_purged":[],"score":1072,"play_id":"23747cdf-7150-40f5-b679-26b0716466a1","local_time":"20190101154351","is_ascension_mode":true,"campfire_choices":[{"data":"Zap","floor":6.0,"key":"SMITH"},{"data":"Dualcast","floor":13.0,"key":"SMITH"},{"data":"Defragment","floor":15.0,"key":"SMITH"},{"data":"Redo","floor":23.0,"key":"SMITH"},{"data":"Defragment","floor":29.0,"key":"SMITH"},{"data":"Loop","floor":32.0,"key":"SMITH"},{"floor":46.0,"key":"REST"},{"floor":53.0,"key":"REST"},{"floor":55,"key":"REST"}],"neow_cost":"NONE","seed_source_timestamp":0,"circlet_count":0,"master_deck":["AscendersBane","Strike_B","Strike_B+1","Defend_B","Defend_B","Defend_B","Defend_B","Zap+1","Dualcast+1","Compile Driver","Chill","Cold Snap","Darkness","Go for the Eyes","Leap","Leap+1","Defragment+1","Electrodynamics","Steam","Redo+1","Loop+1","Stack","Defragment+1","Core Surge+1","Amplify","Redo+1","Madness","Madness","Panache","Go for the Eyes+1","Panache","Hologram+1","Chill","Parasite"],"special_seed":0,"relics":["Cracked Core","Mercury Hourglass","Strawberry","Anchor","Sozu","Enchiridion","Singing Bowl","Bag of Preparation","Dodecahedron","Tiny House","Whetstone","Red Mask"],"potions_floor_usage":[],"damage_taken":[{"damage":7.0,"enemies":"Jaw Worm","floor":1.0,"turns":3.0},{"damage":1.0,"enemies":"Cultist","floor":3.0,"turns":3.0},{"damage":0.0,"enemies":"2 Louse","floor":5.0,"turns":3.0},{"damage":8.0,"enemies":"Exordium Wildlife","floor":7.0,"turns":4.0},{"damage":9.0,"enemies":"Red Slaver","floor":8.0,"turns":3.0},{"damage":2.0,"enemies":"Exordium Thugs","floor":10.0,"turns":4.0},{"damage":3.0,"enemies":"Lots of Slimes","floor":12.0,"turns":3.0},{"damage":33.0,"enemies":"Hexaghost","floor":16.0,"turns":10.0},{"damage":2.0,"enemies":"Chosen","floor":18.0,"turns":3.0},{"damage":0.0,"enemies":"Spheric Guardian","floor":22.0,"turns":3.0},{"damage":10.0,"enemies":"Snake Plant","floor":24.0,"turns":4.0},{"damage":9.0,"enemies":"Gremlin Leader","floor":25.0,"turns":6.0},{"damage":0.0,"enemies":"3 Cultists","floor":28.0,"turns":3.0},{"damage":25.0,"enemies":"Automaton","floor":33.0,"turns":8.0},{"damage":0.0,"enemies":"3 Shapes","floor":41.0,"turns":1.0},{"damage":47.0,"enemies":"3 Darklings","floor":45.0,"turns":5.0},{"damage":13.0,"enemies":"Maw","floor":47.0,"turns":7.0},{"damage":36.0,"enemies":"Transient","floor":50.0,"turns":5.0},{"damage":0.0,"enemies":"Spire Growth","floor":52.0,"turns":6.0},{"damage":9,"enemies":"Writhing Mass","floor":54,"turns":5},{"damage":37,"enemies":"Donu and Deca","floor":56,"turns":13}],"seed_played":"5480072278333499898","potions_obtained":[{"floor":1.0,"key":"Regen Potion"},{"floor":10.0,"key":"Strength Potion"},{"floor":16.0,"key":"Ancient Potion"}],"is_trial":false,"path_per_floor":["M","?","M","T","M","R","M","M","T","M","$","M","R","$","R","B",null,"M","$","?","?","M","R","M","E","T","$","M","R","T","$","R","B",null,"M","$","?","$","M","R","M","?","T","M","?","M","R","M","R","B",null],"character_chosen":"DEFECT","items_purchased":["Anchor","Defragment","Steam","Redo","Defragment","Core Surge","Panache"],"campfire_rested":3,"item_purchase_floors":[11,14,19,19,27,31,44],"current_hp_per_floor":[61,61,60,60,60,60,64,55,62,60,60,57,57,57,57,24,68,66,66,50,77,77,77,67,60,60,60,62,62,62,62,62,37,93,93,93,81,81,34,61,50,50,50,14,14,14,42,35,64,27],"gold":34,"neow_bonus":"REMOVE_CARD","is_prod":false,"is_daily":false,"chose_seed":false,"campfire_upgraded":6,"win_rate":0,"timestamp":1546332231,"path_taken":["M","?","M","?","M","R","?","M","T","M","?","M","R","$","R","BOSS","M","$","?","?","M","R","M","E","T","?","?","R","?","?","R","BOSS","M","?","?","$","M","R","M","?","T","M","?","M","R","M","R","BOSS"],"build_version":"2018-12-20","purchased_purges":0,"victory":true,"max_hp_per_floor":[75,75,75,75,75,75,75,75,82,82,82,82,82,82,82,82,82,82,82,82,82,82,82,82,84,84,84,86,86,86,86,86,86,93,93,93,93,93,93,93,95,95,95,95,95,95,95,97,97,97],"card_choices":[{"not_picked":["Aggregate","Streamline"],"picked":"Compile Driver","floor":1.0},{"not_picked":["Barrage","Stack"],"picked":"Chill","floor":3.0},{"not_picked":["Compile Driver","Hologram"],"picked":"Cold Snap","floor":5.0},{"not_picked":["Genetic Algorithm","Ball Lightning"],"picked":"Darkness","floor":7.0},{"not_picked":["Meteor Strike","Beam Cell"],"picked":"Go for the Eyes","floor":8.0},{"not_picked":["Compile Driver","Barrage"],"picked":"Leap","floor":10.0},{"not_picked":["Streamline","Reprogram"],"picked":"Leap","floor":12.0},{"not_picked":["Hyperbeam","Creative AI"],"picked":"Electrodynamics","floor":16.0},{"not_picked":["Rebound","Force Field","Hello World"],"picked":"SKIP","floor":18.0},{"not_picked":["Rebound","Coolheaded+1"],"picked":"Loop","floor":22.0},{"not_picked":["Cold Snap","Barrage"],"picked":"Stack","floor":24.0},{"not_picked":["Compile Driver","Aggregate","Undo"],"picked":"Singing Bowl","floor":25.0},{"not_picked":["Streamline","Double Energy","Static Discharge"],"picked":"Singing Bowl","floor":28.0},{"not_picked":["Meteor Strike","Biased Cognition"],"picked":"Amplify","floor":33.0},{"not_picked":["Scrape","Compile Driver","Tempest"],"picked":"Singing Bowl","floor":34.0},{"not_picked":["Barrage+1","Storm"],"picked":"Redo+1","floor":41.0},{"not_picked":["Beam Cell","Coolheaded"],"picked":"Go for the Eyes+1","floor":45.0},{"not_picked":["Double Energy","Skim","Sweeping Beam+1"],"picked":"Singing Bowl","floor":47.0},{"not_picked":["Enlightenment","Sadistic Nature"],"picked":"Panache","floor":48.0},{"not_picked":["Beam Cell+1","Streamline"],"picked":"Hologram+1","floor":50.0},{"not_picked":["Cold Snap","Tempest"],"picked":"Chill","floor":52.0},{"not_picked":["Beam Cell+1","Self Repair","Stack"],"picked":"Singing Bowl","floor":54}],"player_experience":242170,"relics_obtained":[{"floor":4.0,"key":"Mercury Hourglass"},{"floor":9.0,"key":"Strawberry"},{"floor":20.0,"key":"Enchiridion"},{"floor":25.0,"key":"Singing Bowl"},{"floor":26.0,"key":"Bag of Preparation"},{"floor":30.0,"key":"Dodecahedron"},{"floor":49.0,"key":"Whetstone"}],"event_choices":[{"cards_removed":["Strike_B"],"damage_healed":0.0,"max_hp_gain":0.0,"max_hp_loss":0.0,"gold_gain":0.0,"event_name":"The Cleric","player_choice":"Card Removal","floor":2.0,"gold_loss":50.0,"damage_taken":0.0},{"damage_healed":0.0,"max_hp_gain":0.0,"max_hp_loss":0.0,"gold_gain":0.0,"event_name":"Cursed Tome","player_choice":"Obtained Book","floor":20.0,"gold_loss":0.0,"damage_taken":16.0},{"damage_healed":27.0,"max_hp_gain":0.0,"max_hp_loss":0.0,"gold_gain":0.0,"event_name":"The Library","player_choice":"Heal","floor":21.0,"gold_loss":0.0,"damage_taken":0.0},{"damage_healed":0.0,"max_hp_gain":0.0,"max_hp_loss":0.0,"gold_gain":0.0,"event_name":"Winding Halls","player_choice":"Embrace Madness","floor":43.0,"gold_loss":0.0,"damage_taken":12.0,"cards_obtained":["Madness","Madness"]},{"damage_healed":0.0,"max_hp_gain":0.0,"max_hp_loss":0.0,"gold_gain":0.0,"event_name":"SensoryStone","player_choice":"Memory 1","floor":48.0,"gold_loss":0.0,"damage_taken":0.0},{"damage_healed":0.0,"max_hp_gain":0.0,"max_hp_loss":0.0,"gold_gain":0.0,"event_name":"Tomb of Lord Red Mask","player_choice":"Paid","floor":51.0,"gold_loss":80.0,"damage_taken":0.0,"relics_obtained":["Red Mask"]}],"is_beta":false,"boss_relics":[{"not_picked":["Fusion Hammer","White Beast Statue"],"picked":"Sozu"},{"not_picked":["Runic Dome","Runic Pyramid"],"picked":"Tiny House"}],"items_purged_floors":[],"is_endless":false,"potions_floor_spawned":[1,10,16,22,33,47,50],"ascension_level":12}