{"gold_per_floor":[112,112,124,84,98,98,98,98,167,133,164,164,20,34,34,154,154,178,203,203,218,237,237,261,301,301,301],"floor_reached":27,"playtime":1638,"items_purged":[],"score":280,"play_id":"c44794f5-9f1b-42d3-9806-4f40797118e2","local_time":"20181201174412","is_ascension_mode":true,"campfire_choices":[{"data":"Zap","floor":6.0,"key":"SMITH"},{"data":"Dualcast","floor":8.0,"key":"SMITH"},{"data":"Go for the Eyes","floor":12,"key":"SMITH"},{"data":"Coolheaded","floor":15,"key":"SMITH"},{"floor":23,"key":"REST"}],"neow_cost":"NONE","seed_source_timestamp":253376905820320,"circlet_count":0,"master_deck":["Strike_B+1","Strike_B+1","Strike_B+1","Strike_B+1","Defend_B+1","Defend_B+1","Defend_B+1","Defend_B+1","Zap+1","Dualcast+1","Leap","Go for the Eyes+1","Ball Lightning","Darkness","Coolheaded+1","Steam","Electrodynamics","Go for the Eyes","Cold Snap","Conserve Battery","Turbo","Conserve Battery","Sunder","Go for the Eyes","Consume+1","Redo+1","Self Repair","Loop+1"],"special_seed":0,"relics":["Cracked Core","NeowsBlessing","Golden Idol","Ornamental Fan","Ginger","Dream Catcher","Orrery","Bottled Tornado","Question Card"],"potions_floor_usage":[22,22,22],"damage_taken":[{"damage":0.0,"enemies":"Small Slimes","floor":1.0,"turns":1.0},{"damage":0.0,"enemies":"Cultist","floor":3.0,"turns":1.0},{"damage":0.0,"enemies":"Jaw Worm","floor":5.0,"turns":1.0},{"damage":15,"enemies":"Lagavulin","floor":11,"turns":5},{"damage":0,"enemies":"Exordium Wildlife","floor":14,"turns":2},{"damage":39,"enemies":"Hexaghost","floor":16,"turns":10},{"damage":10,"enemies":"Spheric Guardian","floor":18,"turns":4},{"damage":14,"enemies":"Shell Parasite","floor":19,"turns":5},{"damage":10,"enemies":"Centurion and Healer","floor":21,"turns":5},{"damage":32,"enemies":"Snecko","floor":22,"turns":6},{"damage":6,"enemies":"Chosen and Byrds","floor":24,"turns":3},{"damage":20,"enemies":"Book of Stabbing","floor":25,"turns":5},{"damage":13,"enemies":"Sentry and Sphere","floor":27,"turns":3}],"seed_played":"-7955935938281689773","potions_obtained":[{"floor":3.0,"key":"EntropicBrew"},{"floor":4.0,"key":"Poison Potion"},{"floor":4.0,"key":"Energy Potion"},{"floor":16,"key":"SkillPotion"},{"floor":21,"key":"Explosive Potion"},{"floor":24,"key":"FearPotion"}],"is_trial":false,"path_per_floor":["M","?","M","?","M","R","?","R","T","$","E","R","$","M","R","B",null,"M","M","?","M","M","R","M","E","T","M"],"character_chosen":"DEFECT","items_purchased":["Darkness","Dream Catcher"],"campfire_rested":1,"item_purchase_floors":[10,13],"current_hp_per_floor":[75,75,75,75,75,75,57,57,57,57,42,42,42,42,42,3,75,65,51,51,41,9,31,25,12,12,0],"gold":301,"neow_bonus":"THREE_ENEMY_KILL","is_prod":false,"is_daily":false,"chose_seed":false,"campfire_upgraded":4,"win_rate":0,"timestamp":1543653852,"path_taken":["M","?","M","?","?","R","?","R","T","?","E","R","$","M","R","BOSS","M","?","?","M","M","R","M","E","T","M"],"build_version":"2018-11-15","purchased_purges":0,"victory":false,"max_hp_per_floor":[75,75,75,75,75,75,75,75,75,75,75,75,75,75,75,75,75,75,75,75,75,75,75,75,75,75,75],"card_choices":[{"not_picked":["Barrage","Undo"],"picked":"Leap","floor":1.0},{"not_picked":["Cold Snap","Turbo"],"picked":"Go for the Eyes","floor":3.0},{"not_picked":["Genetic Algorithm","Rainbow"],"picked":"Ball Lightning","floor":5.0},{"not_picked":["Ball Lightning","Blizzard"],"picked":"Coolheaded","floor":11},{"not_picked":["Static Discharge","Streamline"],"picked":"Steam","floor":14},{"not_picked":["Echo Form","Meteor Strike"],"picked":"Electrodynamics","floor":16},{"not_picked":["Sweeping Beam","Blizzard"],"picked":"Go for the Eyes","floor":17},{"not_picked":["Leap","White Noise"],"picked":"Cold Snap","floor":17},{"not_picked":["Consume","Sweeping Beam"],"picked":"Conserve Battery","floor":17},{"not_picked":["Streamline","Scrape"],"picked":"Turbo","floor":17},{"not_picked":["Barrage+1","Gash"],"picked":"Conserve Battery","floor":18},{"not_picked":["Gash","Doom and Gloom"],"picked":"Sunder","floor":19},{"not_picked":["Sweeping Beam+1","Stack+1"],"picked":"Go for the Eyes","floor":21},{"not_picked":["Sunder","Static Discharge"],"picked":"Consume+1","floor":22},{"not_picked":["Multi-Cast","Go for the Eyes+1"],"picked":"Redo+1","floor":23},{"not_picked":["Steam+1","Turbo+1"],"picked":"Self Repair","floor":24},{"not_picked":["Heatsinks","Compile Driver"],"picked":"Loop+1","floor":25}],"player_experience":142043,"relics_obtained":[{"floor":9.0,"key":"Ornamental Fan"},{"floor":11,"key":"Ginger"},{"floor":25,"key":"Bottled Tornado"},{"floor":26,"key":"Question Card"}],"event_choices":[{"damage_healed":0.0,"max_hp_gain":0.0,"max_hp_loss":0.0,"gold_gain":0.0,"event_name":"Scrap Ooze","player_choice":"Fled","floor":2.0,"gold_loss":0.0,"damage_taken":0.0},{"damage_healed":0.0,"max_hp_gain":0.0,"max_hp_loss":0.0,"gold_gain":0.0,"event_name":"The Woman in Blue","player_choice":"Bought 3 Potions","floor":4.0,"gold_loss":0.0,"damage_taken":0.0},{"damage_healed":0.0,"max_hp_gain":0.0,"max_hp_loss":0.0,"gold_gain":0.0,"event_name":"Golden Idol","player_choice":"Take Damage","floor":7.0,"gold_loss":0.0,"damage_taken":18.0,"relics_obtained":["Golden Idol"]},{"damage_healed":0,"gold_gain":0,"player_choice":"Simplicity","damage_taken":0,"max_hp_gain":0,"max_hp_loss":0,"event_name":"Back to Basics","floor":20,"gold_loss":0,"cards_upgraded":["Strike_B","Strike_B","Strike_B","Strike_B","Defend_B","Defend_B","Defend_B","Defend_B"]}],"is_beta":false,"boss_relics":[{"not_picked":["Ectoplasm","Snecko Eye"],"picked":"Orrery"}],"items_purged_floors":[],"is_endless":false,"potions_floor_spawned":[3,16,21,24],"killed_by":"Sentry and Sphere","ascension_level":4}