{"gold_per_floor":[111,186,206,25,39,64,64,98,98,127,127,153,168,180,180,252,252,269,279,292,228,248,274,274,25,25,40,66,66,66,82,82,158,158,173,193,193,193,209,242,254,254,254,254,267,267,277,290,290,290],"floor_reached":51,"playtime":2531,"items_purged":["Strike_R"],"score":1489,"play_id":"0cf53cf8-ac70-439e-bd0a-7cdf0e5d62f5","local_time":"20180924142701","is_ascension_mode":true,"campfire_choices":[{"floor":7,"key":"REST"},{"data":"Whirlwind","floor":11,"key":"SMITH"},{"data":"Havoc","floor":15,"key":"SMITH"},{"data":"Clothesline","floor":24,"key":"SMITH"},{"floor":30,"key":"REST"},{"data":"True Grit","floor":32,"key":"SMITH"},{"floor":42,"key":"REST"},{"data":"Secret Weapon","floor":44,"key":"SMITH"},{"data":"Clothesline","floor":49,"key":"SMITH"}],"neow_cost":"NONE","seed_source_timestamp":71116671392189,"circlet_count":0,"master_deck":["Strike_R","Strike_R","Defend_R","Defend_R","Defend_R","Bash+1","AscendersBane","Iron Wave","Clothesline+1","Whirlwind+1","Evolve","Impervious","True Grit+1","Feed","Havoc+1","Pummel","Offering","Perfected Strike+1","Body Slam","Power Through","Demon Form+1","Metallicize+1","Combust+1","Infernal Blade+1","Whirlwind","Secret Weapon+1","Pummel+1","Clothesline+1"],"relics":["Burning Blood","Vajra","Thread and Needle","Pear","Self Forming Clay","Bag of Marbles","Ancient Tea Set","Snecko Eye","Frozen Egg 2","The Courier","Chemical X","Regal Pillow","Letter Opener","Astrolabe","Question Card","Centennial Puzzle"],"potions_floor_usage":[10,23,23,28,50],"damage_taken":[{"damage":4,"enemies":"2 Louse","floor":1,"turns":4},{"damage":1,"enemies":"Small Slimes","floor":3,"turns":4},{"damage":7,"enemies":"Cultist","floor":5,"turns":4},{"damage":37,"enemies":"Lagavulin","floor":6,"turns":7},{"damage":16,"enemies":"Gremlin Nob","floor":8,"turns":4},{"damage":15,"enemies":"Lagavulin","floor":10,"turns":5},{"damage":8,"enemies":"3 Sentries","floor":12,"turns":8},{"damage":3,"enemies":"Large Slime","floor":13,"turns":5},{"damage":4,"enemies":"Blue Slaver","floor":14,"turns":3},{"damage":42,"enemies":"Slime Boss","floor":16,"turns":9},{"damage":20,"enemies":"Shell Parasite","floor":18,"turns":5},{"damage":7,"enemies":"2 Thieves","floor":19,"turns":3},{"damage":14,"enemies":"Snake Plant","floor":20,"turns":4},{"damage":8,"enemies":"3 Cultists","floor":22,"turns":3},{"damage":6,"enemies":"Slavers","floor":23,"turns":6},{"damage":0,"enemies":"Centurion and Healer","floor":27,"turns":3},{"damage":6,"enemies":"Book of Stabbing","floor":28,"turns":4},{"damage":0,"enemies":"Snecko","floor":31,"turns":3},{"damage":48,"enemies":"Collector","floor":33,"turns":8},{"damage":13,"enemies":"3 Shapes","floor":35,"turns":6},{"damage":13,"enemies":"Orb Walker","floor":36,"turns":3},{"damage":45,"enemies":"Spire Growth","floor":39,"turns":4},{"damage":18,"enemies":"2 Orb Walkers","floor":40,"turns":3},{"damage":3,"enemies":"Maw","floor":41,"turns":6},{"damage":13,"enemies":"Reptomancer","floor":45,"turns":3},{"damage":2,"enemies":"Spire Growth","floor":47,"turns":3},{"damage":6,"enemies":"Maw","floor":48,"turns":6},{"damage":69,"enemies":"Awakened One","floor":50,"turns":9}],"seed_played":"-7203954721043741149","potions_obtained":[{"floor":3,"key":"EssenceOfSteel"},{"floor":5,"key":"Explosive Potion"},{"floor":8,"key":"PowerPotion"},{"floor":13,"key":"BloodPotion"},{"floor":20,"key":"EssenceOfSteel"},{"floor":27,"key":"Dexterity Potion"},{"floor":47,"key":"GamblersBrew"}],"is_trial":false,"path_per_floor":["M","?","M","$","M","E","R","E","T","E","R","E","M","M","R","B",null,"M","M","M","?","M","E","R","$","T","M","E","?","R","M","R","B",null,"M","M","?","?","M","E","M","R","T","R","M","?","M","M","R","B"],"character_chosen":"IRONCLAD","items_purchased":["Vajra","Chemical X"],"campfire_rested":3,"item_purchase_floors":[4,25],"current_hp_per_floor":[70,59,64,64,63,32,54,54,54,45,45,43,49,54,54,18,73,59,61,56,56,57,60,60,60,60,69,69,39,85,91,91,49,92,88,81,81,81,42,30,36,84,84,84,80,80,84,84,84,24],"gold":290,"neow_bonus":"UPGRADE_CARD","is_prod":false,"is_daily":false,"chose_seed":false,"campfire_upgraded":6,"win_rate":0,"timestamp":1537813621,"path_taken":["M","?","M","$","M","E","R","E","T","E","R","E","M","M","R","BOSS","M","M","M","?","M","E","R","$","T","M","E","?","R","M","R","BOSS","M","M","?","?","M","E","?","R","T","R","?","?","M","?","R","BOSS"],"build_version":"2018-09-20","purchased_purges":1,"victory":true,"max_hp_per_floor":[75,75,75,75,75,75,75,85,85,85,85,85,88,91,91,91,91,91,94,97,97,100,103,103,103,103,106,106,106,106,106,106,106,106,109,109,109,109,109,109,112,112,112,112,115,109,109,109,109,112],"card_choices":[{"not_picked":["Clash","Bloodletting"],"picked":"Iron Wave","floor":1},{"not_picked":["Heavy Blade","Bloodletting"],"picked":"Clothesline","floor":3},{"not_picked":["Rupture","Wild Strike"],"picked":"Whirlwind","floor":5},{"not_picked":["Sever Soul","Heavy Blade"],"picked":"Evolve","floor":6},{"not_picked":["Thunderclap","Entrench"],"picked":"Impervious","floor":8},{"not_picked":["Clothesline","Thunderclap"],"picked":"True Grit","floor":10},{"not_picked":["True Grit","Thunderclap"],"picked":"Feed","floor":12},{"not_picked":["Rampage","Clash"],"picked":"Havoc","floor":13},{"not_picked":["True Grit","Flex"],"picked":"Pummel","floor":14},{"not_picked":["Bludgeon","Double Tap"],"picked":"Offering","floor":16},{"not_picked":["Dropkick+1","Sever Soul","Searing Blow"],"picked":"SKIP","floor":18},{"not_picked":["Havoc","Sword Boomerang","Cleave"],"picked":"SKIP","floor":19},{"not_picked":["Armaments","Iron Wave"],"picked":"Perfected Strike+1","floor":20},{"not_picked":["Havoc","Seeing Red","Rupture+1"],"picked":"SKIP","floor":22},{"not_picked":["Berserk+1","Anger","Rupture+1"],"picked":"SKIP","floor":23},{"not_picked":["True Grit","Sword Boomerang"],"picked":"Body Slam","floor":27},{"not_picked":["Havoc","Body Slam"],"picked":"Power Through","floor":28},{"not_picked":["Pommel Strike","Clash","Thunderclap"],"picked":"SKIP","floor":31},{"not_picked":["Limit Break","Brutality+1"],"picked":"Demon Form+1","floor":33},{"not_picked":["Thunderclap+1","Flex+1"],"picked":"Uppercut","floor":35},{"not_picked":["Iron Wave","Clothesline"],"picked":"Whirlwind","floor":36},{"not_picked":["Dramatic Entrance","Violence"],"picked":"Secret Weapon","floor":37},{"not_picked":["Inflame+1","Entrench","Clash"],"picked":"SKIP","floor":39},{"not_picked":["Clash","Havoc+1","Infernal Blade+1"],"picked":"SKIP","floor":40},{"not_picked":["Seeing Red","Pommel Strike","True Grit"],"picked":"Pummel+1","floor":41},{"not_picked":["Thunderclap","Armaments","Havoc+1"],"picked":"Clothesline","floor":45},{"not_picked":["Iron Wave+1","Dropkick+1","Wild Strike","Twin Strike"],"picked":"SKIP","floor":47},{"not_picked":["Intimidate","Clash","Rage+1","Anger"],"picked":"SKIP","floor":48}],"player_experience":495994,"relics_obtained":[{"floor":6,"key":"Thread and Needle"},{"floor":8,"key":"Pear"},{"floor":9,"key":"Self Forming Clay"},{"floor":10,"key":"Bag of Marbles"},{"floor":12,"key":"Ancient Tea Set"},{"floor":23,"key":"The Courier"},{"floor":26,"key":"Regal Pillow"},{"floor":28,"key":"Letter Opener"},{"floor":40,"key":"Question Card"},{"floor":43,"key":"Centennial Puzzle"}],"event_choices":[{"event_name":"World of Goop","player_choice":"Gather Gold","floor":2,"damage_taken":0},{"event_name":"WeMeetAgain","player_choice":"Gold","floor":21,"damage_taken":0},{"event_name":"Knowing Skull","player_choice":"POTION POTION ","floor":29,"damage_taken":0},{"event_name":"SensoryStone","player_choice":"Memory 1","floor":37,"damage_taken":0},{"event_name":"Falling","player_choice":"Removed Attack","floor":38,"damage_taken":0},{"event_name":"Winding Halls","player_choice":"Max HP","floor":46,"damage_taken":0}],"is_beta":false,"boss_relics":[{"not_picked":["Tiny House","Velvet Choker"],"picked":"Snecko Eye"},{"not_picked":["Runic Pyramid","Calling Bell"],"picked":"Astrolabe"}],"items_purged_floors":[25],"is_endless":false,"potions_floor_spawned":[3,5,8,13,19,20,27,39,40,47,48],"ascension_level":17}