{"gold_per_floor":[367,542,542,557,333,333,333,353,404,415,45,60,60,80,80,184,184,201,201,201,211,228,228,239,239,239,259,159,159,34,50,50,50],"floor_reached":33,"playtime":2343,"items_purged":["Injury","Decay","Decay"],"score":239,"play_id":"11651981-48d6-47af-86ad-6957a063d008","local_time":"20181114032641","is_ascension_mode":false,"campfire_choices":[{"data":"Sucker Punch","floor":7,"key":"SMITH"},{"data":"Masterful Stab","floor":13,"key":"SMITH"},{"data":"Noxious Fumes","floor":15,"key":"SMITH"},{"data":"Prepared","floor":23,"key":"SMITH"},{"data":"After Image","floor":25,"key":"SMITH"},{"data":"Backstab","floor":32,"key":"SMITH"}],"neow_cost":"CURSE","seed_source_timestamp":373483442086316,"circlet_count":0,"master_deck":["Defend_G+1","Defend_G+1","Defend_G+1","Defend_G+1","Defend_G+1","Strike_G+1","Strike_G+1","Strike_G+1","Strike_G+1","Strike_G+1","Survivor","Neutralize","PiercingWail","Sucker Punch+1","Prepared+1","Dodge and Roll","Noxious Fumes+1","Masterful Stab+1","Backstab","After Image+1","Deflect+1","Blur","Backstab+1","Terror+1"],"relics":["Ring of the Snake","Anchor","Regal Pillow","Tough Bandages","Cursed Key","PreservedInsect"],"potions_floor_usage":[14,16,27,33],"damage_taken":[{"damage":0,"enemies":"Small Slimes","floor":1,"turns":6},{"damage":8,"enemies":"Jaw Worm","floor":4,"turns":7},{"damage":0,"enemies":"2 Louse","floor":8,"turns":2},{"damage":0,"enemies":"Looter","floor":10,"turns":4},{"damage":1,"enemies":"3 Louse","floor":12,"turns":3},{"damage":0,"enemies":"Large Slime","floor":14,"turns":3},{"damage":56,"enemies":"Hexaghost","floor":16,"turns":11},{"damage":1,"enemies":"Chosen","floor":18,"turns":5},{"damage":0,"enemies":"2 Thieves","floor":21,"turns":4},{"damage":2,"enemies":"3 Cultists","floor":22,"turns":7},{"damage":0,"enemies":"Snake Plant","floor":24,"turns":5},{"damage":2,"enemies":"Shelled Parasite and Fungi","floor":27,"turns":6},{"damage":7,"enemies":"Cultist and Chosen","floor":31,"turns":6},{"damage":59,"enemies":"Champ","floor":33,"turns":14}],"seed_played":"5092985890341921229","potions_obtained":[{"floor":8,"key":"Fire Potion"},{"floor":14,"key":"Poison Potion"},{"floor":18,"key":"LiquidBronze"},{"floor":31,"key":"Fire Potion"}],"is_trial":false,"path_per_floor":["M","?","?","M","$","?","R","M","T","M","$","M","R","M","R","B",null,"M","?","?","M","M","R","M","R","T","M","$","?","$","M","R","B"],"character_chosen":"THE_SILENT","items_purchased":["Anchor","Tough Bandages","Noxious Fumes"],"campfire_rested":0,"item_purchase_floors":[5,11,11],"current_hp_per_floor":[70,70,70,62,62,62,62,62,62,62,62,61,61,61,61,5,70,69,69,69,69,67,67,67,67,67,65,65,65,65,58,58,0],"gold":50,"neow_bonus":"TWO_FIFTY_GOLD","is_prod":false,"is_daily":false,"chose_seed":false,"campfire_upgraded":6,"win_rate":0.0,"timestamp":1542133601,"path_taken":["M","?","?","M","$","?","R","M","T","M","$","M","R","M","R","BOSS","M","?","?","M","M","R","M","R","T","M","$","?","$","M","R","BOSS"],"build_version":"2018-11-08","purchased_purges":3,"victory":false,"max_hp_per_floor":[70,70,70,70,70,70,70,70,70,70,70,70,70,70,70,70,70,70,70,70,70,70,70,70,70,70,70,70,70,70,70,70,70],"card_choices":[{"not_picked":["Dagger Throw","Backflip"],"picked":"PiercingWail","floor":1},{"not_picked":["Expertise","Blade Dance"],"picked":"Sucker Punch","floor":4},{"not_picked":["Predator","Dagger Throw"],"picked":"Prepared","floor":8},{"not_picked":["Slice","Deadly Poison"],"picked":"Dodge and Roll","floor":10},{"not_picked":["Backflip","Skewer"],"picked":"Masterful Stab","floor":12},{"not_picked":["Quick Slash","Deflect"],"picked":"Backstab","floor":14},{"not_picked":["Burst","Venomology"],"picked":"After Image","floor":16},{"not_picked":["Acrobatics","Deadly Poison","Blade Dance"],"picked":"SKIP","floor":18},{"not_picked":["Poisoned Stab","Expertise"],"picked":"Deflect+1","floor":21},{"not_picked":["Dagger Spray","PiercingWail"],"picked":"Blur","floor":22},{"not_picked":["Masterful Stab","Sucker Punch"],"picked":"Backstab","floor":24},{"not_picked":["All Out Attack+1","Flying Knee"],"picked":"Terror+1","floor":27},{"not_picked":["Blade Dance","Flying Knee","Deflect"],"picked":"SKIP","floor":31}],"player_experience":50847,"relics_obtained":[{"floor":9,"key":"Regal Pillow"},{"floor":26,"key":"PreservedInsect"}],"event_choices":[{"damage_healed":0,"gold_gain":175,"player_choice":"AGREE","damage_taken":0,"max_hp_gain":0,"max_hp_loss":0,"event_name":"Liars Game","floor":2,"gold_loss":0,"cards_obtained":["Doubt"]},{"cards_removed":["Doubt"],"damage_healed":0,"gold_gain":0,"player_choice":"Forget","damage_taken":0,"max_hp_gain":0,"max_hp_loss":0,"event_name":"Living Wall","floor":3,"gold_loss":0},{"damage_healed":0,"gold_gain":0,"player_choice":"Ignored","damage_taken":0,"max_hp_gain":0,"max_hp_loss":0,"event_name":"Shining Light","floor":6,"gold_loss":0},{"damage_healed":0,"gold_gain":0,"player_choice":"Simplicity","damage_taken":0,"max_hp_gain":0,"max_hp_loss":0,"event_name":"Back to Basics","floor":19,"gold_loss":0,"cards_upgraded":["Defend_G","Defend_G","Defend_G","Defend_G","Defend_G","Strike_G","Strike_G","Strike_G","Strike_G","Strike_G"]},{"damage_healed":0,"gold_gain":0,"player_choice":"Ignored","damage_taken":0,"max_hp_gain":0,"max_hp_loss":0,"event_name":"Vampires","floor":20,"gold_loss":0},{"damage_healed":0,"gold_gain":0,"player_choice":"Smashed Altar","damage_taken":0,"max_hp_gain":0,"max_hp_loss":0,"event_name":"Forgotten Altar","floor":29,"gold_loss":0,"cards_obtained":["Decay"]}],"is_beta":false,"boss_relics":[{"not_picked":["Fusion Hammer","Astrolabe"],"picked":"Cursed Key"}],"items_purged_floors":[5,28,30],"is_endless":false,"potions_floor_spawned":[8,14,18,31],"killed_by":"Champ","ascension_level":0}