{"path_per_floor":["M","M","?","M","M","R","M","?","T","E","R","M","R","M","R","B"],"character_chosen":"THE_SILENT","items_purchased":[],"gold_per_floor":[109,120,120,138,155,155,166,166,189,222,222,235,235,251,251,350],"floor_reached":17,"campfire_rested":1,"playtime":498,"current_hp_per_floor":[70,69,69,69,62,62,53,39,39,37,37,24,47,47,47,27],"items_purged":[],"gold":350,"score":184,"play_id":"760fab59-8db4-48ed-8b05-ba8d84a68b91","local_time":"20180313141224","is_prod":false,"is_daily":false,"is_ascension_mode":false,"campfire_upgraded":3,"timestamp":1520968344,"path_taken":["M","?","?","M","M","R","M","?","T","E","R","M","R","M","R","BOSS"],"build_version":"2018-03-09","purchased_purges":0,"victory":false,"master_deck":["Survivor","Neutralize","Poisoned Stab","Outmaneuver","Catalyst+1","Distraction+1","Deadly Poison","Noxious Fumes+1","Catalyst","After Image","Acrobatics","Heel Hook","Quick Slash","Calculated Gamble","Flying Knee","Backflip","Finisher","Backflip","Flying Knee","Flying Knee"],"max_hp_per_floor":[70,70,70,70,70,70,70,70,70,77,77,77,77,77,77,77],"relics":["Ring of the Snake","Ancient Tea Set","Strawberry","Pandora\u0027s Box"],"card_choices":[{"not_picked":["Leg Sweep","PiercingWail"],"picked":"Accuracy"},{"not_picked":["Outmaneuver","PiercingWail"],"picked":"Poisoned Stab"},{"not_picked":["Heel Hook","Dagger Throw"],"picked":"Catalyst"},{"not_picked":["Deflect","Tactician"],"picked":"Distraction"},{"not_picked":["Cloak And Dagger","Outmaneuver"],"picked":"Deadly Poison"},{"not_picked":["Calculated Gamble","Underhanded Strike"],"picked":"Noxious Fumes"},{"not_picked":["Quick Slash","Leg Sweep"],"picked":"Catalyst"},{"not_picked":["Adrenaline","Phantasmal Killer"],"picked":"After Image"}],"player_experience":194751,"potions_floor_usage":[10,10,16],"damage_taken":[{"damage":0,"enemies":"Cultist","floor":1,"turns":4},{"damage":1,"enemies":"Jaw Worm","floor":2,"turns":4},{"damage":0,"enemies":"Small Slimes","floor":4,"turns":5},{"damage":7,"enemies":"Red Slaver","floor":5,"turns":4},{"damage":9,"enemies":"Blue Slaver","floor":7,"turns":4},{"damage":9,"enemies":"3 Sentries","floor":10,"turns":7},{"damage":13,"enemies":"Exordium Thugs","floor":12,"turns":4},{"damage":0,"enemies":"Exordium Wildlife","floor":14,"turns":3},{"damage":20,"enemies":"Hexaghost","floor":16,"turns":7}],"event_choices":[{"event_name":"Living Wall","player_choice":"Change","floor":3,"damage_taken":0},{"event_name":"Shining Light","player_choice":"Entered Light","floor":8,"damage_taken":0}],"boss_relics":[{"not_picked":["Eternal Feather","Tiny House"],"picked":"Pandora\u0027s Box"}],"potions_floor_spawned":[1,4,5,14],"seed_played":"-1417956486000723337","ascension_level":0,"is_trial":false}