{"gold_per_floor":[115,125,142,152,168,196,196,223,291,291,291,304,338,263,263,335,335,350,530,134,148,159,159,177,202,202,202],"floor_reached":27,"playtime":1014,"items_purged":[],"score":560,"play_id":"c5de598c-2455-4a35-9d70-4bd14e5c4f6c","local_time":"20190223104509","is_ascension_mode":true,"campfire_choices":[{"floor":7,"key":"REST"},{"data":"Doom and Gloom","floor":10,"key":"SMITH"},{"data":"Auto Shields","floor":15,"key":"SMITH"},{"data":"Fission","floor":23,"key":"SMITH"}],"neow_cost":"PERCENT_DAMAGE","seed_source_timestamp":63202692368144,"circlet_count":0,"master_deck":["AscendersBane","Defend_B","Defend_B","Defend_B","Defend_B+1","Zap","Dualcast+1","Doom and Gloom+1","Compile Driver","Melter","Rip and Tear","Core Surge","White Noise","Cold Snap","Steam","Auto Shields+1","Electrodynamics","Conserve Battery","Loop","Coolheaded","Fission+1","Self Repair"],"relics":["Cracked Core","War Paint","Meat on the Bone","Pantograph","Torii","Black Star","Mummified Hand","Oddly Smooth Stone","Blue Candle","Gremlin Horn"],"potions_floor_usage":[6,8,25],"damage_taken":[{"damage":4,"enemies":"Small Slimes","floor":1,"turns":3},{"damage":0,"enemies":"2 Louse","floor":2,"turns":3},{"damage":1,"enemies":"Cultist","floor":3,"turns":3},{"damage":12,"enemies":"Looter","floor":4,"turns":3},{"damage":8,"enemies":"Red Slaver","floor":5,"turns":3},{"damage":17,"enemies":"Gremlin Nob","floor":6,"turns":4},{"damage":0,"enemies":"Lagavulin","floor":8,"turns":5},{"damage":9,"enemies":"Exordium Wildlife","floor":12,"turns":4},{"damage":9,"enemies":"Gremlin Nob","floor":13,"turns":3},{"damage":34,"enemies":"Hexaghost","floor":16,"turns":9},{"damage":27,"enemies":"2 Thieves","floor":18,"turns":5},{"damage":0,"enemies":"Spheric Guardian","floor":21,"turns":2},{"damage":24,"enemies":"Centurion and Healer","floor":22,"turns":6},{"damage":0,"enemies":"Snecko","floor":24,"turns":5},{"damage":35,"enemies":"Gremlin Leader","floor":25,"turns":5},{"damage":19,"enemies":"Snake Plant","floor":27,"turns":4}],"seed_played":"2207948276704735699","potions_obtained":[{"floor":3,"key":"Weak Potion"},{"floor":4,"key":"PowerPotion"},{"floor":12,"key":"FocusPotion"},{"floor":16,"key":"Swift Potion"}],"is_trial":false,"path_per_floor":["M","M","M","M","M","E","R","E","T","R","?","M","E","?","R","B",null,"M","?","$","M","M","R","M","E","T","M"],"character_chosen":"DEFECT","items_purchased":["Mummified Hand","Loop","Coolheaded"],"campfire_rested":1,"item_purchase_floors":[20,20,20],"current_hp_per_floor":[42,42,41,29,21,4,25,25,25,25,25,28,31,31,31,34,62,47,26,26,38,26,26,38,15,15,0],"gold":202,"neow_bonus":"REMOVE_TWO","is_prod":false,"is_daily":false,"chose_seed":false,"campfire_upgraded":3,"win_rate":0,"timestamp":1550936709,"path_taken":["M","M","M","M","M","E","R","E","T","R","?","M","E","?","R","BOSS","M","?","$","M","?","R","M","E","T","M"],"build_version":"2019-01-23","purchased_purges":0,"victory":false,"max_hp_per_floor":[71,71,71,71,71,71,71,71,71,71,71,71,71,71,71,71,71,71,71,71,71,71,71,71,71,71,71],"card_choices":[{"not_picked":["Sweeping Beam","Compile Driver"],"picked":"Doom and Gloom","floor":1},{"not_picked":["Leap","Storm"],"picked":"Compile Driver","floor":2},{"not_picked":["Barrage","Compile Driver"],"picked":"Melter","floor":3},{"not_picked":["Force Field","Hello World"],"picked":"Rip and Tear","floor":4},{"not_picked":["Coolheaded","Scrape"],"picked":"Core Surge","floor":5},{"not_picked":["Steam Power","Gash"],"picked":"White Noise","floor":6},{"not_picked":["Compile Driver","Hologram"],"picked":"Cold Snap","floor":8},{"not_picked":["Barrage","Turbo"],"picked":"Steam","floor":12},{"not_picked":["Beam Cell","Gash"],"picked":"Auto Shields","floor":13},{"not_picked":["Seek","Creative AI"],"picked":"Electrodynamics","floor":16},{"not_picked":["Turbo","Undo"],"picked":"Conserve Battery","floor":18},{"not_picked":["Cold Snap","Coolheaded","Steam"],"picked":"SKIP","floor":21},{"not_picked":["Stack","Redo"],"picked":"Fission","floor":22},{"not_picked":["Conserve Battery","Beam Cell","Aggregate"],"picked":"SKIP","floor":24},{"not_picked":["Conserve Battery","Beam Cell","Aggregate"],"picked":"SKIP","floor":24},{"not_picked":["Electrodynamics","Scrape"],"picked":"Self Repair","floor":25}],"player_experience":867816,"relics_obtained":[{"floor":6,"key":"War Paint"},{"floor":8,"key":"Meat on the Bone"},{"floor":9,"key":"Pantograph"},{"floor":13,"key":"Torii"},{"floor":25,"key":"Oddly Smooth Stone"},{"floor":25,"key":"Blue Candle"},{"floor":26,"key":"Gremlin Horn"}],"event_choices":[{"cards_removed":["Strike_B"],"damage_healed":0,"gold_gain":0,"player_choice":"Forget","damage_taken":0,"max_hp_gain":0,"max_hp_loss":0,"event_name":"Living Wall","floor":11,"gold_loss":0},{"cards_removed":["Strike_B"],"damage_healed":0,"gold_gain":0,"player_choice":"Card Removal","damage_taken":0,"max_hp_gain":0,"max_hp_loss":0,"event_name":"The Cleric","floor":14,"gold_loss":75},{"damage_healed":0,"gold_gain":180,"player_choice":"GOLD GOLD ","damage_taken":21,"max_hp_gain":0,"max_hp_loss":0,"event_name":"Knowing Skull","floor":19,"potions_obtained":[],"gold_loss":0,"cards_obtained":[]}],"is_beta":false,"boss_relics":[{"not_picked":["Philosopher\u0027s Stone","Astrolabe"],"picked":"Black Star"}],"items_purged_floors":[],"is_endless":false,"potions_floor_spawned":[3,4,12,16,18],"killed_by":"Snake Plant","ascension_level":20}