{"gold_per_floor":[117,133,149,166,176,205,205,231,257,407,418,39,51,82,82,153,153,171,148,164,64,64,64,64,64,143,177,177,194,207,234,234,305,305,324,199,499,510,558,558,32,32,32,32,47,62,62,82,82,82],"floor_reached":51,"playtime":2116,"items_purged":["Doubt","Strike_B","Strike_B"],"score":1365,"play_id":"9ece4d27-0884-4bdd-9dfb-d3a0c317f8ad","local_time":"20181010144721","is_ascension_mode":true,"campfire_choices":[{"data":"Loop","floor":7,"key":"SMITH"},{"data":"Defragment","floor":15,"key":"SMITH"},{"floor":23,"key":"REST"},{"data":"Zap","floor":25,"key":"SMITH"},{"data":"White Noise","floor":28,"key":"SMITH"},{"floor":32,"key":"REST"},{"data":"Buffer","floor":40,"key":"SMITH"},{"data":"Mayhem","floor":42,"key":"SMITH"},{"data":"Consume","floor":44,"key":"SMITH"},{"data":"Biased Cognition","floor":49,"key":"SMITH"}],"neow_cost":"","seed_source_timestamp":223997276116121,"circlet_count":0,"master_deck":["Strike_B","Strike_B+1","Defend_B+1","Defend_B","Defend_B","Defend_B","Zap+1","Dualcast","AscendersBane","BootSequence","Ball Lightning","Genetic Algorithm","Doom and Gloom","Auto Shields+1","Loop+1","Cold Snap","Sweeping Beam+1","Defragment+1","White Noise+1","Electrodynamics","Biased Cognition+1","Coolheaded+1","Cold Snap+1","Redo+1","Compile Driver","Buffer+1","Echo Form","Compile Driver+1","Consume+1","Mayhem+1","Lockon","Panacea"],"relics":["Cracked Core","Meat on the Bone","Ginger","Art of War","War Paint","Whetstone","Inserter","Enchiridion","Pear","Ancient Tea Set","Bronze Scales","Nuclear Battery","Old Coin","Mango","Lee\u0027s Waffle","FossilizedHelix"],"potions_floor_usage":[6,8,14,27,33,37,39],"damage_taken":[{"damage":10,"enemies":"Small Slimes","floor":1,"turns":3},{"damage":0,"enemies":"Jaw Worm","floor":2,"turns":3},{"damage":0,"enemies":"Cultist","floor":3,"turns":3},{"damage":13,"enemies":"Exordium Thugs","floor":4,"turns":4},{"damage":2,"enemies":"Looter","floor":5,"turns":3},{"damage":5,"enemies":"3 Sentries","floor":6,"turns":5},{"damage":9,"enemies":"Gremlin Nob","floor":8,"turns":4},{"damage":0,"enemies":"Exordium Wildlife","floor":11,"turns":3},{"damage":4,"enemies":"Red Slaver","floor":13,"turns":4},{"damage":5,"enemies":"Lagavulin","floor":14,"turns":7},{"damage":16,"enemies":"Slime Boss","floor":16,"turns":5},{"damage":8,"enemies":"Shell Parasite","floor":18,"turns":6},{"damage":7,"enemies":"2 Thieves","floor":19,"turns":5},{"damage":24,"enemies":"Snecko","floor":20,"turns":6},{"damage":22,"enemies":"Slavers","floor":27,"turns":2},{"damage":6,"enemies":"Snake Plant","floor":29,"turns":3},{"damage":11,"enemies":"Cultist and Chosen","floor":30,"turns":4},{"damage":0,"enemies":"Gremlin Leader","floor":31,"turns":5},{"damage":18,"enemies":"Automaton","floor":33,"turns":7},{"damage":0,"enemies":"Orb Walker","floor":35,"turns":3},{"damage":20,"enemies":"Mind Bloom Boss Battle","floor":37,"turns":5},{"damage":37,"enemies":"3 Darklings","floor":38,"turns":4},{"damage":10,"enemies":"Mysterious Sphere","floor":39,"turns":3},{"damage":0,"enemies":"4 Shapes","floor":45,"turns":4},{"damage":0,"enemies":"Sphere and 2 Shapes","floor":46,"turns":4},{"damage":0,"enemies":"Transient","floor":48,"turns":6},{"damage":46,"enemies":"Donu and Deca","floor":50,"turns":7}],"seed_played":"-1216218199802718953","potions_obtained":[{"floor":1,"key":"AttackPotion"},{"floor":6,"key":"Block Potion"},{"floor":8,"key":"Weak Potion"},{"floor":13,"key":"GamblersBrew"},{"floor":16,"key":"SteroidPotion"},{"floor":18,"key":"Swift Potion"},{"floor":31,"key":"Ancient Potion"},{"floor":35,"key":"Weak Potion"},{"floor":46,"key":"SneckoOil"}],"is_trial":false,"path_per_floor":["M","M","M","M","M","E","R","E","T","?","M","$","M","E","R","B",null,"M","M","M","$","?","R","?","R","T","E","R","M","M","E","R","B",null,"M","$","?","M","?","R","$","R","T","R","M","M","?","M","R","B"],"character_chosen":"DEFECT","items_purchased":["Defragment","War Paint","White Noise","Lee\u0027s Waffle","Mayhem","Lockon"],"campfire_rested":2,"item_purchase_floors":[12,12,12,41,41,41],"current_hp_per_floor":[54,54,54,41,39,34,34,37,37,37,37,37,45,40,40,36,62,54,47,35,35,14,35,35,35,45,35,35,41,42,42,66,48,73,73,73,53,28,44,44,102,102,102,102,102,102,102,102,102,56],"gold":82,"neow_bonus":"","is_prod":false,"is_daily":false,"chose_seed":false,"campfire_upgraded":8,"win_rate":0,"timestamp":1539197241,"path_taken":["M","M","M","M","M","E","R","E","T","?","?","$","M","E","R","BOSS","M","M","M","$","?","R","?","R","T","E","R","M","?","E","R","BOSS","M","$","?","M","?","R","$","R","T","R","M","M","?","M","R","BOSS"],"build_version":"2018-10-04v2","purchased_purges":3,"victory":true,"max_hp_per_floor":[71,71,71,71,71,71,71,71,71,71,71,71,71,71,71,71,71,71,71,71,71,71,71,71,71,81,81,81,81,81,81,81,81,81,81,81,81,81,95,95,102,102,102,102,102,102,102,102,102,102],"card_choices":[{"not_picked":["Hello World","Beam Cell"],"picked":"BootSequence","floor":1},{"not_picked":["Reprogram","Steam"],"picked":"Ball Lightning","floor":2},{"not_picked":["Ball Lightning","Lockon"],"picked":"Genetic Algorithm","floor":3},{"not_picked":["Chill","Reprogram"],"picked":"Doom and Gloom","floor":4},{"not_picked":["Conserve Battery","Coolheaded"],"picked":"Auto Shields","floor":5},{"not_picked":["Storm","Recycle"],"picked":"Loop","floor":6},{"not_picked":["Coolheaded","Hologram"],"picked":"Cold Snap","floor":8},{"not_picked":["Genetic Algorithm","Streamline"],"picked":"Sweeping Beam","floor":11},{"not_picked":["Streamline","BootSequence","Steam"],"picked":"SKIP","floor":13},{"not_picked":["Tempest","Coolheaded"],"picked":"Electrodynamics","floor":14},{"not_picked":["Multi-Cast","Rainbow"],"picked":"Biased Cognition","floor":16},{"not_picked":["Turbo+1","Redo","Aggregate"],"picked":"SKIP","floor":18},{"not_picked":["Go for the Eyes","Tempest"],"picked":"Coolheaded+1","floor":19},{"not_picked":["Turbo+1","Rip and Tear","Ball Lightning+1"],"picked":"SKIP","floor":20},{"not_picked":["Gash","Steam"],"picked":"Cold Snap+1","floor":27},{"not_picked":["Loop","Reboot"],"picked":"Redo+1","floor":29},{"not_picked":["Conserve Battery","Doom and Gloom"],"picked":"Compile Driver","floor":30},{"not_picked":["Gash","Sweeping Beam","Ball Lightning"],"picked":"SKIP","floor":31},{"not_picked":["Rainbow","Multi-Cast"],"picked":"Buffer","floor":33},{"not_picked":["Sweeping Beam","Blizzard","Ball Lightning"],"picked":"SKIP","floor":35},{"not_picked":["Beam Cell","BootSequence"],"picked":"Echo Form","floor":37},{"not_picked":["Beam Cell","Sweeping Beam"],"picked":"Compile Driver+1","floor":38},{"not_picked":["FTL+1","Cold Snap"],"picked":"Consume","floor":39},{"not_picked":["Blizzard","Redo","White Noise"],"picked":"SKIP","floor":45},{"not_picked":["Consume","Stack","Barrage"],"picked":"SKIP","floor":46},{"not_picked":["Purity","Dark Shackles"],"picked":"Panacea","floor":47},{"not_picked":["Turbo+1","Stack","Barrage"],"picked":"SKIP","floor":48}],"player_experience":543284,"relics_obtained":[{"floor":6,"key":"Meat on the Bone"},{"floor":8,"key":"Ginger"},{"floor":9,"key":"Art of War"},{"floor":14,"key":"Whetstone"},{"floor":22,"key":"Enchiridion"},{"floor":26,"key":"Pear"},{"floor":27,"key":"Ancient Tea Set"},{"floor":31,"key":"Bronze Scales"},{"floor":37,"key":"Old Coin"},{"floor":39,"key":"Mango"},{"floor":43,"key":"FossilizedHelix"}],"event_choices":[{"event_name":"Liars Game","player_choice":"agreed","floor":10,"damage_taken":0},{"event_name":"Cursed Tome","player_choice":"Obtained Book","floor":22,"damage_taken":0},{"event_name":"Match and Keep!","player_choice":"0 cards matched","floor":24,"damage_taken":0},{"event_name":"MindBloom","player_choice":"Fight","floor":37,"damage_taken":0},{"event_name":"Mysterious Sphere","player_choice":"Fight","floor":39,"damage_taken":0},{"event_name":"SensoryStone","player_choice":"Memory 1","floor":47,"damage_taken":0}],"is_beta":false,"boss_relics":[{"not_picked":["Ectoplasm","Fusion Hammer"],"picked":"Inserter"},{"not_picked":["Lizard Tail","Pandora\u0027s Box"],"picked":"Nuclear Battery"}],"items_purged_floors":[12,21,36],"is_endless":false,"potions_floor_spawned":[1,6,8,13,16,18,19,31,35,46],"ascension_level":17}