{"gold_per_floor":[117,117,131,131,147,147,182,182,182,182,15,41,53,80,92,197,209,209,7,7,7,0,0,0,0],"floor_reached":25,"playtime":880,"items_purged":[],"score":394,"play_id":"78224310-bd2c-419c-b15e-09f94423a919","local_time":"20190219185113","is_ascension_mode":true,"campfire_choices":[{"data":"Rainbow","floor":6.0,"key":"SMITH"},{"data":"Leap","floor":8.0,"key":"SMITH"},{"data":"Electrodynamics","floor":10.0,"key":"SMITH"},{"data":"Coolheaded","floor":13.0,"key":"SMITH"},{"floor":15.0,"key":"REST"},{"floor":23.0,"key":"REST"}],"neow_cost":"NONE","seed_source_timestamp":0,"circlet_count":0,"master_deck":["AscendersBane","Strike_B","Strike_B","Strike_B","Strike_B","Defend_B","Defend_B","Defend_B","Defend_B","Zap","Dualcast","Rainbow+1","Leap+1","Injury","Coolheaded+1","Stack","Electrodynamics+1","FTL","Creative AI","Undo","Storm","Glacier","Doom and Gloom"],"special_seed":0,"relics":["Cracked Core","Golden Idol","Meat on the Bone","Mummified Hand","Bronze Scales","MawBank","Ectoplasm","Juzu Bracelet"],"potions_floor_usage":[25],"damage_taken":[{"damage":5.0,"enemies":"Jaw Worm","floor":1.0,"turns":5.0},{"damage":5.0,"enemies":"Small Slimes","floor":3.0,"turns":3.0},{"damage":0.0,"enemies":"2 Louse","floor":5.0,"turns":3.0},{"damage":19.0,"enemies":"Lagavulin","floor":7.0,"turns":8.0},{"damage":9.0,"enemies":"Blue Slaver","floor":14.0,"turns":3.0},{"damage":61.0,"enemies":"Slime Boss","floor":16.0,"turns":9.0},{"damage":0.0,"enemies":"3 Byrds","floor":18.0,"turns":1.0},{"damage":21.0,"enemies":"Colosseum Slavers","floor":21.0,"turns":5.0},{"damage":1.0,"enemies":"Spheric Guardian","floor":24.0,"turns":4.0},{"damage":66,"enemies":"Book of Stabbing","floor":25,"turns":5}],"seed_played":"-7739393743923586829","potions_obtained":[{"floor":5.0,"key":"Energy Potion"},{"floor":7.0,"key":"Ancient Potion"}],"is_trial":false,"path_per_floor":["M","?","M","?","M","R","E","R","T","R","$","T","R","M","R","B",null,"M","$","?","?","?","R","M","E"],"character_chosen":"DEFECT","items_purchased":["Bronze Scales","Storm","Juzu Bracelet"],"campfire_rested":2,"item_purchase_floors":[11,19,19],"current_hp_per_floor":[59,59,54,59,59,59,40,40,40,40,40,40,40,43,65,16,61,61,61,61,40,40,62,61,0],"gold":0,"neow_bonus":"ONE_RANDOM_RARE_CARD","is_prod":false,"is_daily":false,"chose_seed":false,"campfire_upgraded":4,"win_rate":0,"timestamp":1550620273,"path_taken":["M","?","M","?","M","R","E","R","T","R","$","?","R","M","R","BOSS","M","$","?","?","?","R","M","E"],"build_version":"2019-01-23","purchased_purges":0,"victory":false,"max_hp_per_floor":[71,71,71,76,76,76,76,76,76,76,76,76,76,76,76,76,76,76,76,76,76,76,76,76,76],"card_choices":[{"not_picked":["Streamline","Turbo"],"picked":"Leap","floor":1.0},{"not_picked":["Hologram","Darkness"],"picked":"Coolheaded","floor":3.0},{"not_picked":["Gash","Beam Cell"],"picked":"Stack","floor":5.0},{"not_picked":["Compile Driver","Chaos"],"picked":"Electrodynamics","floor":7.0},{"not_picked":["Redo","Cold Snap"],"picked":"FTL","floor":14.0},{"not_picked":["All For One","Seek"],"picked":"Creative AI","floor":16.0},{"not_picked":["Hologram","Ball Lightning"],"picked":"Undo","floor":18.0},{"not_picked":["Steam","Stack+1"],"picked":"Doom and Gloom","floor":24.0}],"player_experience":311249,"relics_obtained":[{"floor":7.0,"key":"Meat on the Bone"},{"floor":9.0,"key":"Mummified Hand"},{"floor":12.0,"key":"MawBank"}],"event_choices":[{"damage_healed":0.0,"max_hp_gain":0.0,"max_hp_loss":0.0,"gold_gain":0.0,"event_name":"Golden Idol","player_choice":"Take Wound","floor":2.0,"gold_loss":0.0,"damage_taken":0.0,"relics_obtained":["Golden Idol"],"cards_obtained":["Injury"]},{"damage_healed":0.0,"max_hp_gain":5.0,"max_hp_loss":0.0,"gold_gain":0.0,"event_name":"Big Fish","player_choice":"Donut","floor":4.0,"gold_loss":0.0,"damage_taken":0.0},{"damage_healed":0.0,"max_hp_gain":0.0,"max_hp_loss":0.0,"gold_gain":0.0,"event_name":"The Library","player_choice":"Read","floor":20.0,"gold_loss":0.0,"damage_taken":0.0,"cards_obtained":["Glacier"]},{"damage_healed":0.0,"max_hp_gain":0.0,"max_hp_loss":0.0,"gold_gain":0.0,"event_name":"Colosseum","player_choice":"Fight","floor":21.0,"gold_loss":0.0,"damage_taken":0.0},{"damage_healed":0.0,"max_hp_gain":0.0,"max_hp_loss":0.0,"gold_gain":0.0,"event_name":"Colosseum","player_choice":"Fled From Nobs","floor":21.0,"gold_loss":0.0,"damage_taken":0.0},{"damage_healed":0.0,"max_hp_gain":0.0,"max_hp_loss":0.0,"gold_gain":0.0,"event_name":"Masked Bandits","player_choice":"Paid Fearfully","floor":22.0,"gold_loss":7.0,"damage_taken":0.0}],"is_beta":false,"boss_relics":[{"not_picked":["Black Star","Runic Pyramid"],"picked":"Ectoplasm"}],"items_purged_floors":[],"is_endless":false,"potions_floor_spawned":[5,7,18,21],"killed_by":"Book of Stabbing","ascension_level":20}