{"path_per_floor":["M","M","?","M","$","E","$","R","T","?","M","?","?","M","R","B",null,"M","M","T","?","M","R","E","R","T","M","E"],"character_chosen":"IRONCLAD","items_purchased":["Rage","Whetstone","Flex"],"gold_per_floor":[118,129,304,318,8,33,7,7,7,37,53,128,78,96,96,170,170,183,199,199,249,260,260,286,286,586,605,634,634],"floor_reached":29,"campfire_rested":3,"playtime":896,"current_hp_per_floor":[64,63,63,69,69,49,49,49,49,49,38,27,27,25,47,19,61,43,35,45,45,35,60,13,38,38,44,9,0],"items_purged":["Doubt"],"gold":634,"score":447,"play_id":"27129543-28ca-4242-8f1e-8e95c93f01c9","local_time":"20180429231953","is_prod":false,"is_daily":false,"chose_seed":false,"is_ascension_mode":true,"campfire_upgraded":1,"timestamp":1525061993,"path_taken":["M","?","?","M","?","E","$","R","T","?","M","?","?","?","R","BOSS","M","M","?","?","M","R","E","R","T","?","E","M"],"build_version":"2018-04-28v2","seed_source_timestamp":2374471595074521,"purchased_purges":1,"victory":false,"master_deck":["Strike_R","Strike_R","Strike_R","Strike_R","Strike_R","Defend_R","Defend_R","Defend_R","Bash+1","AscendersBane","Wild Strike","Perfected Strike+1","Evolve","Rage+1","Flex","Twin Strike","Cleave","Fiend Fire","Uppercut+1","Ghostly Armor","Shockwave","Demon Form","Hemokinesis+1","Battle Trance"],"max_hp_per_floor":[75,75,75,75,75,75,75,75,75,75,75,75,75,75,75,75,75,75,75,85,85,85,85,85,85,85,85,85,85],"relics":["Burning Blood","Whetstone","Pantograph","Art of War","Tiny Chest","Velvet Choker","Pear","Happy Flower","Old Coin","Mummified Hand"],"card_choices":[{"not_picked":["Armaments","Dual Wield"],"picked":"Wild Strike","floor":1},{"not_picked":["Warcry","Heavy Blade"],"picked":"Perfected Strike","floor":2},{"not_picked":["Heavy Blade","Flame Barrier"],"picked":"Evolve","floor":4},{"not_picked":["Body Slam","Corruption"],"picked":"Twin Strike","floor":11},{"not_picked":["Havoc","Armaments"],"picked":"Cleave","floor":14},{"not_picked":["Limit Break","Barricade"],"picked":"Fiend Fire","floor":16},{"not_picked":["Havoc","Clothesline"],"picked":"Uppercut","floor":18},{"not_picked":["Clothesline","Uppercut"],"picked":"Ghostly Armor","floor":19},{"not_picked":["Sever Soul","Ghostly Armor"],"picked":"Shockwave","floor":22},{"not_picked":["Sever Soul","Twin Strike"],"picked":"Demon Form","floor":24},{"not_picked":["Spot Weakness","Cleave"],"picked":"Hemokinesis","floor":27},{"not_picked":["Thunderclap","Body Slam"],"picked":"Battle Trance","floor":28}],"player_experience":299620,"potions_floor_usage":[18,24,24,28,29],"damage_taken":[{"damage":10,"enemies":"Cultist","floor":1,"turns":4},{"damage":7,"enemies":"Jaw Worm","floor":2,"turns":3},{"damage":0,"enemies":"2 Louse","floor":4,"turns":2},{"damage":26,"enemies":"3 Sentries","floor":6,"turns":9},{"damage":17,"enemies":"Exordium Thugs","floor":11,"turns":5},{"damage":8,"enemies":"3 Louse","floor":14,"turns":2},{"damage":59,"enemies":"Hexaghost","floor":16,"turns":9},{"damage":24,"enemies":"3 Byrds","floor":18,"turns":5},{"damage":14,"enemies":"Shell Parasite","floor":19,"turns":3},{"damage":16,"enemies":"Sentry and Sphere","floor":22,"turns":4},{"damage":53,"enemies":"Slavers","floor":24,"turns":5},{"damage":0,"enemies":"Centurion and Healer","floor":27,"turns":5},{"damage":41,"enemies":"Gremlin Leader","floor":28,"turns":6},{"damage":9,"enemies":"Snake Plant","floor":29,"turns":3}],"event_choices":[{"event_name":"Liars Game","player_choice":"agreed","floor":3,"damage_taken":0},{"event_name":"Dead Adventurer","player_choice":"Searched \u00271\u0027 times","floor":10,"damage_taken":0},{"event_name":"World of Goop","player_choice":"Gather Gold","floor":12,"damage_taken":0},{"event_name":"The Cleric","player_choice":"Card Removal","floor":13,"damage_taken":0},{"event_name":"The Joust","player_choice":"Bet on Murderer","floor":21,"damage_taken":0}],"boss_relics":[{"not_picked":["Eternal Feather","Ectoplasm"],"picked":"Velvet Choker"}],"potions_floor_spawned":[4,6,19,24,28],"seed_played":"-6037652429897198960","killed_by":"Snake Plant","ascension_level":14,"is_trial":false}