{"path_per_floor":["M","?","M","?","?","E","R","E","T","$","?"],"character_chosen":"DEFECT","items_purchased":["Omamori","Turbo"],"gold_per_floor":[116,116,141,141,141,177,177,216,216,45,45,45],"floor_reached":12,"campfire_rested":1,"playtime":337,"item_purchase_floors":[10,10],"current_hp_per_floor":[53,53,49,42,35,11,33,18,18,18,18,0],"items_purged":[],"gold":45,"score":92,"play_id":"5621c946-d52e-405f-8173-d62055383bf5","local_time":"20180602112926","is_prod":false,"is_daily":false,"chose_seed":false,"is_ascension_mode":true,"campfire_upgraded":0,"win_rate":0,"timestamp":1527956966,"campfire_choices":[{"floor":7,"key":"REST"}],"path_taken":["M","?","?","?","?","E","R","E","T","$","?","E"],"build_version":"2018-05-31","seed_source_timestamp":1411759844026271,"purchased_purges":0,"victory":false,"master_deck":["Strike_B","Strike_B","Strike_B","Defend_B","Defend_B","Defend_B","Defend_B","Zap","Dualcast","Pain","Echo Form","Go for the Eyes","Injury","Static Discharge","Ball Lightning+1","Redo","Turbo"],"max_hp_per_floor":[75,75,75,75,75,75,75,75,75,75,75,75],"relics":["Cracked Core","Golden Idol","Smiling Mask","Molten Egg 2","Bird Faced Urn","Toolbox","Omamori"],"card_choices":[{"not_picked":["Reboot","Meteor Strike"],"picked":"Echo Form","floor":0},{"not_picked":["Conserve Battery","Coolheaded"],"picked":"Go for the Eyes","floor":1},{"not_picked":["Gash","Beam Cell"],"picked":"Static Discharge","floor":3},{"not_picked":["Hologram","Biased Cognition"],"picked":"Ball Lightning","floor":6},{"not_picked":["Leap","Rebound+1"],"picked":"Redo","floor":8}],"player_experience":328666,"potions_floor_usage":[6],"damage_taken":[{"damage":22,"enemies":"Jaw Worm","floor":1,"turns":4},{"damage":4,"enemies":"2 Louse","floor":3,"turns":3},{"damage":24,"enemies":"3 Sentries","floor":6,"turns":8},{"damage":15,"enemies":"Gremlin Nob","floor":8,"turns":4},{"damage":26,"enemies":"3 Sentries","floor":12,"turns":4}],"relics_obtained":[{"floor":6,"key":"Molten Egg 2"},{"floor":8,"key":"Bird Faced Urn"},{"floor":9,"key":"Toolbox"}],"event_choices":[{"event_name":"Golden Idol","player_choice":"Take Wound","floor":2,"damage_taken":0},{"event_name":"Golden Wing","player_choice":"Card Removal","floor":4,"damage_taken":0},{"event_name":"Scrap Ooze","player_choice":"success","floor":5,"damage_taken":7},{"event_name":"Shining Light","player_choice":"Ignored","floor":11,"damage_taken":0}],"boss_relics":[],"items_purged_floors":[],"potions_floor_spawned":[3],"seed_played":"-8035331934026506592","killed_by":"3 Sentries","ascension_level":2,"potions_obtained":[{"floor":3,"key":"EssenceOfSteel"}],"is_trial":false}