{"gold_per_floor":[214,234,254,264,25,57,57,57],"floor_reached":8,"playtime":311,"items_purged":["Strike_G"],"score":113,"play_id":"1d6d0dcd-e2e7-4893-a5c8-d6e5360e2340","local_time":"20181020153230","is_ascension_mode":true,"campfire_choices":[],"neow_cost":"NONE","seed_source_timestamp":240230727232847,"circlet_count":0,"master_deck":["Defend_G","Defend_G+1","Defend_G","Defend_G","Defend_G","Strike_G","Strike_G","Strike_G+1","Strike_G","Survivor","Neutralize","AscendersBane","Cloak And Dagger","Poisoned Stab","Sucker Punch","Infinite Blades","Deadly Poison","Backflip","Noxious Fumes"],"relics":["Ring of the Snake","Anchor"],"potions_floor_usage":[4,6],"damage_taken":[{"damage":3,"enemies":"Jaw Worm","floor":1,"turns":5},{"damage":0,"enemies":"2 Louse","floor":2,"turns":4},{"damage":1,"enemies":"Small Slimes","floor":3,"turns":4},{"damage":0,"enemies":"Gremlin Gang","floor":4,"turns":2},{"damage":17,"enemies":"Gremlin Nob","floor":6,"turns":4},{"damage":21,"enemies":"3 Sentries","floor":8,"turns":4}],"seed_played":"-8651330827122975651","potions_obtained":[{"floor":2,"key":"PowerPotion"},{"floor":3,"key":"SkillPotion"},{"floor":6,"key":"SpeedPotion"}],"is_trial":false,"path_per_floor":["M","M","M","M","$","E","?"],"character_chosen":"THE_SILENT","items_purchased":["Infinite Blades","Deadly Poison","Backflip"],"campfire_rested":0,"item_purchase_floors":[5,5,5],"current_hp_per_floor":[56,56,55,55,55,38,18,0],"gold":57,"neow_bonus":"HUNDRED_GOLD","is_prod":false,"is_daily":false,"chose_seed":false,"campfire_upgraded":0,"win_rate":0,"timestamp":1540063950,"path_taken":["M","M","M","M","$","E","?","E"],"build_version":"2018-10-18","purchased_purges":1,"victory":false,"max_hp_per_floor":[66,66,66,66,66,66,66,66],"card_choices":[{"not_picked":["Underhanded Strike","Bane"],"picked":"Cloak And Dagger","floor":1},{"not_picked":["Prepared","Setup"],"picked":"Poisoned Stab","floor":2},{"not_picked":["Riddle With Holes","Deflect","Expertise"],"picked":"SKIP","floor":3},{"not_picked":["Underhanded Strike","Bane"],"picked":"Sucker Punch","floor":4},{"not_picked":["Adrenaline","All Out Attack"],"picked":"Noxious Fumes","floor":6}],"player_experience":584968,"relics_obtained":[{"floor":6,"key":"Anchor"}],"event_choices":[{"damage_healed":0,"gold_gain":0,"player_choice":"Entered Light","damage_taken":20,"max_hp_gain":0,"max_hp_loss":0,"event_name":"Shining Light","floor":7,"gold_loss":0,"cards_upgraded":["Defend_G","Strike_G"]}],"is_beta":false,"boss_relics":[],"items_purged_floors":[5],"is_endless":false,"potions_floor_spawned":[2,3,6],"killed_by":"3 Sentries","ascension_level":19}