{"path_per_floor":["M","?","M","?","M","R","M","M","T","R","M","?","$","M","R","B",null,"M","M","$"],"character_chosen":"IRONCLAD","items_purchased":["Tiny Chest"],"gold_per_floor":[111,186,197,197,216,216,234,252,252,252,264,229,109,128,128,231,231,248,260,260],"floor_reached":21,"campfire_rested":0,"playtime":1811,"current_hp_per_floor":[80,69,75,59,59,59,58,60,60,60,57,77,77,72,72,39,80,52,13,13],"items_purged":[],"gold":260,"play_id":"cf55783a-5229-497b-8684-7a92e41fa1be","is_prod":false,"is_daily":false,"campfire_rituals":0,"campfire_upgraded":3,"is_hardmode":false,"path_taken":["M","?","?","?","M","R","?","M","T","R","M","?","$","M","R","BOSS","M","M","$","M"],"build_version":"2018-01-04-PROD1","purchased_purges":0,"victory":false,"master_deck":["Strike_R","Strike_R","Strike_R","Strike_R","Strike_R","Defend_R","Defend_R","Defend_R","Defend_R","Bash","Headbutt","Headbutt","Intimidate","Twin Strike","Searing Blow","Body Slam","Clothesline","Uppercut","Bludgeon","Armaments","Anger"],"max_hp_per_floor":[80,80,80,80,80,80,80,80,80,80,80,80,80,80,80,80,80,80,80,80],"relics":["Burning Blood","Sundial","Tiny Chest","Question Card"],"campfire_meditates":0,"card_choices":[{"not_picked":["Uppercut","Heavy Blade"],"picked":"Headbutt"},{"not_picked":["Cleave","Burning Pact"],"picked":"Headbutt"},{"not_picked":["Heavy Blade","Flex"],"picked":"Intimidate"},{"not_picked":["Combust","True Grit"],"picked":"Twin Strike"},{"not_picked":["Rupture","Wild Strike"],"picked":"Searing Blow"},{"not_picked":["Perfected Strike","Second Wind"],"picked":"Body Slam"},{"not_picked":["Clash","Pommel Strike"],"picked":"Clothesline"},{"not_picked":["Evolve","Perfected Strike"],"picked":"Uppercut"},{"not_picked":["Feed","Fiend Fire"],"picked":"Bludgeon"},{"not_picked":["Iron Wave","Uppercut","Sever Soul"],"picked":"Armaments"},{"not_picked":["Flex","Twin Strike","Feel No Pain"],"picked":"Anger"}],"player_experience":76526,"potions_floor_usage":[7,16,16],"damage_taken":[{"damage":6,"enemies":"Jaw Worm","floor":1,"turns":3},{"damage":0,"enemies":"Small Slimes","floor":3,"turns":3},{"damage":6,"enemies":"Blue Slaver","floor":5,"turns":5},{"damage":16,"enemies":"Exordium Wildlife","floor":7,"turns":4},{"damage":4,"enemies":"3 Louse","floor":8,"turns":3},{"damage":9,"enemies":"Gremlin Gang","floor":11,"turns":6},{"damage":11,"enemies":"Exordium Wildlife","floor":14,"turns":3},{"damage":39,"enemies":"Slime Boss","floor":16,"turns":7},{"damage":34,"enemies":"2 Thieves","floor":18,"turns":4},{"damage":45,"enemies":"3 Byrds","floor":19,"turns":8},{"damage":17,"enemies":"Centurion and Healer","floor":21,"turns":2}],"event_choices":[{"event_name":"World of Goop","player_choice":"Gather Gold","floor":2,"damage_taken":0},{"event_name":"Shining Light","player_choice":"Entered Light","floor":4,"damage_taken":0},{"event_name":"The Cleric","player_choice":"Healed","floor":12,"damage_taken":0}],"boss_relics":[{"not_picked":["Black Star","Snecko Eye"],"picked":"Question Card"}],"potions_floor_spawned":[5,8,11],"seed_played":"240788908371256663","killed_by":"Centurion and Healer","is_trial":false}