{"gold_per_floor":[110,124,399,414,428,428,439,439,463,492,36,52,17,79,79,180,180,199,210,210],"floor_reached":20,"playtime":892,"items_purged":[],"score":202,"play_id":"0dc93ef7-a5e7-4195-b9f2-c82567488c57","local_time":"20181126231146","is_ascension_mode":true,"campfire_choices":[{"data":"Zap","floor":6.0,"key":"SMITH"},{"data":"Double Energy","floor":8.0,"key":"SMITH"},{"floor":15.0,"key":"REST"}],"neow_cost":"NONE","seed_source_timestamp":273745253704485,"circlet_count":0,"master_deck":["Strike_B","Strike_B","Strike_B","Strike_B+1","Defend_B","Defend_B","Defend_B","Defend_B","Zap+1","Dualcast","Double Energy+1","Regret","Cold Snap+1","Steam","White Noise","Aggregate","Doom and Gloom","Buffer","Go for the Eyes"],"special_seed":0,"relics":["Cracked Core","NeowsBlessing","Boot","Whetstone","Gremlin Horn","Chemical X","Inserter"],"potions_floor_usage":[18,18,19],"damage_taken":[{"damage":0.0,"enemies":"Jaw Worm","floor":1.0,"turns":1.0},{"damage":0.0,"enemies":"Cultist","floor":2.0,"turns":1.0},{"damage":0.0,"enemies":"Small Slimes","floor":4.0,"turns":1.0},{"damage":12.0,"enemies":"3 Louse","floor":5.0,"turns":3.0},{"damage":10.0,"enemies":"Exordium Wildlife","floor":7.0,"turns":5.0},{"damage":36.0,"enemies":"3 Sentries","floor":10.0,"turns":8.0},{"damage":2.0,"enemies":"Large Slime","floor":12.0,"turns":4.0},{"damage":8.0,"enemies":"Slime Boss","floor":16.0,"turns":6.0},{"damage":33,"enemies":"Shell Parasite","floor":18,"turns":9},{"damage":21,"enemies":"Spheric Guardian","floor":19,"turns":5},{"damage":24,"enemies":"Snake Plant","floor":20,"turns":2}],"seed_played":"-5620028383267155809","potions_obtained":[{"floor":2.0,"key":"Swift Potion"},{"floor":4.0,"key":"AttackPotion"},{"floor":10.0,"key":"AttackPotion"},{"floor":12.0,"key":"SpeedPotion"},{"floor":16.0,"key":"EssenceOfSteel"},{"floor":18,"key":"EssenceOfSteel"},{"floor":19,"key":"Energy Potion"}],"is_trial":false,"path_per_floor":["M","M","?","M","M","R","M","R","T","E","$","M","?","?","R","B",null,"M","M","M"],"character_chosen":"DEFECT","items_purchased":["Gremlin Horn","Chemical X"],"campfire_rested":1,"item_purchase_floors":[11,11],"current_hp_per_floor":[75,75,75,75,63,63,53,53,53,17,17,15,33,33,55,47,75,42,21,0],"gold":210,"neow_bonus":"THREE_ENEMY_KILL","is_prod":false,"is_daily":false,"chose_seed":false,"campfire_upgraded":2,"win_rate":0,"timestamp":1543241506,"path_taken":["M","M","?","M","M","R","M","R","T","E","$","?","?","?","R","BOSS","M","M","M"],"build_version":"2018-11-15","purchased_purges":0,"victory":false,"max_hp_per_floor":[75,75,75,75,75,75,75,75,75,75,75,75,75,75,75,75,75,75,75,75],"card_choices":[{"not_picked":["Redo","Beam Cell","Reprogram"],"picked":"SKIP","floor":1.0},{"not_picked":["Redo","Rebound"],"picked":"Double Energy","floor":2.0},{"not_picked":["Skim","Self Repair"],"picked":"Cold Snap","floor":4.0},{"not_picked":["Sweeping Beam","Reprogram"],"picked":"Steam","floor":5.0},{"not_picked":["Force Field","Hello World"],"picked":"White Noise","floor":7.0},{"not_picked":["Compile Driver","Leap"],"picked":"Aggregate","floor":10.0},{"not_picked":["Reinforced Body","Consume"],"picked":"Doom and Gloom","floor":12.0},{"not_picked":["Electrodynamics","Fission"],"picked":"Buffer","floor":16.0},{"not_picked":["Barrage","Rebound","Redo"],"picked":"SKIP","floor":18},{"not_picked":["Gash","Heatsinks"],"picked":"Go for the Eyes","floor":19}],"player_experience":119883,"relics_obtained":[{"floor":9.0,"key":"Boot"},{"floor":10.0,"key":"Whetstone"}],"event_choices":[{"damage_healed":0.0,"max_hp_gain":0.0,"max_hp_loss":0.0,"gold_gain":275.0,"event_name":"Golden Shrine","player_choice":"Desecrate","floor":3.0,"gold_loss":0.0,"damage_taken":0.0,"cards_obtained":["Regret"]},{"damage_healed":18.0,"max_hp_gain":0.0,"max_hp_loss":0.0,"gold_gain":0.0,"event_name":"The Cleric","player_choice":"Healed","floor":13.0,"gold_loss":35.0,"damage_taken":0.0},{"damage_healed":0.0,"max_hp_gain":0.0,"max_hp_loss":0.0,"gold_gain":62.0,"event_name":"Golden Wing","player_choice":"Gained Gold","floor":14.0,"gold_loss":0.0,"damage_taken":0.0}],"is_beta":false,"boss_relics":[{"not_picked":["Orrery","White Beast Statue"],"picked":"Inserter"}],"items_purged_floors":[],"is_endless":false,"potions_floor_spawned":[2,4,10,12,16,18,19],"killed_by":"Snake Plant","ascension_level":3}