{"path_per_floor":["M","M","M","$","M","R","E","R","T","E","?","M","E","?","R","B",null,"M","$","M","M","?","E","?","M","T","M","?","$","R","M","R","B",null,"M","M","$","M","$","R","M","E","T","M","R","E","$","M","R","B"],"character_chosen":"THE_SILENT","items_purchased":["Quick Slash","Jack Of All Trades","Backstab","Whetstone","Vajra","Riddle With Holes"],"gold_per_floor":[116,126,146,26,37,37,71,71,71,103,103,121,148,148,148,248,248,267,123,140,157,157,185,110,125,196,211,211,18,18,38,38,138,138,153,170,26,37,37,37,48,82,109,122,122,151,28,47,47,47],"floor_reached":51,"campfire_rested":3,"playtime":5363,"current_hp_per_floor":[70,69,69,69,67,67,66,66,66,54,54,53,47,47,47,23,70,62,62,60,54,54,33,33,30,30,28,28,28,49,50,50,28,70,70,70,70,37,37,58,57,45,45,42,42,21,21,21,57,4],"items_purged":["Strike_G","Strike_G","Tools of the Trade"],"gold":47,"play_id":"5b70345d-7458-4113-a560-4af7b0b4dc73","is_prod":false,"is_daily":false,"is_ascension_mode":false,"campfire_upgraded":5,"path_taken":["M","M","M","$","M","R","E","R","T","E","?","M","E","?","R","BOSS","M","$","M","M","?","E","?","M","T","M","?","$","R","M","R","BOSS","M","M","$","M","?","R","M","E","T","M","R","E","$","M","R","BOSS"],"build_version":"2018-02-01-PROD3","purchased_purges":3,"victory":true,"master_deck":["Defend_G+1","Defend_G+1","Defend_G+1","Defend_G+1","Defend_G+1","Strike_G+1","Survivor","Neutralize","Unload+1","Deflect","Sucker Punch+1","Flying Knee+1","Quick Slash","Jack Of All Trades+1","Footwork+1","Predator+1","Malaise","Terror+1","Unload+1","Backstab","Masterful Stab","Sucker Punch+1","Quick Slash","Sucker Punch+1","Flying Knee+1","Dagger Throw+1","Dagger Spray+1","PiercingWail","Envenom","Riddle With Holes"],"max_hp_per_floor":[70,70,70,70,70,70,70,70,70,70,70,70,70,70,70,70,70,70,70,70,70,70,70,70,70,70,70,70,70,70,70,70,70,70,70,70,70,70,70,70,70,70,70,70,70,70,70,70,70,70],"relics":["Ring of the Snake","Bag of Marbles","Orichalcum","Mummified Hand","Oddly Smooth Stone","Sozu","Bird Faced Urn","Smiling Mask","Tough Bandages","Whetstone","Lizard Tail","Vajra","Regal Pillow","Blood Vial"],"card_choices":[{"not_picked":["Dagger Throw","Accuracy"],"picked":"Deflect"},{"not_picked":["Outmaneuver","Crippling Poison"],"picked":"Sucker Punch"},{"not_picked":["PiercingWail","Bouncing Flask"],"picked":"Flying Knee"},{"not_picked":["Underhanded Strike","Poisoned Stab"],"picked":"Footwork"},{"not_picked":["Escape Plan","Adrenaline"],"picked":"Predator"},{"not_picked":["Dagger Throw","Accuracy"],"picked":"Malaise"},{"not_picked":["Deadly Poison","Outmaneuver"],"picked":"Terror"},{"not_picked":["Dagger Throw","Predator"],"picked":"Unload"},{"not_picked":["Burst","Phantasmal Killer"],"picked":"Tools of the Trade"},{"not_picked":["Doppelganger","Deflect"],"picked":"Masterful Stab"},{"not_picked":["Predator","Slice"],"picked":"Sucker Punch"},{"not_picked":["Dagger Throw","Skewer"],"picked":"Quick Slash"},{"not_picked":["Cloak And Dagger","Slice"],"picked":"Sucker Punch"},{"not_picked":["Bane","Tools of the Trade"],"picked":"Flying Knee"},{"not_picked":["Dodge and Roll","Deflect"],"picked":"Dagger Throw"},{"not_picked":["Deadly Poison","Leg Sweep"],"picked":"Dagger Spray"},{"not_picked":["Predator","Dagger Spray"],"picked":"PiercingWail"},{"not_picked":["Quick Slash","Doppelganger"],"picked":"Envenom"}],"player_experience":161394,"potions_floor_usage":[],"damage_taken":[{"damage":0.0,"enemies":"Cultist","floor":1.0,"turns":4.0},{"damage":1.0,"enemies":"Blue Slaver","floor":2.0,"turns":4.0},{"damage":0.0,"enemies":"Jaw Worm","floor":3.0,"turns":4.0},{"damage":2.0,"enemies":"Large Slime","floor":5.0,"turns":6.0},{"damage":1.0,"enemies":"Lagavulin","floor":7.0,"turns":9.0},{"damage":12.0,"enemies":"Gremlin Nob","floor":10.0,"turns":4.0},{"damage":1.0,"enemies":"Looter","floor":12.0,"turns":2.0},{"damage":6.0,"enemies":"Lagavulin","floor":13.0,"turns":4.0},{"damage":24.0,"enemies":"The Guardian","floor":16.0,"turns":8.0},{"damage":12.0,"enemies":"Spheric Guardian","floor":18.0,"turns":4.0},{"damage":2.0,"enemies":"3 Byrds","floor":20.0,"turns":5.0},{"damage":6.0,"enemies":"Centurion and Healer","floor":21.0,"turns":4.0},{"damage":25.0,"enemies":"Slavers","floor":23.0,"turns":6.0},{"damage":5.0,"enemies":"Snecko","floor":25.0,"turns":4.0},{"damage":2.0,"enemies":"Slaver and Parasite","floor":27.0,"turns":5.0},{"damage":1.0,"enemies":"Chosen and Byrds","floor":31.0,"turns":5.0},{"damage":28.0,"enemies":"Automaton","floor":33.0,"turns":7.0},{"damage":0.0,"enemies":"3 Shapes","floor":35.0,"turns":3.0},{"damage":0.0,"enemies":"Orb Walker","floor":36.0,"turns":2.0},{"damage":33.0,"enemies":"3 Darklings","floor":38.0,"turns":7.0},{"damage":11.0,"enemies":"Sphere and 2 Shapes","floor":41.0,"turns":5.0},{"damage":16,"enemies":"Giant Head","floor":42,"turns":6},{"damage":7,"enemies":"4 Shapes","floor":44,"turns":5},{"damage":25,"enemies":"Nemesis","floor":46,"turns":7},{"damage":8,"enemies":"Maw","floor":48,"turns":6},{"damage":59,"enemies":"Awakened One","floor":50,"turns":20}],"event_choices":[{"event_name":"Purifier","player_choice":"One Purge","floor":11.0,"damage_taken":0.0},{"event_name":"Living Wall","player_choice":"Grow","floor":14.0,"damage_taken":0.0},{"event_name":"The Mausoleum","player_choice":"Yes","floor":22.0,"damage_taken":0.0},{"event_name":"Beggar","player_choice":"Gave Gold","floor":24.0,"damage_taken":0.0},{"event_name":"Back to Basics","player_choice":"Simplicity","floor":28.0,"damage_taken":0.0}],"boss_relics":[],"potions_floor_spawned":[5,10,13,16,20,23,35,38,41,42,48],"seed_played":"-7490994736814788398","ascension_level":0,"is_trial":false}