{"path_per_floor":["M","M","$","M","M","R","?","?","T","R","?","E","$","M","R","B",null,"M","?","$","M","M","R","E","R","T","R","M","?","?","M","R","B",null,"M","?","?","?","$","R","E","$","T","?","M","M","?","$","R","B"],"character_chosen":"IRONCLAD","items_purchased":["Meat on the Bone","Metallicize","Kunai","Orichalcum","Bottled Lightning"],"gold_per_floor":[112,127,127,146,166,166,187,266,266,266,266,295,46,64,64,161,161,172,172,24,44,64,64,92,92,92,92,107,107,107,121,121,222,222,239,284,284,284,284,284,315,73,123,423,443,460,460,51,51,51],"floor_reached":51,"campfire_rested":0,"playtime":16276,"current_hp_per_floor":[80,76,76,80,76,76,73,73,73,73,73,49,49,64,64,61,80,80,90,90,81,90,90,81,81,81,81,74,74,74,90,90,90,90,90,85,75,75,75,75,34,34,34,34,59,90,90,90,90,90],"items_purged":["Normality"],"gold":51,"play_id":"c5fb8072-6fc2-402c-a9b8-9bd0b87bd0b0","is_prod":false,"is_daily":false,"campfire_rituals":0,"campfire_upgraded":9,"is_hardmode":false,"path_taken":["M","M","$","M","M","R","?","?","T","R","?","E","$","M","R","BOSS","M","?","?","M","?","R","E","R","T","R","M","?","?","M","R","BOSS","M","?","?","?","$","R","E","$","T","?","M","M","?","$","R","BOSS"],"build_version":"2018-01-18-PROD4","purchased_purges":1,"victory":true,"master_deck":["Strike_R","Strike_R","Strike_R","Strike_R","Strike_R","Defend_R","Defend_R","Defend_R","Defend_R","Bash","Reaper","Body Slam","Battle Trance","Thunderclap","Clash","Reaper","Shockwave","Clash","Barricade","Armaments","Metallicize","Clash","Uppercut","Body Slam","Armaments","Exhume","Armaments","Madness","Madness","Thunderclap","Juggernaut"],"max_hp_per_floor":[80,80,80,80,80,80,80,80,80,80,80,80,80,80,80,80,80,80,90,90,90,90,90,90,90,90,90,90,90,90,90,90,90,90,90,90,90,90,90,90,90,90,90,90,90,90,90,90,90,90],"relics":["Burning Blood","Odd Mushroom","Thread and Needle","Self Forming Clay","Meat on the Bone","Velvet Choker","Pear","Toxic Egg","Omamori","Sozu","Calipers","Paper Frog","Kunai","Juzu Bracelet","Orichalcum","Bottled Lightning"],"campfire_meditates":0,"card_choices":[{"not_picked":["Rupture","Heavy Blade"],"picked":"Body Slam"},{"not_picked":["Cleave","Sword Boomerang"],"picked":"Battle Trance"},{"not_picked":["Heavy Blade","Uppercut"],"picked":"Thunderclap"},{"not_picked":["Havoc","Heavy Blade"],"picked":"Clash"},{"not_picked":["Heavy Blade","Pummel"],"picked":"Reaper"},{"not_picked":["Flex","Warcry"],"picked":"Shockwave"},{"not_picked":["Seeing Red","Searing Blow"],"picked":"Clash"},{"not_picked":["Double Tap","Impervious"],"picked":"Barricade"},{"not_picked":["Burning Pact","True Grit"],"picked":"Armaments"},{"not_picked":["Inflame","Cleave"],"picked":"Clash"},{"not_picked":["Reckless Charge","Whirlwind"],"picked":"Uppercut"},{"not_picked":["Feed","Metallicize"],"picked":"Body Slam"},{"not_picked":["Clash","Fire Breathing"],"picked":"Armaments"},{"not_picked":["Dark Embrace","Barricade"],"picked":"Exhume"},{"not_picked":["Heavy Blade","Blood for Blood"],"picked":"Armaments"},{"not_picked":["Armaments","Clash"],"picked":"Thunderclap"},{"not_picked":["Dropkick","Flex"],"picked":"Juggernaut"}],"player_experience":86579,"potions_floor_usage":[],"damage_taken":[{"damage":5.0,"enemies":"Cultist","floor":1.0,"turns":4.0},{"damage":10.0,"enemies":"Jaw Worm","floor":2.0,"turns":4.0},{"damage":0.0,"enemies":"Small Slimes","floor":4.0,"turns":3.0},{"damage":10.0,"enemies":"Looter","floor":5.0,"turns":3.0},{"damage":9.0,"enemies":"The Mushroom Lair","floor":7.0,"turns":3.0},{"damage":30.0,"enemies":"Lagavulin","floor":12.0,"turns":7.0},{"damage":3.0,"enemies":"3 Louse","floor":14.0,"turns":4.0},{"damage":27.0,"enemies":"Hexaghost","floor":16.0,"turns":8.0},{"damage":7.0,"enemies":"Shell Parasite","floor":18.0,"turns":5.0},{"damage":15.0,"enemies":"Spheric Guardian","floor":21.0,"turns":4.0},{"damage":5.0,"enemies":"Chosen and Byrds","floor":22.0,"turns":8.0},{"damage":21.0,"enemies":"Gremlin Leader","floor":24.0,"turns":8.0},{"damage":13.0,"enemies":"Centurion and Healer","floor":28.0,"turns":5.0},{"damage":0.0,"enemies":"Snecko","floor":31.0,"turns":4.0},{"damage":0.0,"enemies":"Automaton","floor":33.0,"turns":10.0},{"damage":0.0,"enemies":"Orb Walker","floor":35.0,"turns":3.0},{"damage":23,"enemies":"Mysterious Sphere","floor":36,"turns":5},{"damage":63,"enemies":"2 Orb Walkers","floor":41,"turns":8},{"damage":10,"enemies":"3 Shapes","floor":45,"turns":5},{"damage":10,"enemies":"3 Darklings","floor":46,"turns":6},{"damage":3,"enemies":"Awakened One","floor":50,"turns":11}],"event_choices":[{"event_name":"Mushrooms","player_choice":"Fought Mushrooms","floor":7.0,"damage_taken":0.0},{"event_name":"Golden Wing","player_choice":"Gained Gold","floor":8.0,"damage_taken":0.0},{"event_name":"The Woman in Blue","player_choice":"Bought 0 Potions","floor":11.0,"damage_taken":0.0},{"event_name":"Accursed Blacksmith","player_choice":"Rummage","floor":19.0,"damage_taken":0.0},{"event_name":"Back to Basics","player_choice":"Simplicity","floor":29.0,"damage_taken":0.0},{"event_name":"The Lab","player_choice":"Got Potions","floor":30.0,"damage_taken":0.0},{"event_name":"Mysterious Sphere","player_choice":"Fight","floor":36,"damage_taken":0},{"event_name":"Winding Halls","player_choice":"Embrace Madness","floor":37,"damage_taken":0},{"event_name":"Upgrade Shrine","player_choice":"Upgraded","floor":38,"damage_taken":0},{"event_name":"Wheel of Change","player_choice":"Gold","floor":44,"damage_taken":0},{"event_name":"Tomb of Lord Red Mask","player_choice":"Ignored","floor":47,"damage_taken":0}],"boss_relics":[],"potions_floor_spawned":[4,7,12,18,21,31,36,45],"seed_played":"5160817401885611294","is_trial":false}