{"gold_per_floor":[118,293,77,88,102,131,131,101,101,101,136,148,148,173,173,275,275,288,387,401,412,412],"floor_reached":22,"playtime":797,"items_purged":["Doubt"],"score":316,"play_id":"4015b5a4-b872-4c4b-babb-8e732f3b33ce","local_time":"20180719114827","is_ascension_mode":true,"campfire_choices":[{"data":"Storm","floor":7,"key":"SMITH"},{"floor":10,"key":"DIG"},{"floor":15,"key":"REST"}],"neow_cost":"TEN_PERCENT_HP_LOSS","seed_source_timestamp":2137943687131856,"circlet_count":0,"master_deck":["Strike_B","Strike_B","Strike_B","Defend_B","Defend_B","Defend_B","Defend_B","Zap","Dualcast","AscendersBane","Electrodynamics","Hologram","Storm+1","Force Field","Conserve Battery","Echo Form","Ball Lightning","Recycle","White Noise","Multi-Cast","Self Repair","Tempest+1"],"relics":["Cracked Core","Emotion Chip","Shovel","Regal Pillow","Cables","Mercury Hourglass","Eternal Feather"],"potions_floor_usage":[6,12,18,21],"damage_taken":[{"damage":1,"enemies":"Cultist","floor":1,"turns":3},{"damage":0,"enemies":"2 Louse","floor":4,"turns":2},{"damage":2,"enemies":"Small Slimes","floor":5,"turns":3},{"damage":13,"enemies":"Lagavulin","floor":6,"turns":8},{"damage":10,"enemies":"3 Sentries","floor":11,"turns":3},{"damage":10,"enemies":"Gremlin Gang","floor":12,"turns":3},{"damage":16,"enemies":"Gremlin Nob","floor":14,"turns":3},{"damage":1,"enemies":"Slime Boss","floor":16,"turns":5},{"damage":7,"enemies":"Chosen","floor":18,"turns":4},{"damage":14,"enemies":"Shell Parasite","floor":20,"turns":3},{"damage":41,"enemies":"Snake Plant","floor":21,"turns":4},{"damage":23,"enemies":"Centurion and Healer","floor":22,"turns":2}],"seed_played":"7892325700982644161","potions_obtained":[{"floor":1,"key":"EssenceOfSteel"},{"floor":8,"key":"Regen Potion"},{"floor":8,"key":"AttackPotion"},{"floor":12,"key":"FairyPotion"},{"floor":18,"key":"Poison Potion"}],"is_trial":false,"path_per_floor":["M","?","$","M","M","E","R","?","T","R","E","M","?","E","R","B",null,"M","?","M","M"],"character_chosen":"DEFECT","items_purchased":["Storm","Force Field"],"campfire_rested":1,"item_purchase_floors":[3,3],"current_hp_per_floor":[67,67,67,67,65,52,52,52,52,52,42,32,32,16,51,50,64,68,68,54,13,0],"gold":412,"neow_bonus":"THREE_RARE_CARDS","is_prod":false,"is_daily":false,"chose_seed":false,"campfire_upgraded":1,"win_rate":0,"timestamp":1532018907,"path_taken":["M","?","$","?","M","E","R","?","T","R","E","?","?","E","R","BOSS","M","?","M","M","M"],"build_version":"2018-07-12","purchased_purges":1,"victory":false,"max_hp_per_floor":[68,68,68,68,68,68,68,68,68,68,68,68,68,68,68,68,68,68,68,68,68,68],"card_choices":[{"not_picked":["Multi-Cast","Fission"],"picked":"Electrodynamics","floor":0},{"not_picked":["Redo","Rip and Tear"],"picked":"Hologram","floor":1},{"not_picked":["Hello World","Stack"],"picked":"Conserve Battery","floor":4},{"not_picked":["Stack","Barrage","Gash"],"picked":"SKIP","floor":5},{"not_picked":["Rebound","Ball Lightning"],"picked":"Echo Form","floor":6},{"not_picked":["Electrodynamics","Chaos","Beam Cell"],"picked":"SKIP","floor":11},{"not_picked":["Redo","Force Field"],"picked":"Ball Lightning","floor":12},{"not_picked":["Undo","Auto Shields"],"picked":"White Noise","floor":14},{"not_picked":["Hyperbeam","Fission"],"picked":"Multi-Cast","floor":16},{"not_picked":["Coolheaded","Rebound","BootSequence"],"picked":"SKIP","floor":18},{"not_picked":["Sunder","Go for the Eyes"],"picked":"Self Repair","floor":20},{"not_picked":["Conserve Battery","Sweeping Beam"],"picked":"Tempest+1","floor":21}],"player_experience":433253,"relics_obtained":[{"floor":6,"key":"Emotion Chip"},{"floor":9,"key":"Shovel"},{"floor":10,"key":"Regal Pillow"},{"floor":11,"key":"Cables"},{"floor":14,"key":"Mercury Hourglass"}],"event_choices":[{"event_name":"Liars Game","player_choice":"agreed","floor":2,"damage_taken":0},{"event_name":"The Woman in Blue","player_choice":"Bought 2 Potions","floor":8,"damage_taken":0},{"event_name":"Living Wall","player_choice":"Change","floor":13,"damage_taken":0},{"event_name":"Nest","player_choice":"Stole From Cult","floor":19,"damage_taken":0}],"boss_relics":[{"not_picked":["Astrolabe","Nuclear Battery"],"picked":"Eternal Feather"}],"items_purged_floors":[3],"is_endless":false,"potions_floor_spawned":[1,11,12,16,18],"killed_by":"Centurion and Healer","ascension_level":11}