{"path_per_floor":["M","?","$","M","$","R","E","M","T","R","M","R","M","M","R","B",null,"M","?","M","M"],"character_chosen":"IRONCLAD","items_purchased":["Inflame"],"gold_per_floor":[109,109,0,14,14,14,52,72,72,72,96,96,120,143,143,238,238,259,259,274,285,285],"floor_reached":22,"campfire_rested":1,"playtime":661,"current_hp_per_floor":[60,60,60,56,56,56,31,22,22,46,42,42,42,42,42,23,66,60,60,46,19,0],"items_purged":["Pain"],"gold":285,"score":310,"play_id":"9f457616-d9dc-4800-9c85-2134b271474c","local_time":"20180429085332","is_prod":false,"is_daily":false,"chose_seed":false,"is_ascension_mode":true,"campfire_upgraded":3,"timestamp":1525010012,"path_taken":["M","?","?","M","$","R","E","?","T","R","M","R","M","M","R","BOSS","M","?","?","M","M"],"build_version":"2018-04-28v2","seed_source_timestamp":2322725227823516,"purchased_purges":1,"victory":false,"master_deck":["Strike_R","Strike_R","Strike_R","Strike_R","Defend_R","Defend_R","Defend_R","Bash+1","AscendersBane","Anger","Dropkick","Warcry","Injury","Inflame+1","Metallicize","Evolve","Sword Boomerang","Spot Weakness+1","Limit Break","Pommel Strike+1"],"max_hp_per_floor":[80,80,80,80,80,80,80,80,80,80,80,80,80,80,80,80,80,80,80,80,80,80],"relics":["Burning Blood","Bloody Idol","The Courier","Paper Frog","Runic Pyramid"],"card_choices":[{"not_picked":["Perfected Strike","Sword Boomerang"],"picked":"Warcry","floor":1},{"not_picked":["Dropkick","Shrug It Off"],"picked":"Metallicize","floor":7},{"not_picked":["Pummel","Rage"],"picked":"Evolve","floor":8},{"not_picked":["Feel No Pain","Body Slam"],"picked":"Sword Boomerang","floor":11},{"not_picked":["Ghostly Armor","Blood for Blood"],"picked":"Spot Weakness","floor":14},{"not_picked":["Bludgeon","Dark Embrace"],"picked":"Limit Break","floor":16},{"not_picked":["Headbutt","Thunderclap"],"picked":"Pommel Strike","floor":18}],"player_experience":295704,"potions_floor_usage":[13,18,20],"damage_taken":[{"damage":18,"enemies":"Jaw Worm","floor":1,"turns":3},{"damage":10,"enemies":"2 Louse","floor":4,"turns":3},{"damage":31,"enemies":"Gremlin Nob","floor":7,"turns":4},{"damage":15,"enemies":"Small Slimes","floor":8,"turns":3},{"damage":10,"enemies":"Exordium Thugs","floor":11,"turns":5},{"damage":6,"enemies":"Lots of Slimes","floor":13,"turns":5},{"damage":6,"enemies":"Looter","floor":14,"turns":2},{"damage":25,"enemies":"The Guardian","floor":16,"turns":6},{"damage":12,"enemies":"Chosen","floor":18,"turns":3},{"damage":25,"enemies":"3 Byrds","floor":20,"turns":5},{"damage":38,"enemies":"Centurion and Healer","floor":21,"turns":5},{"damage":20,"enemies":"Snake Plant","floor":22,"turns":3}],"event_choices":[{"event_name":"Golden Idol","player_choice":"Take Wound","floor":2,"damage_taken":0},{"event_name":"Forgotten Altar","player_choice":"Gave Idol","floor":19,"damage_taken":0}],"boss_relics":[{"not_picked":["Philosopher\u0027s Stone","Cursed Key"],"picked":"Runic Pyramid"}],"potions_floor_spawned":[4,8,11,16,18,21],"seed_played":"7122781831813522848","killed_by":"Snake Plant","ascension_level":13,"is_trial":false}