{"gold_per_floor":[110,127,146,146,421,421,54,54,54,87,105,132,151,213,213,213],"floor_reached":16,"playtime":597,"items_purged":["Regret"],"score":215,"play_id":"fe3c25a5-5c68-41f7-b3e7-4ffa188cd55c","local_time":"20181022063102","is_ascension_mode":true,"campfire_choices":[{"data":"All Out Attack","floor":8,"key":"SMITH"},{"data":"Cloak And Dagger","floor":15,"key":"SMITH"}],"neow_cost":"NONE","seed_source_timestamp":380256059894329,"circlet_count":0,"master_deck":["Defend_G","Defend_G","Defend_G","Defend_G","Defend_G","Strike_G","Strike_G","Strike_G","Strike_G","Strike_G","Survivor","Neutralize+1","AscendersBane","Predator","All Out Attack+1","After Image","Endless Agony","Venomology","Backflip","After Image","Cloak And Dagger+1","Flying Knee"],"relics":["Ring of the Snake","Gremlin Horn","Pear","Bottled Lightning","PreservedInsect","Shovel"],"potions_floor_usage":[11,11,12,14,14,16,16],"damage_taken":[{"damage":2,"enemies":"2 Louse","floor":1,"turns":4},{"damage":0,"enemies":"Cultist","floor":2,"turns":4},{"damage":2,"enemies":"Small Slimes","floor":3,"turns":4},{"damage":29,"enemies":"Gremlin Nob","floor":10,"turns":4},{"damage":0,"enemies":"Gremlin Gang","floor":11,"turns":1},{"damage":11,"enemies":"3 Sentries","floor":12,"turns":8},{"damage":6,"enemies":"Blue Slaver","floor":13,"turns":5},{"damage":1,"enemies":"Gremlin Nob","floor":14,"turns":3},{"damage":29,"enemies":"Hexaghost","floor":16,"turns":9}],"seed_played":"-7477926945285742503","potions_obtained":[{"floor":2,"key":"SkillPotion"},{"floor":13,"key":"FearPotion"}],"is_trial":false,"path_per_floor":["M","M","M","?","?","T","$","R","T","E","M","E","M","?","R"],"character_chosen":"THE_SILENT","items_purchased":["After Image","Strength Potion","Endless Agony"],"campfire_rested":0,"item_purchase_floors":[7,7,7],"current_hp_per_floor":[63,63,61,61,61,61,61,61,71,42,42,31,25,24,24,0],"gold":213,"neow_bonus":"TEN_PERCENT_HP_BONUS","is_prod":false,"is_daily":false,"chose_seed":false,"campfire_upgraded":2,"win_rate":0,"timestamp":1540204262,"path_taken":["M","M","M","?","?","?","$","R","T","E","M","E","M","?","R","BOSS"],"build_version":"2018-10-18","purchased_purges":1,"victory":false,"max_hp_per_floor":[72,72,72,72,72,72,72,72,82,82,82,82,82,82,82,82],"card_choices":[{"not_picked":["Blade Dance","Sucker Punch"],"picked":"Predator","floor":1},{"not_picked":["Blur","Cloak And Dagger"],"picked":"All Out Attack","floor":2},{"not_picked":["Acrobatics","Distraction","Concentrate"],"picked":"SKIP","floor":3},{"not_picked":["Well Laid Plans","Leg Sweep"],"picked":"Venomology","floor":10},{"not_picked":["Prepared","Blade Dance"],"picked":"Backflip","floor":11},{"not_picked":["Acrobatics","Deflect"],"picked":"After Image","floor":12},{"not_picked":["Backflip","Distraction"],"picked":"Cloak And Dagger","floor":13},{"not_picked":["Backflip","Concentrate"],"picked":"Flying Knee","floor":14}],"player_experience":595831,"relics_obtained":[{"floor":6,"key":"Gremlin Horn"},{"floor":9,"key":"Pear"},{"floor":10,"key":"Bottled Lightning"},{"floor":12,"key":"PreservedInsect"},{"floor":14,"key":"Shovel"}],"event_choices":[{"damage_healed":0,"gold_gain":0,"player_choice":"Upgraded","damage_taken":0,"max_hp_gain":0,"max_hp_loss":0,"event_name":"Upgrade Shrine","floor":4,"gold_loss":0,"cards_upgraded":["Neutralize"]},{"damage_healed":0,"gold_gain":275,"player_choice":"Desecrate","damage_taken":0,"max_hp_gain":0,"max_hp_loss":0,"event_name":"Golden Shrine","floor":5,"gold_loss":0,"cards_obtained":["Regret"]},{"damage_healed":0,"gold_gain":0,"player_choice":"Searched \u00271\u0027 times","damage_taken":0,"max_hp_gain":0,"max_hp_loss":0,"event_name":"Dead Adventurer","floor":14,"gold_loss":0}],"is_beta":false,"boss_relics":[],"items_purged_floors":[7],"is_endless":false,"potions_floor_spawned":[2,13],"killed_by":"Hexaghost","ascension_level":19}