{"gold_per_floor":[114,130,130,46,96,132,146,146,192,217,242,242,277,298,298,298],"floor_reached":16,"playtime":530,"items_purged":[],"score":253,"play_id":"a72e8bed-9838-4ea5-939b-8b9ebcff9fdb","local_time":"20190215025554","is_ascension_mode":true,"campfire_choices":[{"data":"Bash","floor":8.0,"key":"SMITH"},{"data":"Metallicize","floor":15,"key":"SMITH"}],"neow_cost":"NONE","seed_source_timestamp":0,"circlet_count":0,"master_deck":["AscendersBane","Strike_R","Strike_R","Strike_R","Strike_R","Strike_R","Defend_R","Defend_R","Defend_R","Defend_R","Bash+1","Cleave","Cleave","Impervious","Metallicize+1","Metallicize"],"special_seed":0,"relics":["Burning Blood","NeowsBlessing","Golden Idol","Ancient Tea Set","Juzu Bracelet","Self Forming Clay"],"potions_floor_usage":[13,13],"damage_taken":[{"damage":0.0,"enemies":"2 Louse","floor":1.0,"turns":1.0},{"damage":0.0,"enemies":"Small Slimes","floor":2.0,"turns":1.0},{"damage":0.0,"enemies":"Lagavulin","floor":6.0,"turns":1.0},{"damage":7.0,"enemies":"Cultist","floor":7.0,"turns":4.0},{"damage":12.0,"enemies":"2 Fungi Beasts","floor":10.0,"turns":4.0},{"damage":8,"enemies":"Lots of Slimes","floor":11,"turns":2},{"damage":18,"enemies":"Gremlin Nob","floor":13,"turns":4},{"damage":11,"enemies":"Blue Slaver","floor":14,"turns":4},{"damage":60,"enemies":"Slime Boss","floor":16,"turns":14}],"seed_played":"-4968521351951595657","potions_obtained":[{"floor":2.0,"key":"FairyPotion"},{"floor":11,"key":"Fire Potion"},{"floor":12,"key":"Regen Potion"}],"is_trial":false,"path_per_floor":["M","M","?","$","?","E","M","R","T","M","M","?","E","M","R","B"],"character_chosen":"IRONCLAD","items_purchased":["Regen Potion"],"campfire_rested":0,"item_purchase_floors":[4],"current_hp_per_floor":[74,75,49,49,49,55,54,54,54,48,46,46,61,56,56,0],"gold":298,"neow_bonus":"THREE_ENEMY_KILL","is_prod":false,"is_daily":false,"chose_seed":false,"campfire_upgraded":2,"win_rate":0,"timestamp":1550217354,"path_taken":["M","M","?","$","?","E","?","R","T","M","M","?","E","M","R","BOSS"],"build_version":"2019-01-23","purchased_purges":0,"victory":false,"max_hp_per_floor":[75,75,75,75,75,75,75,75,75,75,75,75,75,75,75,75],"card_choices":[{"not_picked":["Anger","Wild Strike"],"picked":"Cleave","floor":1.0},{"not_picked":["Pommel Strike","Power Through"],"picked":"Cleave","floor":2.0},{"not_picked":["Double Tap","Iron Wave"],"picked":"Impervious","floor":6.0},{"not_picked":["Feel No Pain","Searing Blow","Cleave"],"picked":"SKIP","floor":7.0},{"not_picked":["Clash","Wild Strike","Pommel Strike"],"picked":"SKIP","floor":10.0},{"not_picked":["Clash","Wild Strike","Pommel Strike"],"picked":"SKIP","floor":10.0},{"not_picked":["Uppercut","Sword Boomerang"],"picked":"Metallicize","floor":11},{"not_picked":["Limit Break","Sentinel","Headbutt"],"picked":"SKIP","floor":13},{"not_picked":["Ghostly Armor","Pummel"],"picked":"Metallicize","floor":14}],"player_experience":291368,"relics_obtained":[{"floor":6.0,"key":"Ancient Tea Set"},{"floor":9.0,"key":"Juzu Bracelet"},{"floor":13,"key":"Self Forming Clay"}],"event_choices":[{"damage_healed":0.0,"max_hp_gain":0.0,"max_hp_loss":0.0,"gold_gain":0.0,"event_name":"Golden Idol","player_choice":"Take Damage","floor":3.0,"gold_loss":0.0,"damage_taken":26.0,"relics_obtained":["Golden Idol"]},{"damage_healed":0.0,"max_hp_gain":0.0,"max_hp_loss":0.0,"gold_gain":50.0,"event_name":"Golden Shrine","player_choice":"Pray","floor":5.0,"gold_loss":0.0,"damage_taken":0.0},{"damage_healed":0,"gold_gain":0,"player_choice":"Got Potions","damage_taken":0,"max_hp_gain":0,"max_hp_loss":0,"event_name":"Lab","floor":12,"gold_loss":0}],"is_beta":false,"boss_relics":[],"items_purged_floors":[],"is_endless":false,"potions_floor_spawned":[2,6,11],"killed_by":"Slime Boss","ascension_level":17}