{"gold_per_floor":[112,131,141,105,120,120,120,120,120,120,152,168,223,298,298,393,393,405,328,338,338,352,385,385,395,421,421,421,421,50,50],"floor_reached":31,"playtime":877,"items_purged":["Strike_B"],"score":354,"play_id":"dcb28747-bea0-4d1a-aa7c-8ed01b2099e3","local_time":"20180703225709","is_ascension_mode":true,"campfire_choices":[{"floor":6,"key":"REST"},{"data":"Static Discharge","floor":8,"key":"SMITH"},{"data":"Sunder","floor":10,"key":"SMITH"},{"floor":15,"key":"REST"},{"data":"Storm","floor":24,"key":"SMITH"},{"data":"Storm","floor":27,"key":"SMITH"},{"data":"Loop","floor":29,"key":"SMITH"}],"neow_cost":"TEN_PERCENT_HP_LOSS","seed_source_timestamp":795617089600289,"circlet_count":0,"master_deck":["Strike_B","Strike_B","Defend_B","Defend_B+1","Defend_B+1","Zap","Dualcast","Reboot","Loop+1","Storm+1","Static Discharge+1","Coolheaded","Storm+1","Sunder+1","Auto Shields","Tempest","Biased Cognition","Stack","J.A.X.","Turbo","Electrodynamics","Heatsinks"],"relics":["Cracked Core","Ancient Tea Set","Cables","Coffee Dripper","Bronze Scales","Bag of Marbles","Toxic Egg 2","Blood Vial","Strawberry"],"potions_floor_usage":[12,18,20,23,31],"damage_taken":[{"damage":1,"enemies":"Cultist","floor":1,"turns":3},{"damage":7,"enemies":"Jaw Worm","floor":2,"turns":3},{"damage":20,"enemies":"Small Slimes","floor":3,"turns":4},{"damage":14,"enemies":"Exordium Wildlife","floor":5,"turns":5},{"damage":4,"enemies":"3 Sentries","floor":11,"turns":4},{"damage":7,"enemies":"3 Louse","floor":12,"turns":2},{"damage":17,"enemies":"The Guardian","floor":16,"turns":8},{"damage":25,"enemies":"2 Thieves","floor":18,"turns":4},{"damage":1,"enemies":"Shell Parasite","floor":20,"turns":5},{"damage":0,"enemies":"Sentry and Sphere","floor":22,"turns":2},{"damage":16,"enemies":"Gremlin Leader","floor":23,"turns":5},{"damage":16,"enemies":"Snake Plant","floor":25,"turns":3},{"damage":31,"enemies":"Slavers","floor":31,"turns":2}],"seed_played":"3784879233893718739","potions_obtained":[{"floor":2,"key":"AttackPotion"},{"floor":3,"key":"Dexterity Potion"},{"floor":16,"key":"Weak Potion"},{"floor":18,"key":"FocusPotion"},{"floor":25,"key":"Dexterity Potion"}],"is_trial":false,"path_per_floor":["M","M","M","$","M","R","?","R","T","R","E","M","?","?","R","B",null,"M","?","M","?","M","E","R","M","T","R","T","R","$"],"character_chosen":"DEFECT","items_purchased":["Storm","Blood Vial","Strawberry"],"campfire_rested":2,"item_purchase_floors":[4,30,30],"current_hp_per_floor":[67,60,40,40,26,46,32,32,32,32,28,21,21,10,30,13,54,29,29,28,50,50,34,34,18,18,18,18,18,25,0],"gold":50,"neow_bonus":"TRANSFORM_TWO_CARDS","is_prod":false,"is_daily":false,"chose_seed":false,"campfire_upgraded":5,"win_rate":0,"timestamp":1530676629,"path_taken":["M","?","M","$","?","R","?","R","T","R","E","M","?","?","R","BOSS","M","?","M","?","?","E","R","M","T","R","?","R","$","E"],"build_version":"2018-06-28","purchased_purges":1,"victory":false,"max_hp_per_floor":[68,68,68,68,68,68,68,68,68,68,68,68,68,68,68,68,68,68,68,68,68,68,68,68,68,68,68,68,68,75,75],"card_choices":[{"not_picked":["Leap","Conserve Battery"],"picked":"Storm","floor":1},{"not_picked":["Lockon","Loop"],"picked":"Static Discharge","floor":2},{"not_picked":["Redo","Steam Power"],"picked":"Coolheaded","floor":3},{"not_picked":["Beam Cell","Stack"],"picked":"Sunder","floor":5},{"not_picked":["Redo","Barrage"],"picked":"Auto Shields","floor":11},{"not_picked":["Sweeping Beam","Auto Shields"],"picked":"Tempest","floor":12},{"not_picked":["All For One","Amplify"],"picked":"Biased Cognition","floor":16},{"not_picked":["Steam","Doom and Gloom+1"],"picked":"Stack","floor":18},{"not_picked":["Beam Cell","Streamline+1"],"picked":"Turbo","floor":20},{"not_picked":["Gash","Chaos"],"picked":"Electrodynamics","floor":22},{"not_picked":["Blizzard","Turbo+1"],"picked":"Heatsinks","floor":23},{"not_picked":["FTL","Turbo","Compile Driver"],"picked":"SKIP","floor":25}],"player_experience":414064,"relics_obtained":[{"floor":9,"key":"Ancient Tea Set"},{"floor":11,"key":"Cables"},{"floor":23,"key":"Bronze Scales"},{"floor":26,"key":"Bag of Marbles"},{"floor":28,"key":"Toxic Egg 2"}],"event_choices":[{"event_name":"Shining Light","player_choice":"Entered Light","floor":7,"damage_taken":0},{"event_name":"Golden Wing","player_choice":"Gained Gold","floor":13,"damage_taken":0},{"event_name":"World of Goop","player_choice":"Gather Gold","floor":14,"damage_taken":0},{"event_name":"Drug Dealer","player_choice":"Got JAXXED","floor":19,"damage_taken":0},{"event_name":"The Library","player_choice":"Heal","floor":21,"damage_taken":0}],"boss_relics":[{"not_picked":["Nuclear Battery","Tiny House"],"picked":"Coffee Dripper"}],"items_purged_floors":[30],"is_endless":false,"potions_floor_spawned":[2,3,16,18,25],"killed_by":"Slavers","ascension_level":8}