{"gold_per_floor":[360,376,143,155,27,60,60,60,60,60,88,107,119,132,132,231,281,293,304,304,315,315,315,315,236,263,280,280,306,306,306],"floor_reached":31,"playtime":1314,"items_purged":["Bash"],"score":265,"play_id":"a7fbd856-f5ee-4429-8e9c-19780a10dfe9","local_time":"20190211035416","is_ascension_mode":false,"campfire_choices":[{"floor":7,"key":"REST"},{"floor":10,"key":"RECALL"},{"floor":15,"key":"REST"},{"data":"Flex","floor":24,"key":"SMITH"},{"floor":28,"key":"REST"}],"neow_cost":"TEN_PERCENT_HP_LOSS","seed_source_timestamp":229622359776100,"circlet_count":0,"master_deck":["Strike_R","Strike_R","Strike_R","Strike_R","Strike_R","Defend_R","Defend_R","Defend_R","Defend_R","Pummel+1","Sword Boomerang","Apotheosis+1","Flex+1","Thunderclap","Flex","Inflame","Writhe"],"relics":["Burning Blood","Incense Burner","StoneCalendar","Tiny House","Dream Catcher","Sundial","Juzu Bracelet"],"potions_floor_usage":[6,18,27,31],"damage_taken":[{"damage":6,"enemies":"Cultist","floor":1,"turns":3},{"damage":0,"enemies":"Small Slimes","floor":2,"turns":3},{"damage":0,"enemies":"2 Louse","floor":4,"turns":4},{"damage":19,"enemies":"3 Sentries","floor":6,"turns":8},{"damage":20,"enemies":"Lagavulin","floor":11,"turns":5},{"damage":6,"enemies":"Lots of Slimes","floor":12,"turns":4},{"damage":9,"enemies":"Blue Slaver","floor":13,"turns":4},{"damage":10,"enemies":"Looter","floor":14,"turns":4},{"damage":31,"enemies":"The Guardian","floor":16,"turns":8},{"damage":10,"enemies":"Spheric Guardian","floor":18,"turns":3},{"damage":6,"enemies":"3 Byrds","floor":19,"turns":6},{"damage":0,"enemies":"Snecko","floor":21,"turns":4},{"damage":16,"enemies":"Shelled Parasite and Fungi","floor":27,"turns":5},{"damage":76,"enemies":"Slavers","floor":29,"turns":6},{"damage":10,"enemies":"Cultist and Chosen","floor":31,"turns":1}],"seed_played":"1077016824339733042","potions_obtained":[{"floor":1,"key":"AttackPotion"},{"floor":4,"key":"EssenceOfSteel"},{"floor":13,"key":"Poison Potion"},{"floor":16,"key":"FearPotion"},{"floor":19,"key":"FearPotion"},{"floor":21,"key":"Weak Potion"}],"is_trial":false,"path_per_floor":["M","M","$","M","$","E","R","?","T","R","E","M","M","M","R","B",null,"M","M","$","M","?","$","R","$","T","M","R","E","?","M"],"character_chosen":"IRONCLAD","items_purchased":["Apotheosis","SteroidPotion","Thunderclap","Inflame"],"campfire_rested":3,"item_purchase_floors":[3,3,5,25],"current_hp_per_floor":[72,72,72,72,72,59,72,72,72,72,58,58,55,51,72,47,77,73,73,73,77,77,77,77,77,77,67,77,7,7,0],"gold":306,"neow_bonus":"TWO_FIFTY_GOLD","is_prod":false,"is_daily":false,"chose_seed":false,"campfire_upgraded":1,"win_rate":0,"timestamp":1549853656,"path_taken":["M","?","$","?","$","E","R","?","T","R","E","M","M","M","R","BOSS","M","M","$","M","?","$","R","$","T","M","R","E","?","M"],"build_version":"2019-02-06","purchased_purges":1,"victory":false,"max_hp_per_floor":[72,72,72,72,72,72,72,72,72,72,72,72,72,72,72,72,77,77,77,77,77,77,77,77,77,77,77,77,77,77,77],"card_choices":[{"not_picked":["Sentinel","Perfected Strike"],"picked":"Pummel","floor":1},{"not_picked":["Dropkick","Carnage"],"picked":"Sword Boomerang","floor":2},{"not_picked":["Heavy Blade","Brutality"],"picked":"Flex","floor":4},{"not_picked":["Iron Wave","Intimidate","Heavy Blade"],"picked":"SKIP","floor":6},{"not_picked":["Searing Blow","Twin Strike","Second Wind"],"picked":"SKIP","floor":11},{"not_picked":["Pommel Strike","Clash","Thunderclap"],"picked":"SKIP","floor":12},{"not_picked":["True Grit","Disarm","Perfected Strike"],"picked":"SKIP","floor":13},{"not_picked":["Feel No Pain","Cleave","Second Wind"],"picked":"SKIP","floor":14},{"not_picked":["Sentinel","Cleave","Bloodletting"],"picked":"SKIP","floor":18},{"not_picked":["Infernal Blade","Headbutt+1"],"picked":"Flex","floor":19},{"not_picked":["Cleave","Double Tap","Sever Soul"],"picked":"SKIP","floor":21},{"not_picked":["Headbutt","Corruption","Shrug It Off"],"picked":"SKIP","floor":27},{"not_picked":["Exhume","Combust+1","Anger"],"picked":"SKIP","floor":29}],"player_experience":193443,"relics_obtained":[{"floor":6,"key":"Incense Burner"},{"floor":11,"key":"StoneCalendar"},{"floor":26,"key":"Dream Catcher"},{"floor":29,"key":"Sundial"}],"event_choices":[{"damage_healed":0,"gold_gain":0,"player_choice":"Grow","damage_taken":0,"max_hp_gain":0,"max_hp_loss":0,"event_name":"Living Wall","floor":8,"gold_loss":0,"cards_upgraded":["Apotheosis"]},{"damage_healed":0,"gold_gain":0,"player_choice":"Ignored","damage_taken":0,"max_hp_gain":0,"max_hp_loss":0,"event_name":"Vampires","floor":22,"gold_loss":0},{"damage_healed":0,"gold_gain":0,"player_choice":"Opened","damage_taken":0,"relics_obtained":["Juzu Bracelet"],"max_hp_gain":0,"max_hp_loss":0,"event_name":"The Mausoleum","floor":30,"gold_loss":0,"cards_obtained":["Writhe"]}],"is_beta":true,"boss_relics":[{"not_picked":["Pandora\u0027s Box","Snecko Eye"],"picked":"Tiny House"}],"items_purged_floors":[5],"is_endless":false,"potions_floor_spawned":[1,4,13,16,19,21],"killed_by":"Cultist and Chosen","ascension_level":0}