{"gold_per_floor":[109,121,296,74,149,175,193,193,218,231,246,246,271,271,271,369,369,387,403,184,197,211,211,230,230,230,255,170,202,229,240,240,339,339,350,350,450,466,479,479],"floor_reached":40,"playtime":1600,"items_purged":["Doubt"],"score":488,"play_id":"77ac4468-b069-4af6-a47c-9274050625dc","local_time":"20190218212633","is_ascension_mode":false,"campfire_choices":[{"floor":8.0,"key":"REST"},{"data":"Defragment","floor":12.0,"key":"SMITH"},{"data":"Ball Lightning","floor":15.0,"key":"SMITH"},{"floor":23.0,"key":"REST"},{"data":"Amplify","floor":25.0,"key":"SMITH"},{"floor":32.0,"key":"REST"}],"neow_cost":"NONE","seed_source_timestamp":0,"circlet_count":0,"master_deck":["Strike_B","Strike_B","Strike_B","Defend_B","Defend_B","Defend_B","Defend_B","Zap","Dualcast","Leap","Defragment+1","Melter","Redo","Ball Lightning+1","Leap","Ball Lightning","Amplify+1","Lockon","Loop+1","Panache","Conserve Battery","Self Repair","Sweeping Beam+1","Electrodynamics","Multi-Cast","Loop","Force Field+1"],"special_seed":0,"relics":["Velvet Choker","DataDisk","Bag of Preparation","Dodecahedron","Sozu","Nunchaku","Lantern","Blue Candle","Oddly Smooth Stone","Runic Pyramid","Ice Cream"],"potions_floor_usage":[40],"damage_taken":[{"damage":0.0,"enemies":"2 Louse","floor":1.0,"turns":2.0},{"damage":0.0,"enemies":"Small Slimes","floor":2.0,"turns":4.0},{"damage":33.0,"enemies":"Lagavulin","floor":6.0,"turns":8.0},{"damage":0.0,"enemies":"Cultist","floor":7.0,"turns":3.0},{"damage":0.0,"enemies":"Exordium Wildlife","floor":10.0,"turns":3.0},{"damage":0.0,"enemies":"Blue Slaver","floor":11.0,"turns":2.0},{"damage":9.0,"enemies":"3 Sentries","floor":13.0,"turns":4.0},{"damage":0.0,"enemies":"Slime Boss","floor":16.0,"turns":6.0},{"damage":11.0,"enemies":"2 Thieves","floor":18.0,"turns":3.0},{"damage":0.0,"enemies":"Spheric Guardian","floor":19.0,"turns":3.0},{"damage":13.0,"enemies":"Cultist and Chosen","floor":21.0,"turns":5.0},{"damage":18.0,"enemies":"Snake Plant","floor":22.0,"turns":4.0},{"damage":0.0,"enemies":"Sentry and Sphere","floor":24.0,"turns":3.0},{"damage":20.0,"enemies":"Gremlin Leader","floor":27.0,"turns":6.0},{"damage":13.0,"enemies":"Slavers","floor":29.0,"turns":2.0},{"damage":14.0,"enemies":"Snecko","floor":31.0,"turns":4.0},{"damage":79.0,"enemies":"Automaton","floor":33.0,"turns":8.0},{"damage":1,"enemies":"Orb Walker","floor":35,"turns":3},{"damage":0,"enemies":"Mind Bloom Boss Battle","floor":37,"turns":6},{"damage":18,"enemies":"3 Darklings","floor":38,"turns":3},{"damage":1,"enemies":"Transient","floor":39,"turns":5},{"damage":67,"enemies":"Nemesis","floor":40,"turns":4}],"seed_played":"7692347491470697728","potions_obtained":[{"floor":6.0,"key":"EntropicBrew"},{"floor":7.0,"key":"FearPotion"},{"floor":11.0,"key":"FairyPotion"}],"is_trial":false,"path_per_floor":["M","M","?","$","?","E","M","R","T","M","M","R","E","?","R","B",null,"M","M","$","M","M","R","M","R","T","E","?","E","T","M","R","B",null,"M","?","?","M","M","E"],"character_chosen":"DEFECT","items_purchased":["Defragment","Melter","Panache","Conserve Battery"],"campfire_rested":3,"item_purchase_floors":[4,4,20,20],"current_hp_per_floor":[75,75,75,75,64,31,31,53,53,53,53,53,44,44,44,44,75,64,64,64,51,33,55,62,62,62,49,49,43,43,29,51,14,75,74,74,75,57,63,0],"gold":479,"neow_bonus":"BOSS_RELIC","is_prod":false,"is_daily":false,"chose_seed":false,"campfire_upgraded":3,"win_rate":0,"timestamp":1550521593,"path_taken":["M","M","?","$","?","E","M","R","T","M","M","R","E","?","R","BOSS","M","M","?","M","M","R","M","R","T","E","?","E","?","M","R","BOSS","M","?","?","M","M","E"],"build_version":"2019-02-06","purchased_purges":1,"victory":false,"max_hp_per_floor":[75,75,75,75,75,75,75,75,75,75,75,75,75,75,75,75,75,75,75,75,75,75,75,75,75,75,75,75,75,75,75,75,75,75,75,75,75,75,75,75],"card_choices":[{"not_picked":["Barrage","Gash","Double Energy"],"picked":"SKIP","floor":1.0},{"not_picked":["Hologram","Static Discharge"],"picked":"Leap","floor":2.0},{"not_picked":["Hologram","Beam Cell"],"picked":"Redo","floor":6.0},{"not_picked":["Steam Power","Skim","Gash"],"picked":"SKIP","floor":7.0},{"not_picked":["Conserve Battery","Lockon"],"picked":"Ball Lightning","floor":10.0},{"not_picked":["Reboot","Barrage"],"picked":"Leap","floor":11.0},{"not_picked":["Reinforced Body","Rip and Tear"],"picked":"Ball Lightning","floor":13.0},{"not_picked":["Core Surge","Buffer"],"picked":"Amplify","floor":16.0},{"not_picked":["Beam Cell","Gash"],"picked":"Lockon","floor":18.0},{"not_picked":["Rebound","Coolheaded"],"picked":"Loop+1","floor":19.0},{"not_picked":["Steam","Beam Cell"],"picked":"Self Repair","floor":21.0},{"not_picked":["Recycle","Steam+1","Aggregate"],"picked":"SKIP","floor":22.0},{"not_picked":["Storm","Coolheaded+1"],"picked":"Sweeping Beam+1","floor":24.0},{"not_picked":["Beam Cell","Leap"],"picked":"Electrodynamics","floor":27.0},{"not_picked":["Conserve Battery","Melter","Go for the Eyes"],"picked":"SKIP","floor":29.0},{"not_picked":["BootSequence","Gash+1","Sweeping Beam"],"picked":"SKIP","floor":31.0},{"not_picked":["Biased Cognition","Machine Learning"],"picked":"Multi-Cast","floor":33.0},{"not_picked":["Rebound","FTL"],"picked":"Loop","floor":35},{"not_picked":["Doom and Gloom","FTL"],"picked":"Force Field+1","floor":38},{"not_picked":["Rainbow","Darkness","Rebound"],"picked":"SKIP","floor":39}],"player_experience":226225,"relics_obtained":[{"floor":6.0,"key":"DataDisk"},{"floor":9.0,"key":"Bag of Preparation"},{"floor":13.0,"key":"Dodecahedron"},{"floor":27.0,"key":"Nunchaku"},{"floor":29.0,"key":"Blue Candle"},{"floor":30.0,"key":"Oddly Smooth Stone"},{"floor":37,"key":"Ice Cream"}],"event_choices":[{"damage_healed":0.0,"max_hp_gain":0.0,"max_hp_loss":0.0,"gold_gain":175.0,"event_name":"Liars Game","player_choice":"AGREE","floor":3.0,"gold_loss":0.0,"damage_taken":0.0,"cards_obtained":["Doubt"]},{"damage_healed":0.0,"max_hp_gain":0.0,"max_hp_loss":0.0,"gold_gain":75.0,"event_name":"World of Goop","player_choice":"Gather Gold","floor":5.0,"gold_loss":0.0,"damage_taken":11.0},{"damage_healed":0.0,"max_hp_gain":0.0,"max_hp_loss":0.0,"gold_gain":0.0,"event_name":"Purifier","player_choice":"Ignored","floor":14.0,"gold_loss":0.0,"damage_taken":0.0},{"damage_healed":0.0,"max_hp_gain":0.0,"max_hp_loss":0.0,"gold_gain":0.0,"event_name":"Addict","player_choice":"Obtained Relic","floor":28.0,"gold_loss":85.0,"damage_taken":0.0,"relics_obtained":["Lantern"]},{"cards_removed":["Strike_B"],"damage_healed":0,"gold_gain":0,"player_choice":"Removed Attack","damage_taken":0,"max_hp_gain":0,"max_hp_loss":0,"event_name":"Falling","floor":36,"gold_loss":0},{"damage_healed":0,"gold_gain":0,"player_choice":"Fight","damage_taken":0,"max_hp_gain":0,"max_hp_loss":0,"event_name":"MindBloom","floor":37,"gold_loss":0}],"is_beta":true,"boss_relics":[{"not_picked":["Eternal Feather","Pandora\u0027s Box"],"picked":"Sozu"},{"not_picked":["Orrery","Philosopher\u0027s Stone"],"picked":"Runic Pyramid"}],"items_purged_floors":[4],"is_endless":false,"potions_floor_spawned":[6,7,11,19,29,31,33,39],"killed_by":"Nemesis","ascension_level":0}