{"path_per_floor":["M","?","M","$","?","R","$","R","T","?","M","M","$","M","R","B",null,"M","?","?","M","M","R","$","R","T","$","M","?","R","M","R","B",null,"M","$","M","?","M","M","R","T","T","?","?","$","M","M","R"],"character_chosen":"IRONCLAD","items_purchased":["Pummel","Pummel","Molten Egg","Inflame","Demon Form"],"gold_per_floor":[113,113,127,46,101,101,31,31,31,106,124,136,136,146,146,245,245,262,177,177,190,204,204,52,52,128,61,74,74,74,94,94,189,189,205,44,59,0,20,31,31,31,55,55,55,55,66,81,81],"floor_reached":50,"campfire_rested":3,"playtime":3531,"current_hp_per_floor":[73,73,74,74,74,74,74,74,74,63,71,75,75,67,67,25,80,67,67,52,58,41,66,66,66,66,66,57,57,82,82,82,54,85,59,59,49,49,59,54,54,54,54,54,54,54,28,22,47],"items_purged":[],"gold":81,"play_id":"f3853d40-1497-4811-8bc7-2feb1655de03","is_prod":false,"is_daily":false,"campfire_rituals":0,"campfire_upgraded":6,"is_hardmode":false,"path_taken":["M","?","M","$","?","R","$","R","T","?","?","M","?","M","R","BOSS","M","?","?","M","?","R","$","R","T","?","M","?","R","?","R","BOSS","M","$","M","?","M","M","R","?","T","?","?","?","M","M","R","BOSS"],"build_version":"2017-12-21-PROD1","purchased_purges":0,"victory":false,"master_deck":["Strike_R","Strike_R","Strike_R","Strike_R","Defend_R","Defend_R","Defend_R","Defend_R","Bash","Sword Boomerang","Sword Boomerang","Clothesline","Pummel","Pummel","Warcry","Flex","Rupture","Berserk","Iron Wave","Twin Strike","Inflame","Flex","Headbutt","Double Tap","Shrug It Off","Demon Form","Sword Boomerang","Inflame","Anger"],"max_hp_per_floor":[80,80,80,80,80,80,80,80,80,80,80,80,80,80,80,80,80,80,80,85,85,85,85,85,85,85,85,85,85,85,85,85,85,85,85,85,85,85,85,85,85,85,85,85,85,85,85,85,85],"relics":["Burning Blood","Blood Vial","Sozu","Vajra","Molten Egg","Meat on the Bone","Black Star","Red Mask","Shuriken","Ancient Tea Set"],"campfire_meditates":0,"card_choices":[{"not_picked":["Dropkick","Clash"],"picked":"Sword Boomerang"},{"not_picked":["Burning Pact","Intimidate"],"picked":"Clothesline"},{"not_picked":["True Grit","Corruption"],"picked":"Warcry"},{"not_picked":["Disarm","Dual Wield"],"picked":"Flex"},{"not_picked":["Dark Embrace","Blood for Blood"],"picked":"Rupture"},{"not_picked":["Fiend Fire","Juggernaut"],"picked":"Berserk"},{"not_picked":["Body Slam","Blood for Blood"],"picked":"Iron Wave"},{"not_picked":["True Grit","Burning Pact"],"picked":"Twin Strike"},{"not_picked":["Rampage","Clash"],"picked":"Metallicize"},{"not_picked":["Reckless Charge","Clothesline"],"picked":"Flex"},{"not_picked":["Twin Strike","Warcry"],"picked":"Headbutt"},{"not_picked":["Brutality","Juggernaut"],"picked":"Double Tap"},{"not_picked":["Anger","Armaments"],"picked":"Shrug It Off"},{"not_picked":["Armaments","Body Slam"],"picked":"Sword Boomerang"},{"not_picked":["Iron Wave","Uppercut"],"picked":"Inflame"},{"not_picked":["Searing Blow","Clash"],"picked":"Anger"}],"player_experience":0,"potions_floor_usage":[],"damage_taken":[{"damage":13,"enemies":"Blue Slaver","floor":1,"turns":7},{"damage":5,"enemies":"Looter","floor":3,"turns":4},{"damage":0,"enemies":"Cultist","floor":11,"turns":3},{"damage":4,"enemies":"3 Louse","floor":12,"turns":5},{"damage":16,"enemies":"2 Fungi Beasts","floor":14,"turns":3},{"damage":50,"enemies":"The Guardian","floor":16,"turns":15},{"damage":19,"enemies":"Spheric Guardian","floor":18,"turns":4},{"damage":2,"enemies":"Chosen","floor":21,"turns":4},{"damage":25,"enemies":"Snake Plant","floor":22,"turns":3},{"damage":17,"enemies":"Sentry and Sphere","floor":28,"turns":4},{"damage":8,"enemies":"Centurion and Healer","floor":31,"turns":4},{"damage":48,"enemies":"Champ","floor":33,"turns":11},{"damage":32,"enemies":"3 Darklings","floor":35,"turns":5},{"damage":18,"enemies":"Orb Walker","floor":37,"turns":3},{"damage":10,"enemies":"Sphere and 2 Shapes","floor":39,"turns":3},{"damage":25,"enemies":"3 Darklings","floor":40,"turns":5},{"damage":46,"enemies":"Maw","floor":47,"turns":7},{"damage":26,"enemies":"Sphere and 2 Shapes","floor":48,"turns":4},{"damage":56,"enemies":"Awakened One","floor":50,"turns":3}],"event_choices":[{"event_name":"Living Wall","player_choice":"Change","floor":2,"damage_taken":0},{"event_name":"Golden Wing","player_choice":"Gained Gold","floor":5,"damage_taken":0},{"event_name":"World of Goop","player_choice":"Gather Gold","floor":10,"damage_taken":0},{"event_name":"Addict","player_choice":"Obtained Relic","floor":19,"damage_taken":0},{"event_name":"Forgotten Altar","player_choice":"Shed Blood","floor":20,"damage_taken":0},{"event_name":"Beggar","player_choice":"Ignored","floor":29,"damage_taken":0},{"event_name":"Tomb of Lord Red Mask","player_choice":"Paid","floor":38,"damage_taken":0},{"event_name":"The Woman in Blue","player_choice":"Bought 0 Potions","floor":44,"damage_taken":0}],"boss_relics":[{"not_picked":["Tiny House","Runic Pyramid"],"picked":"Sozu"},{"not_picked":["Runic Cube","Snecko Eye"],"picked":"Black Star"}],"potions_floor_spawned":[1,11,12,22,33,35,37,39],"seed_played":"-2368723508187227089","killed_by":"Awakened One","is_trial":false}