{"gold_per_floor":[109,124,137,147,147,479,492,517,541,541],"floor_reached":10,"playtime":812,"items_purged":[],"score":80,"play_id":"343c9867-68da-4edb-be99-eabc9089fdb4","local_time":"20190124105250","is_ascension_mode":false,"campfire_choices":[],"neow_cost":"NONE","seed_source_timestamp":189024773187100,"circlet_count":0,"master_deck":["Strike_R","Strike_R","Strike_R","Strike_R","Strike_R","Defend_R","Defend_R","Defend_R","Defend_R","Bash","Flame Barrier","Iron Wave+1","Shrug It Off","Body Slam","Shrug It Off"],"relics":["Burning Blood","NeowsBlessing","Old Coin","Ginger","Potion Belt"],"potions_floor_usage":[],"damage_taken":[{"damage":0,"enemies":"Cultist","floor":1,"turns":1},{"damage":0,"enemies":"Small Slimes","floor":2,"turns":1},{"damage":0,"enemies":"Jaw Worm","floor":3,"turns":1},{"damage":9,"enemies":"Exordium Wildlife","floor":4,"turns":6},{"damage":21,"enemies":"Gremlin Nob","floor":6,"turns":5},{"damage":0,"enemies":"3 Louse","floor":7,"turns":4},{"damage":32,"enemies":"3 Sentries","floor":8,"turns":14},{"damage":45,"enemies":"Lagavulin Event","floor":10,"turns":9}],"seed_played":"5316026843813157538","potions_obtained":[{"floor":2,"key":"SteroidPotion"},{"floor":6,"key":"Poison Potion"}],"is_trial":false,"path_per_floor":["M","?","?"],"character_chosen":"IRONCLAD","items_purchased":[],"campfire_rested":0,"item_purchase_floors":[],"current_hp_per_floor":[80,80,80,77,77,62,68,42,42,0],"gold":541,"neow_bonus":"THREE_ENEMY_KILL","is_prod":false,"is_daily":false,"chose_seed":false,"campfire_upgraded":0,"win_rate":0,"timestamp":1548323570,"path_taken":["M","?","M","M","?","E","M","E","T","?"],"build_version":"2019-01-22","purchased_purges":0,"victory":false,"max_hp_per_floor":[80,80,80,80,80,80,80,80,80,80],"card_choices":[{"not_picked":["Anger","Heavy Blade"],"picked":"Flame Barrier","floor":1},{"not_picked":["Flame Barrier","Warcry","Cleave"],"picked":"SKIP","floor":2},{"not_picked":["Berserk","Disarm"],"picked":"Iron Wave","floor":3},{"not_picked":["True Grit","Sword Boomerang"],"picked":"Shrug It Off","floor":4},{"not_picked":["Shockwave","Flame Barrier"],"picked":"Body Slam","floor":6},{"not_picked":["Searing Blow","Combust","Shockwave"],"picked":"SKIP","floor":7},{"not_picked":["Power Through","Rage"],"picked":"Shrug It Off","floor":8}],"player_experience":139681,"relics_obtained":[{"floor":6,"key":"Old Coin"},{"floor":8,"key":"Ginger"},{"floor":9,"key":"Potion Belt"}],"event_choices":[{"damage_healed":0,"gold_gain":0,"player_choice":"Grow","damage_taken":0,"max_hp_gain":0,"max_hp_loss":0,"event_name":"Living Wall","floor":5,"gold_loss":0,"cards_upgraded":["Iron Wave"]},{"damage_healed":0,"gold_gain":0,"player_choice":"Searched \u00271\u0027 times","damage_taken":0,"max_hp_gain":0,"max_hp_loss":0,"event_name":"Dead Adventurer","floor":10,"gold_loss":0}],"is_beta":true,"boss_relics":[],"items_purged_floors":[],"is_endless":false,"potions_floor_spawned":[2,6],"killed_by":"Lagavulin Event","ascension_level":0}