{"path_per_floor":["M","?","?","?","?","E","M","R","T","R","M","E","$","E","R","B",null,"M","?","T","M","?","R","$","R","T","?","M","E","M","M","R"],"character_chosen":"IRONCLAD","items_purchased":["Toxic Egg 2","Burning Pact","Wild Strike","Feel No Pain","Toolbox"],"gold_per_floor":[113,63,238,238,268,295,306,306,332,332,350,375,0,28,28,125,125,142,142,142,156,406,406,4,4,4,4,24,56,74,88,88],"floor_reached":33,"campfire_rested":2,"playtime":2044,"current_hp_per_floor":[80,80,80,80,80,45,48,48,48,48,49,32,32,16,40,36,80,83,67,67,69,69,69,69,69,69,69,65,46,59,45,74],"items_purged":["Regret"],"gold":88,"score":306,"play_id":"09305f72-0d3d-4d96-b7e9-f2e903b89824","is_prod":false,"is_daily":false,"is_ascension_mode":false,"campfire_upgraded":4,"path_taken":["M","?","?","?","?","E","M","R","T","R","M","E","$","E","R","BOSS","M","?","?","M","?","R","$","R","T","?","M","E","M","M","R","BOSS"],"build_version":"2018-02-12-PROD1","purchased_purges":1,"victory":false,"master_deck":["Strike_R","Strike_R","Strike_R","Strike_R","Strike_R","Defend_R","Defend_R+1","Defend_R+1","Bash","Armaments+1","Thunderclap","Havoc+1","Disarm","Shrug It Off","Burning Pact+1","Wild Strike","Battle Trance+1","Feed+1","Metallicize+1","Sword Boomerang","Feel No Pain+1","Cleave+1","Body Slam","Sentinel+1","Intimidate+1"],"max_hp_per_floor":[80,80,80,80,80,80,80,80,80,80,80,80,80,80,80,80,80,83,88,88,91,91,91,91,91,91,91,95,95,99,99,99],"relics":["Burning Blood","Tiny Chest","Happy Flower","Juzu Bracelet","Magic Flower","Toxic Egg 2","War Paint","Mark of Pain","Red Skull","Toolbox","Centennial Puzzle","Bronze Scales"],"card_choices":[{"not_picked":["Whirlwind","Havoc"],"picked":"Armaments"},{"not_picked":["Sentinel","Burning Pact"],"picked":"Thunderclap"},{"not_picked":["Heavy Blade","True Grit"],"picked":"Havoc"},{"not_picked":["Immolate","Warcry"],"picked":"Disarm"},{"not_picked":["Cleave","Intimidate"],"picked":"Shrug It Off"},{"not_picked":["Hemokinesis","Fire Breathing"],"picked":"Battle Trance"},{"not_picked":["Exhume","Immolate"],"picked":"Feed"},{"not_picked":["Havoc","Bloodletting"],"picked":"Metallicize"},{"not_picked":["Shrug It Off","Cleave"],"picked":"Sword Boomerang"},{"not_picked":["Sword Boomerang","Wild Strike"],"picked":"Cleave"},{"not_picked":["Iron Wave","Havoc"],"picked":"Body Slam"},{"not_picked":["Wild Strike","Headbutt"],"picked":"Sentinel"},{"not_picked":["Limit Break","Burning Pact"],"picked":"Intimidate"}],"player_experience":66803,"potions_floor_usage":[14,16,16,28,29,33],"damage_taken":[{"damage":5,"enemies":"Cultist","floor":1,"turns":4},{"damage":41,"enemies":"Gremlin Nob","floor":6,"turns":5},{"damage":3,"enemies":"2 Louse","floor":7,"turns":3},{"damage":5,"enemies":"Small Slimes","floor":11,"turns":3},{"damage":23,"enemies":"3 Sentries","floor":12,"turns":8},{"damage":25,"enemies":"Lagavulin","floor":14,"turns":6},{"damage":13,"enemies":"Slime Boss","floor":16,"turns":11},{"damage":8,"enemies":"3 Byrds","floor":18,"turns":6},{"damage":12,"enemies":"Shell Parasite","floor":21,"turns":8},{"damage":19,"enemies":"Cultist and Chosen","floor":28,"turns":14},{"damage":28,"enemies":"Gremlin Leader","floor":29,"turns":8},{"damage":2,"enemies":"Centurion and Healer","floor":30,"turns":5},{"damage":23,"enemies":"Snake Plant","floor":31,"turns":3},{"damage":75,"enemies":"Champ","floor":33,"turns":15}],"event_choices":[{"event_name":"The Cleric","player_choice":"Card Removal","floor":2,"damage_taken":0},{"event_name":"Liars Game","player_choice":"agreed","floor":3,"damage_taken":0},{"event_name":"Purifier","player_choice":"One Purge","floor":4,"damage_taken":0},{"event_name":"Wheel of Change","player_choice":"Relic","floor":5,"damage_taken":0},{"event_name":"Forgotten Altar","player_choice":"Shed Blood","floor":19,"damage_taken":0},{"event_name":"Golden Shrine","player_choice":"Desecrate","floor":22,"damage_taken":0},{"event_name":"Drug Dealer","player_choice":"Ignored","floor":27,"damage_taken":0}],"boss_relics":[{"not_picked":["Astrolabe","Runic Cube"],"picked":"Mark of Pain"}],"potions_floor_spawned":[6,12,14,16,18,31],"seed_played":"-7731059542683973101","killed_by":"Champ","ascension_level":0,"is_trial":false}