{"gold_per_floor":[115,132,132,147,72,72,72,106,184,247,25,25,43,74,74,152,152],"floor_reached":17,"playtime":634,"items_purged":["Strike_R"],"score":346,"play_id":"2b7da227-096c-4677-82d3-202eb859c527","local_time":"20181212225029","is_ascension_mode":true,"campfire_choices":[{"data":"Carnage","floor":6,"key":"SMITH"},{"floor":12,"key":"REST"},{"data":"Disarm","floor":15,"key":"SMITH"}],"neow_cost":"TEN_PERCENT_HP_LOSS","seed_source_timestamp":1594897082952186,"circlet_count":0,"master_deck":["AscendersBane","Strike_R","Strike_R","Defend_R","Defend_R","Defend_R","Bash","Dark Embrace","Havoc","Rampage","Carnage+1","Iron Wave","Disarm+1","Battle Trance","Shrug It Off","Dark Shackles","Cleave","Burning Pact","Juggernaut"],"relics":["Burning Blood","Ancient Tea Set","Thread and Needle","Letter Opener","Tiny Chest","Ice Cream","Lizard Tail"],"potions_floor_usage":[10],"damage_taken":[{"damage":26,"enemies":"Jaw Worm","floor":1,"turns":6},{"damage":10,"enemies":"Small Slimes","floor":2,"turns":3},{"damage":0,"enemies":"2 Louse","floor":4,"turns":2},{"damage":20,"enemies":"3 Sentries","floor":8,"turns":6},{"damage":21,"enemies":"Lagavulin","floor":10,"turns":5},{"damage":0,"enemies":"Exordium Thugs","floor":13,"turns":3},{"damage":15,"enemies":"Gremlin Nob","floor":14,"turns":4},{"damage":46,"enemies":"Hexaghost","floor":16,"turns":11}],"seed_played":"6067423040297918888","potions_obtained":[{"floor":1,"key":"AttackPotion"},{"floor":8,"key":"Regen Potion"},{"floor":14,"key":"EssenceOfSteel"}],"is_trial":false,"path_per_floor":["M","M","?","M","?","R","?","E","T","E","$","R","M","E","R","B",null],"character_chosen":"IRONCLAD","items_purchased":["Shrug It Off","Dark Shackles"],"campfire_rested":1,"item_purchase_floors":[11,11],"current_hp_per_floor":[48,44,33,39,39,39,61,47,47,32,32,52,58,49,49,9,53],"gold":152,"neow_bonus":"TRANSFORM_TWO_CARDS","is_prod":false,"is_daily":false,"chose_seed":false,"campfire_upgraded":2,"win_rate":0,"timestamp":1544673029,"path_taken":["M","M","?","M","?","R","?","E","T","E","$","R","?","E","R","BOSS"],"build_version":"2018-12-06","purchased_purges":1,"victory":false,"max_hp_per_floor":[68,68,68,68,68,68,68,68,68,68,68,68,68,68,68,68,68],"card_choices":[{"not_picked":["Flex","Sword Boomerang"],"picked":"Rampage","floor":1},{"not_picked":["Shrug It Off","Twin Strike"],"picked":"Carnage","floor":2},{"not_picked":["Rampage","Searing Blow"],"picked":"Iron Wave","floor":4},{"not_picked":["Armaments","Sword Boomerang"],"picked":"Disarm","floor":8},{"not_picked":["Thunderclap","Rage"],"picked":"Battle Trance","floor":10},{"not_picked":["Anger","Second Wind"],"picked":"Cleave","floor":13},{"not_picked":["Iron Wave","Pummel"],"picked":"Burning Pact","floor":14},{"not_picked":["Double Tap","Dark Embrace"],"picked":"Juggernaut","floor":16}],"player_experience":686202,"relics_obtained":[{"floor":8,"key":"Thread and Needle"},{"floor":9,"key":"Letter Opener"},{"floor":10,"key":"Tiny Chest"},{"floor":14,"key":"Ice Cream"}],"event_choices":[{"damage_healed":0,"gold_gain":0,"player_choice":"Success","damage_taken":11,"relics_obtained":["Ancient Tea Set"],"max_hp_gain":0,"max_hp_loss":0,"event_name":"Scrap Ooze","floor":3,"gold_loss":0},{"cards_removed":["Defend_R"],"damage_healed":0,"gold_gain":0,"player_choice":"Card Removal","damage_taken":0,"max_hp_gain":0,"max_hp_loss":0,"event_name":"The Cleric","floor":5,"gold_loss":75},{"damage_healed":22,"gold_gain":0,"player_choice":"Banana","damage_taken":0,"max_hp_gain":0,"max_hp_loss":0,"event_name":"Big Fish","floor":7,"gold_loss":0}],"is_beta":false,"boss_relics":[{"not_picked":["Tiny House","Runic Cube"],"picked":"Lizard Tail"}],"items_purged_floors":[11],"is_endless":false,"potions_floor_spawned":[1,8,14,16],"ascension_level":20}