{"gold_per_floor":[114,114,189,189,114,114,132,150,173,173,189,189,215,227,227,329,329,346,363,363,363],"floor_reached":21,"playtime":580,"items_purged":["Regret"],"score":286,"play_id":"3b57e10b-52da-49f4-972f-1e0a54def3db","local_time":"20181215154301","is_ascension_mode":true,"campfire_choices":[{"data":"Dualcast","floor":6,"key":"SMITH"},{"floor":12,"key":"REST"},{"floor":15,"key":"REST"}],"neow_cost":"NONE","seed_source_timestamp":235297395261470,"circlet_count":0,"master_deck":["AscendersBane","Strike_B","Strike_B","Strike_B","Strike_B","Defend_B","Defend_B","Defend_B","Defend_B","Zap+1","Dualcast+1","Darkness","Steam","Redo","Auto Shields","Multi-Cast","Coolheaded","Defragment"],"relics":["Cracked Core","NeowsBlessing","Dodecahedron","Bronze Scales","Pantograph","Darkstone Periapt","Sozu","Bottled Tornado"],"potions_floor_usage":[14,18],"damage_taken":[{"damage":0,"enemies":"Small Slimes","floor":1,"turns":1},{"damage":0,"enemies":"Jaw Worm","floor":7,"turns":1},{"damage":0,"enemies":"Cultist","floor":8,"turns":1},{"damage":14,"enemies":"Red Slaver","floor":11,"turns":4},{"damage":15,"enemies":"3 Sentries","floor":13,"turns":7},{"damage":10,"enemies":"Gremlin Gang","floor":14,"turns":2},{"damage":52,"enemies":"Slime Boss","floor":16,"turns":8},{"damage":4,"enemies":"Chosen","floor":18,"turns":5},{"damage":33,"enemies":"2 Thieves","floor":19,"turns":4},{"damage":27,"enemies":"Snake Plant","floor":21,"turns":3}],"seed_played":"-8711494185274154705","potions_obtained":[{"floor":7,"key":"Ancient Potion"},{"floor":11,"key":"Explosive Potion"},{"floor":16,"key":"Weak Potion"}],"is_trial":false,"path_per_floor":["M","?","?","?","$","R","M","M","T","?","M","R","E","M","R","B",null,"M","M","T","M"],"character_chosen":"DEFECT","items_purchased":[],"campfire_rested":2,"item_purchase_floors":[],"current_hp_per_floor":[68,68,57,57,57,57,57,57,57,57,43,65,50,40,62,23,62,58,25,25,0],"gold":363,"neow_bonus":"THREE_ENEMY_KILL","is_prod":false,"is_daily":false,"chose_seed":false,"campfire_upgraded":1,"win_rate":0,"timestamp":1544863381,"path_taken":["M","?","?","?","$","R","M","?","T","?","M","R","E","M","R","BOSS","M","?","?","M"],"build_version":"2018-12-13","purchased_purges":1,"victory":false,"max_hp_per_floor":[75,75,75,75,75,75,75,75,75,75,75,75,75,75,75,75,75,75,75,75,75],"card_choices":[{"not_picked":["Streamline","Rebound","Fusion"],"picked":"SKIP","floor":1},{"not_picked":["Rebound","Barrage"],"picked":"Steam","floor":7},{"not_picked":["Undo","Gash"],"picked":"Darkness","floor":8},{"not_picked":["Steam Power","Double Energy"],"picked":"Steam","floor":11},{"not_picked":["Sweeping Beam","Static Discharge"],"picked":"Redo","floor":13},{"not_picked":["Steam","Barrage"],"picked":"Auto Shields","floor":14},{"not_picked":["Creative AI","Biased Cognition"],"picked":"Multi-Cast","floor":16},{"not_picked":["Redo","Beam Cell+1"],"picked":"Coolheaded","floor":18},{"not_picked":["Redo","Leap"],"picked":"Defragment","floor":19}],"player_experience":233554,"relics_obtained":[{"floor":9,"key":"Bronze Scales"},{"floor":13,"key":"Darkstone Periapt"},{"floor":20,"key":"Bottled Tornado"}],"event_choices":[{"damage_healed":0,"gold_gain":0,"player_choice":"Box","damage_taken":0,"relics_obtained":["Dodecahedron"],"max_hp_gain":0,"max_hp_loss":0,"event_name":"Big Fish","floor":2,"gold_loss":0,"cards_obtained":["Regret"]},{"damage_healed":0,"gold_gain":75,"player_choice":"Gather Gold","damage_taken":11,"max_hp_gain":0,"max_hp_loss":0,"event_name":"World of Goop","floor":3,"gold_loss":0},{"damage_healed":0,"gold_gain":0,"player_choice":"Grow","damage_taken":0,"max_hp_gain":0,"max_hp_loss":0,"event_name":"Living Wall","floor":4,"gold_loss":0,"cards_upgraded":["Zap"]},{"cards_removed":["Steam"],"damage_healed":0,"gold_gain":0,"player_choice":"Gave Card","damage_taken":0,"relics_obtained":["Pantograph"],"max_hp_gain":0,"max_hp_loss":0,"event_name":"WeMeetAgain","floor":10,"gold_loss":0}],"is_beta":false,"boss_relics":[{"not_picked":["Lizard Tail","Empty Cage"],"picked":"Sozu"}],"items_purged_floors":[5],"is_endless":false,"potions_floor_spawned":[7,11,16,18],"killed_by":"Snake Plant","ascension_level":12}