{"gold_per_floor":[118,130,130,140,153,153,178,178,208,241,256,256,256,266,266,344,344,357,2,19,37,50,50,50,68,122,122,151,162,179,195,195,195],"floor_reached":33,"playtime":1663,"items_purged":["Strike_B"],"score":524,"play_id":"f1459c44-e8b8-4b21-917d-149ee6dffc4b","local_time":"20181009182329","is_ascension_mode":true,"campfire_choices":[{"data":"Go for the Eyes","floor":6,"key":"SMITH"},{"data":"Auto Shields","floor":8,"key":"SMITH"},{"floor":12,"key":"REST"},{"floor":15,"key":"REST"},{"data":"Sweeping Beam","floor":23,"key":"SMITH"},{"floor":27,"key":"REST"},{"floor":32,"key":"REST"}],"neow_cost":"NONE","seed_source_timestamp":151026256648391,"circlet_count":0,"master_deck":["Strike_B","Strike_B+1","Strike_B","Defend_B","Defend_B","Defend_B","Defend_B","Zap+1","Dualcast","AscendersBane","Ball Lightning","Conserve Battery","Conserve Battery","Go for the Eyes+1","Auto Shields+1","Go for the Eyes","Echo Form+1","Static Discharge+1","Echo Form+1","Sweeping Beam+1","Defragment+1","Core Surge+1","BootSequence","Undo","Cold Snap","Barrage+1","Meteor Strike"],"relics":["Cracked Core","Blood Vial","Tiny Chest","Frozen Egg 2","Snecko Eye","Lantern","Whetstone"],"potions_floor_usage":[10,20,21,28,29,33],"damage_taken":[{"damage":5,"enemies":"Small Slimes","floor":1,"turns":4},{"damage":7,"enemies":"Jaw Worm","floor":2,"turns":2},{"damage":2,"enemies":"2 Louse","floor":4,"turns":3},{"damage":0,"enemies":"Looter","floor":5,"turns":3},{"damage":29,"enemies":"Gremlin Nob","floor":7,"turns":5},{"damage":11,"enemies":"Lagavulin","floor":10,"turns":6},{"damage":4,"enemies":"Large Slime","floor":11,"turns":5},{"damage":14,"enemies":"Lots of Slimes","floor":14,"turns":4},{"damage":22,"enemies":"The Guardian","floor":16,"turns":6},{"damage":25,"enemies":"2 Thieves","floor":18,"turns":3},{"damage":0,"enemies":"Shell Parasite","floor":20,"turns":8},{"damage":20,"enemies":"Shelled Parasite and Fungi","floor":21,"turns":3},{"damage":0,"enemies":"Snecko","floor":22,"turns":5},{"damage":9,"enemies":"Snake Plant","floor":25,"turns":5},{"damage":30,"enemies":"Slavers","floor":28,"turns":5},{"damage":11,"enemies":"Shelled Parasite and Fungi","floor":29,"turns":7},{"damage":12,"enemies":"Chosen and Byrds","floor":30,"turns":5},{"damage":11,"enemies":"Centurion and Healer","floor":31,"turns":6},{"damage":30,"enemies":"Automaton","floor":33,"turns":4}],"seed_played":"-3846192448832870332","potions_obtained":[{"floor":1,"key":"Ancient Potion"},{"floor":7,"key":"Poison Potion"},{"floor":11,"key":"EssenceOfSteel"},{"floor":14,"key":"Weak Potion"},{"floor":20,"key":"SteroidPotion"},{"floor":22,"key":"Weak Potion"},{"floor":28,"key":"GamblersBrew"}],"is_trial":false,"path_per_floor":["M","M","?","M","M","R","E","R","T","E","M","R","?","M","R","B",null,"M","$","M","M","M","R","?","M","T","R","E","M","M","M","R"],"character_chosen":"DEFECT","items_purchased":["Defragment+1","Core Surge"],"campfire_rested":4,"item_purchase_floors":[19,19],"current_hp_per_floor":[59,52,57,55,55,55,26,26,26,17,15,37,37,25,47,27,64,41,41,43,25,27,27,42,35,35,57,29,20,10,1,23,0],"gold":195,"neow_bonus":"UPGRADE_CARD","is_prod":false,"is_daily":false,"chose_seed":false,"campfire_upgraded":3,"win_rate":0,"timestamp":1539123809,"path_taken":["M","M","?","M","M","R","E","R","T","E","M","R","?","M","R","BOSS","M","$","M","M","M","R","?","?","T","R","E","?","?","M","R","BOSS"],"build_version":"2018-10-04v2","purchased_purges":1,"victory":false,"max_hp_per_floor":[71,71,76,76,76,76,76,76,76,76,76,76,76,76,76,76,76,76,76,76,76,76,76,76,76,76,76,76,76,76,76,76,76],"card_choices":[{"not_picked":["Recycle","Barrage"],"picked":"Ball Lightning","floor":1},{"not_picked":["BootSequence","Aggregate"],"picked":"Conserve Battery","floor":2},{"not_picked":["Turbo","Tempest"],"picked":"Conserve Battery","floor":4},{"not_picked":["Stack","Blizzard"],"picked":"Go for the Eyes","floor":5},{"not_picked":["Fission","Go for the Eyes"],"picked":"Auto Shields","floor":7},{"not_picked":["Barrage","Rebound"],"picked":"Go for the Eyes","floor":10},{"not_picked":["Coolheaded","Turbo"],"picked":"Echo Form+1","floor":11},{"not_picked":["Hologram","Heatsinks+1"],"picked":"Static Discharge+1","floor":14},{"not_picked":["Machine Learning+1","Reboot"],"picked":"Echo Form+1","floor":16},{"not_picked":["Conserve Battery","Coolheaded"],"picked":"Sweeping Beam","floor":18},{"not_picked":["Go for the Eyes","Gash"],"picked":"BootSequence","floor":20},{"not_picked":["Conserve Battery","White Noise"],"picked":"Undo","floor":21},{"not_picked":["Steam","Gash"],"picked":"Cold Snap","floor":22},{"not_picked":["Coolheaded","Gash"],"picked":"Barrage+1","floor":25},{"not_picked":["Rainbow","Blizzard","Rebound"],"picked":"SKIP","floor":28},{"not_picked":["Conserve Battery","Coolheaded","Rebound"],"picked":"SKIP","floor":29},{"not_picked":["White Noise","Heatsinks+1"],"picked":"Meteor Strike","floor":30},{"not_picked":["Gash+1","Turbo","Leap"],"picked":"SKIP","floor":31}],"player_experience":538524,"relics_obtained":[{"floor":7,"key":"Blood Vial"},{"floor":9,"key":"Tiny Chest"},{"floor":10,"key":"Frozen Egg 2"},{"floor":26,"key":"Lantern"},{"floor":28,"key":"Whetstone"}],"event_choices":[{"event_name":"Big Fish","player_choice":"Donut","floor":3,"damage_taken":0},{"event_name":"Liars Game","player_choice":"disagreed","floor":13,"damage_taken":0},{"event_name":"The Library","player_choice":"Heal","floor":24,"damage_taken":0}],"is_beta":false,"boss_relics":[{"not_picked":["Inserter","Fusion Hammer"],"picked":"Snecko Eye"}],"items_purged_floors":[19],"is_endless":false,"potions_floor_spawned":[1,7,11,14,20,22,28],"killed_by":"Automaton","ascension_level":17}