{"path_per_floor":["M","?","?","M","M","E","R","E","T","M","M","M","E","?","R","B",null,"M","M","?","M","?","E","$","E","T","?","?","M","M"],"character_chosen":"THE_SILENT","items_purchased":["Ornamental Fan"],"gold_per_floor":[111,111,111,126,145,173,173,207,207,224,237,252,277,277,277,375,375,392,358,358,376,301,327,12,42,42,42,42,53,63],"floor_reached":31,"campfire_rested":2,"playtime":1857,"current_hp_per_floor":[70,70,63,53,46,23,44,16,16,10,7,7,1,1,22,6,70,66,52,70,56,56,36,36,38,38,25,25,18,6],"items_purged":["Strike_G"],"gold":63,"score":354,"play_id":"b6e114b0-5e42-4adb-a861-5f2080c165a2","is_prod":false,"is_daily":false,"is_ascension_mode":true,"campfire_upgraded":0,"path_taken":["M","?","?","M","M","E","R","E","T","M","M","M","E","?","R","BOSS","M","?","?","?","?","E","$","E","T","?","?","M","?","E"],"build_version":"2018-02-22-PROD2","purchased_purges":1,"victory":false,"master_deck":["Defend_G","Defend_G","Defend_G+1","Defend_G","Strike_G","Strike_G","Survivor","Neutralize","PiercingWail+1","Acrobatics","Bouncing Flask","Sucker Punch","Burst","Grand Finale","Catalyst","Noxious Fumes","Tools of the Trade","Die Die Die","Catalyst","Dagger Throw","Escape Plan","Outmaneuver+1"],"max_hp_per_floor":[70,70,70,70,70,70,70,70,70,70,70,70,70,70,70,70,70,70,70,70,70,70,70,70,72,72,77,77,79,81],"relics":["Ring of the Snake","Tough Bandages","Bag of Marbles","War Paint","Bag of Preparation","Runic Pyramid","Anchor","Ornamental Fan","Singing Bowl","Dead Branch"],"card_choices":[{"not_picked":["Riddle With Holes","Acrobatics"],"picked":"PiercingWail"},{"not_picked":["Dagger Spray","Sucker Punch"],"picked":"Bouncing Flask"},{"not_picked":["PiercingWail","Backflip"],"picked":"Sucker Punch"},{"not_picked":["Slice","Outmaneuver"],"picked":"Burst"},{"not_picked":["Masterful Stab","Malaise"],"picked":"Grand Finale"},{"not_picked":["Quick Slash","All Out Attack"],"picked":"Catalyst"},{"not_picked":["Dagger Spray","Backstab"],"picked":"Noxious Fumes"},{"not_picked":["Heel Hook","Poisoned Stab"],"picked":"Tools of the Trade"},{"not_picked":["A Thousand Cuts","Doppelganger"],"picked":"Die Die Die"},{"not_picked":["Accuracy","Outmaneuver"],"picked":"Catalyst"},{"not_picked":["Endless Agony","Backstab"],"picked":"Dagger Throw"},{"not_picked":["Infinite Blades","Masterful Stab"],"picked":"Escape Plan"},{"not_picked":["Quick Slash","Bane"],"picked":"Outmaneuver"}],"player_experience":137311,"potions_floor_usage":[6,19,19,23,23,25,30],"damage_taken":[{"damage":0,"enemies":"Small Slimes","floor":1,"turns":3},{"damage":10,"enemies":"Cultist","floor":4,"turns":5},{"damage":7,"enemies":"Jaw Worm","floor":5,"turns":3},{"damage":23,"enemies":"3 Sentries","floor":6,"turns":7},{"damage":28,"enemies":"Lagavulin","floor":8,"turns":7},{"damage":6,"enemies":"Blue Slaver","floor":10,"turns":4},{"damage":3,"enemies":"Red Slaver","floor":11,"turns":5},{"damage":0,"enemies":"3 Louse","floor":12,"turns":4},{"damage":6,"enemies":"Gremlin Nob","floor":13,"turns":4},{"damage":16,"enemies":"The Guardian","floor":16,"turns":8},{"damage":4,"enemies":"Spheric Guardian","floor":18,"turns":4},{"damage":14,"enemies":"2 Thieves","floor":19,"turns":5},{"damage":14,"enemies":"Snecko","floor":21,"turns":4},{"damage":20,"enemies":"Gremlin Leader","floor":23,"turns":9},{"damage":0,"enemies":"Book of Stabbing","floor":25,"turns":4},{"damage":9,"enemies":"Snake Plant","floor":29,"turns":4},{"damage":14,"enemies":"Centurion and Healer","floor":30,"turns":5},{"damage":12,"enemies":"Slavers","floor":31,"turns":3}],"event_choices":[{"event_name":"Transmorgrifier","player_choice":"Transform","floor":2,"damage_taken":0},{"event_name":"Golden Wing","player_choice":"Card Removal","floor":3,"damage_taken":0},{"event_name":"Shining Light","player_choice":"Ignored","floor":14,"damage_taken":0},{"event_name":"Wheel of Change","player_choice":"Full Heal","floor":20,"damage_taken":0},{"event_name":"Beggar","player_choice":"Gave Gold","floor":22,"damage_taken":0},{"event_name":"Forgotten Altar","player_choice":"Shed Blood","floor":27,"damage_taken":0},{"event_name":"Vampires","player_choice":"Ignored","floor":28,"damage_taken":0}],"boss_relics":[{"not_picked":["Sozu","Runic Dome"],"picked":"Runic Pyramid"}],"potions_floor_spawned":[1,10,11,12,19,21],"seed_played":"4073947062727910553","killed_by":"Slavers","ascension_level":2,"is_trial":false}