{"gold_per_floor":[119,194,212,232,248,248,277,296,323,334,334,354,354,365,365,468,468,485,400,500,52,62,62,11,43,55,87,99],"floor_reached":28,"playtime":2529,"items_purged":[],"score":292,"play_id":"cab8940e-6e25-4e67-b08a-66661ba3a9a0","local_time":"20190116144427","is_ascension_mode":false,"campfire_choices":[{"floor":6.0,"key":"REST"},{"floor":11.0,"key":"REST"},{"floor":13,"key":"REST"},{"data":"Dash","floor":15,"key":"SMITH"},{"floor":23,"key":"REST"}],"neow_cost":"PERCENT_DAMAGE","seed_source_timestamp":0,"circlet_count":0,"master_deck":["Defend_G","Defend_G","Defend_G","Defend_G","Defend_G","Strike_G","Strike_G","Strike_G","Strike_G","Strike_G","Survivor","Neutralize","Backflip","Dodge and Roll","Sucker Punch","Dagger Spray","Flying Knee","Sucker Punch","Sucker Punch","Dagger Throw","PiercingWail","Infinite Blades","Well Laid Plans","PiercingWail","Dagger Spray","Slice","Outmaneuver","Backstab","Dash+1","Tools of the Trade","Cloak And Dagger","Predator","Cloak And Dagger+1","Blade Dance+1","Dash","Quick Slash","Endless Agony","Poisoned Stab","Noxious Fumes","Cloak And Dagger+1","Cloak And Dagger+1"],"special_seed":0,"relics":["Ring of the Snake","Prayer Wheel","Centennial Puzzle","Potion Belt","Busted Crown","Dream Catcher","Nunchaku","Toxic Egg 2","PreservedInsect","Lantern","MawBank","Blood Vial"],"potions_floor_usage":[16,25,28,28,28],"damage_taken":[{"damage":0.0,"enemies":"2 Louse","floor":1.0,"turns":4.0},{"damage":0.0,"enemies":"Jaw Worm","floor":3.0,"turns":8.0},{"damage":0.0,"enemies":"Cultist","floor":4.0,"turns":5.0},{"damage":9.0,"enemies":"Lots of Slimes","floor":5.0,"turns":2.0},{"damage":20.0,"enemies":"Gremlin Nob","floor":7.0,"turns":5.0},{"damage":12.0,"enemies":"2 Fungi Beasts","floor":8.0,"turns":3.0},{"damage":0.0,"enemies":"3 Louse","floor":10.0,"turns":2.0},{"damage":6.0,"enemies":"Blue Slaver","floor":12.0,"turns":5.0},{"damage":2,"enemies":"Large Slime","floor":14,"turns":5},{"damage":31,"enemies":"Slime Boss","floor":16,"turns":13},{"damage":0,"enemies":"3 Byrds","floor":18,"turns":5},{"damage":13,"enemies":"Colosseum Slavers","floor":20,"turns":4},{"damage":43,"enemies":"Colosseum Nobs","floor":20,"turns":6},{"damage":2,"enemies":"Shell Parasite","floor":22,"turns":4},{"damage":21,"enemies":"Gremlin Leader","floor":25,"turns":5},{"damage":12,"enemies":"Snake Plant","floor":27,"turns":6},{"damage":4,"enemies":"Centurion and Healer","floor":28,"turns":3}],"seed_played":"-4556562450350840601","potions_obtained":[{"floor":1.0,"key":"SkillPotion"},{"floor":3.0,"key":"AttackPotion"},{"floor":5.0,"key":"EssenceOfSteel"},{"floor":14,"key":"FearPotion"},{"floor":20,"key":"Dexterity Potion"},{"floor":25,"key":"GamblersBrew"},{"floor":27,"key":"EssenceOfSteel"}],"is_trial":false,"path_per_floor":["M","?","M","M","M","R","E","M","T","M","R","M","R","M","R","B",null,"M","?","?","$","M","R","$","E","T","M","M"],"character_chosen":"THE_SILENT","items_purchased":["PreservedInsect","Lantern","Blade Dance+1","Dash","Quick Slash","Cloak And Dagger+1"],"campfire_rested":4,"item_purchase_floors":[21,21,21,21,21,24],"current_hp_per_floor":[49,38,38,38,29,50,30,18,18,18,39,33,54,52,52,21,70,70,70,14,14,12,33,33,12,12,2,0],"gold":99,"neow_bonus":"ONE_RARE_RELIC","is_prod":false,"is_daily":false,"chose_seed":false,"campfire_upgraded":1,"win_rate":0,"timestamp":1547646267,"path_taken":["M","?","M","M","M","R","E","M","T","M","R","M","R","M","R","BOSS","M","?","?","$","M","R","?","E","T","M","M"],"build_version":"2019-01-14v2","purchased_purges":0,"victory":false,"max_hp_per_floor":[70,70,70,70,70,70,70,70,70,70,70,70,70,70,70,70,70,70,70,70,70,70,70,70,70,70,70,70],"card_choices":[{"not_picked":["Tactician","Poisoned Stab"],"picked":"Backflip","floor":1.0},{"not_picked":["All Out Attack","Deflect"],"picked":"Dodge and Roll","floor":1.0},{"not_picked":["Bane","Eviscerate"],"picked":"Sucker Punch","floor":3.0},{"not_picked":["Masterful Stab","Acrobatics"],"picked":"Dagger Spray","floor":3.0},{"not_picked":["After Image","Outmaneuver"],"picked":"Flying Knee","floor":4.0},{"not_picked":["Outmaneuver","Calculated Gamble"],"picked":"Sucker Punch","floor":4.0},{"not_picked":["Bouncing Flask","Reflex"],"picked":"Sucker Punch","floor":5.0},{"not_picked":["Tactician","Sucker Punch"],"picked":"Dagger Throw","floor":5.0},{"not_picked":["Flying Knee","Acrobatics"],"picked":"PiercingWail","floor":7.0},{"not_picked":["Tools of the Trade","Reflex"],"picked":"Infinite Blades","floor":8.0},{"not_picked":["Underhanded Strike","Heel Hook"],"picked":"Well Laid Plans","floor":8.0},{"not_picked":["Caltrops","Prepared"],"picked":"PiercingWail","floor":10.0},{"not_picked":["Deadly Poison","Backflip"],"picked":"Dagger Spray","floor":10.0},{"not_picked":["Flying Knee","Deadly Poison"],"picked":"Slice","floor":12.0},{"not_picked":["Poisoned Stab","Acrobatics"],"picked":"Outmaneuver","floor":12.0},{"not_picked":["Calculated Gamble","Dodge and Roll"],"picked":"Backstab","floor":14},{"not_picked":["Sucker Punch","Distraction"],"picked":"Dash","floor":14},{"not_picked":["Envenom","Doppelganger"],"picked":"Tools of the Trade","floor":16},{"not_picked":[],"picked":"Cloak And Dagger","floor":18},{"not_picked":[],"picked":"Predator","floor":18},{"not_picked":[],"picked":"Cloak And Dagger","floor":20},{"not_picked":[],"picked":"Endless Agony","floor":22},{"not_picked":[],"picked":"Poisoned Stab","floor":22},{"not_picked":[],"picked":"Noxious Fumes","floor":23},{"not_picked":["Catalyst+1"],"picked":"SKIP","floor":25},{"not_picked":[],"picked":"Cloak And Dagger+1","floor":27},{"not_picked":["Expertise+1"],"picked":"SKIP","floor":27}],"player_experience":112864,"relics_obtained":[{"floor":7.0,"key":"Centennial Puzzle"},{"floor":9.0,"key":"Potion Belt"},{"floor":20,"key":"Nunchaku"},{"floor":20,"key":"Toxic Egg 2"},{"floor":25,"key":"MawBank"},{"floor":26,"key":"Blood Vial"}],"event_choices":[{"damage_healed":0.0,"max_hp_gain":0.0,"max_hp_loss":0.0,"gold_gain":75.0,"event_name":"World of Goop","player_choice":"Gather Gold","floor":2.0,"gold_loss":0.0,"damage_taken":11.0},{"damage_healed":0,"gold_gain":0,"player_choice":"Obtained Relic","damage_taken":0,"relics_obtained":["Dream Catcher"],"max_hp_gain":0,"max_hp_loss":0,"event_name":"Addict","floor":19,"gold_loss":85},{"damage_healed":0,"gold_gain":0,"player_choice":"Fight","damage_taken":0,"max_hp_gain":0,"max_hp_loss":0,"event_name":"Colosseum","floor":20,"gold_loss":0},{"damage_healed":0,"gold_gain":0,"player_choice":"Fought Nobs","damage_taken":0,"max_hp_gain":0,"max_hp_loss":0,"event_name":"Colosseum","floor":20,"gold_loss":0}],"is_beta":true,"boss_relics":[{"not_picked":["White Beast Statue","Orrery"],"picked":"Busted Crown"}],"items_purged_floors":[],"is_endless":false,"potions_floor_spawned":[1,3,5,14,20,25,27],"killed_by":"Centurion and Healer","ascension_level":0}