{"gold_per_floor":[112,112,127,139,139,139,150,163,163,163,175,175,194,207,207,302,302,322,322],"floor_reached":19,"playtime":2369,"items_purged":[],"score":220,"play_id":"cf135ed6-39e3-44aa-aed2-a64465c0783a","local_time":"20181205125156","is_ascension_mode":true,"campfire_choices":[{"data":"Zap","floor":6,"key":"SMITH"},{"data":"Dualcast","floor":10,"key":"SMITH"},{"floor":12,"key":"REST"},{"floor":15,"key":"REST"}],"neow_cost":"NONE","seed_source_timestamp":588007409000425,"circlet_count":0,"master_deck":["Strike_B","Strike_B","Strike_B","Strike_B","Defend_B","Defend_B","Defend_B","Defend_B","Zap+1","Dualcast+1","Conserve Battery","Stack","Regret","Chill","Ball Lightning","Steam Power","Cold Snap","Go for the Eyes","Buffer","Darkness"],"relics":["Cracked Core","NeowsBlessing","Cables","Smiling Mask","Darkstone Periapt","Black Star"],"potions_floor_usage":[16],"damage_taken":[{"damage":0,"enemies":"2 Louse","floor":1,"turns":1},{"damage":0,"enemies":"Small Slimes","floor":3,"turns":1},{"damage":0,"enemies":"Jaw Worm","floor":4,"turns":1},{"damage":8,"enemies":"Blue Slaver","floor":7,"turns":2},{"damage":3,"enemies":"Red Slaver","floor":8,"turns":5},{"damage":7,"enemies":"3 Louse","floor":11,"turns":2},{"damage":1,"enemies":"2 Fungi Beasts","floor":13,"turns":3},{"damage":3,"enemies":"Large Slime","floor":14,"turns":4},{"damage":36,"enemies":"Hexaghost","floor":16,"turns":9},{"damage":19,"enemies":"Chosen","floor":18,"turns":6},{"damage":50,"enemies":"Masked Bandits","floor":19,"turns":4}],"seed_played":"-8172064025244292108","potions_obtained":[{"floor":4,"key":"SneckoOil"},{"floor":7,"key":"SteroidPotion"},{"floor":13,"key":"FocusPotion"}],"is_trial":false,"path_per_floor":["M","?","M","M","?","R","M","M","T","R","M","R","M","M","R","B",null,"M","?"],"character_chosen":"DEFECT","items_purchased":[],"campfire_rested":2,"item_purchase_floors":[],"current_hp_per_floor":[68,56,56,56,56,56,48,45,45,45,38,60,59,56,75,39,66,47,0],"gold":322,"neow_bonus":"THREE_ENEMY_KILL","is_prod":false,"is_daily":false,"chose_seed":false,"campfire_upgraded":2,"win_rate":0,"timestamp":1543989116,"path_taken":["M","?","M","M","?","R","M","M","T","R","M","R","M","M","R","BOSS","M","?"],"build_version":"2018-11-15","purchased_purges":0,"victory":false,"max_hp_per_floor":[75,75,75,75,75,75,75,75,75,75,75,75,75,75,75,75,75,75,75],"card_choices":[{"not_picked":["Aggregate","Ball Lightning"],"picked":"Conserve Battery","floor":1},{"not_picked":["Beam Cell","Storm"],"picked":"Stack","floor":3},{"not_picked":["Gash","Reprogram","Rip and Tear"],"picked":"SKIP","floor":4},{"not_picked":["Lockon","Force Field"],"picked":"Chill","floor":7},{"not_picked":["Double Energy","Barrage"],"picked":"Ball Lightning","floor":8},{"not_picked":["Tempest","Streamline"],"picked":"Steam Power","floor":11},{"not_picked":["Gash","Storm"],"picked":"Cold Snap","floor":13},{"not_picked":["Hologram","Lockon"],"picked":"Go for the Eyes","floor":14},{"not_picked":["Biased Cognition","Meteor Strike"],"picked":"Buffer","floor":16},{"not_picked":["Loop","Ball Lightning"],"picked":"Darkness","floor":18}],"player_experience":172191,"relics_obtained":[{"floor":9,"key":"Darkstone Periapt"}],"event_choices":[{"damage_healed":0,"gold_gain":0,"player_choice":"Success","damage_taken":12,"relics_obtained":["Cables"],"max_hp_gain":0,"max_hp_loss":0,"event_name":"Scrap Ooze","floor":2,"gold_loss":0},{"damage_healed":0,"gold_gain":0,"player_choice":"Box","damage_taken":0,"relics_obtained":["Smiling Mask"],"max_hp_gain":0,"max_hp_loss":0,"event_name":"Big Fish","floor":5,"gold_loss":0,"cards_obtained":["Regret"]},{"damage_healed":0,"gold_gain":0,"player_choice":"Fought Bandits","damage_taken":0,"max_hp_gain":0,"max_hp_loss":0,"event_name":"Masked Bandits","floor":19,"gold_loss":0}],"is_beta":false,"boss_relics":[{"not_picked":["Busted Crown","Velvet Choker"],"picked":"Black Star"}],"items_purged_floors":[],"is_endless":false,"potions_floor_spawned":[4,7,13],"killed_by":"Masked Bandits","ascension_level":7}