{"gold_per_floor":[113,128,141,141,141,141,168,168,168,168],"floor_reached":10,"playtime":474,"items_purged":[],"score":66,"play_id":"74b6b93a-6ae7-4d1e-97a2-4db0c54c832e","local_time":"20190207141609","is_ascension_mode":false,"campfire_choices":[{"floor":6,"key":"RECALL"},{"floor":8,"key":"REST"}],"neow_cost":"NONE","seed_source_timestamp":814320791523400,"circlet_count":0,"master_deck":["Strike_R","Strike_R","Strike_R","Strike_R","Strike_R","Defend_R","Defend_R","Defend_R","Defend_R","Bash","Armaments"],"relics":["Burning Blood","WingedGreaves","Pantograph","Matryoshka"],"potions_floor_usage":[7],"damage_taken":[{"damage":1,"enemies":"Cultist","floor":1,"turns":3},{"damage":3,"enemies":"2 Louse","floor":2,"turns":3},{"damage":2,"enemies":"Small Slimes","floor":3,"turns":3},{"damage":58,"enemies":"Lagavulin","floor":7,"turns":8},{"damage":56,"enemies":"3 Sentries","floor":10,"turns":14}],"seed_played":"5172903816907605202","potions_obtained":[{"floor":2,"key":"Explosive Potion"}],"is_trial":false,"path_per_floor":["M","M","M","?","?","R","E","R","T","E"],"character_chosen":"IRONCLAD","items_purchased":[],"campfire_rested":1,"item_purchase_floors":[],"current_hp_per_floor":[88,88,88,81,81,81,29,55,55,0],"gold":168,"neow_bonus":"TEN_PERCENT_HP_BONUS","is_prod":false,"is_daily":false,"chose_seed":false,"campfire_upgraded":0,"win_rate":0,"timestamp":1549545369,"path_taken":["M","M","M","?","?","R","E","R","T","E"],"build_version":"2019-02-06","purchased_purges":0,"victory":false,"max_hp_per_floor":[88,88,88,88,88,88,88,88,88,88],"card_choices":[{"not_picked":["Reckless Charge","Body Slam"],"picked":"Armaments","floor":1},{"not_picked":["Sword Boomerang","True Grit","Rage"],"picked":"SKIP","floor":2},{"not_picked":["Combust","Shockwave","Warcry"],"picked":"SKIP","floor":3},{"not_picked":["Offering","Clash","Searing Blow"],"picked":"SKIP","floor":7}],"player_experience":191284,"relics_obtained":[{"floor":7,"key":"Pantograph"},{"floor":9,"key":"Matryoshka"}],"event_choices":[{"damage_healed":0,"gold_gain":0,"player_choice":"Success","damage_taken":7,"relics_obtained":["WingedGreaves"],"max_hp_gain":0,"max_hp_loss":0,"event_name":"Scrap Ooze","floor":4,"gold_loss":0},{"damage_healed":0,"gold_gain":0,"player_choice":"Ignored","damage_taken":0,"max_hp_gain":0,"max_hp_loss":0,"event_name":"NoteForYourself","floor":5,"gold_loss":0}],"is_beta":true,"boss_relics":[],"items_purged_floors":[],"is_endless":false,"potions_floor_spawned":[2],"killed_by":"3 Sentries","ascension_level":0}