{"gold_per_floor":[111,131,149,165,183,183,146,160,183,201,213,231,406,406,406,406],"floor_reached":16,"playtime":1050,"items_purged":[],"score":98,"play_id":"03390588-5ac1-4e67-884f-11809efc37c4","local_time":"20181115000253","is_ascension_mode":false,"campfire_choices":[{"data":"Adrenaline","floor":6.0,"key":"SMITH"},{"data":"Adrenaline","floor":15.0,"key":"SMITH"}],"neow_cost":"NONE","seed_source_timestamp":0,"circlet_count":0,"master_deck":["Defend_G","Defend_G","Defend_G","Defend_G","Defend_G","Strike_G","Strike_G","Strike_G","Strike_G","Strike_G","Survivor","Neutralize","Dash","Acrobatics","Backflip","Adrenaline+1","Blur","Footwork","Footwork","Slice","Dash","Adrenaline+1"],"special_seed":0,"relics":["Ring of the Snake","Centennial Puzzle","Boot"],"potions_floor_usage":[],"damage_taken":[{"damage":1.0,"enemies":"Cultist","floor":1.0,"turns":4.0},{"damage":0.0,"enemies":"Small Slimes","floor":2.0,"turns":3.0},{"damage":0.0,"enemies":"Jaw Worm","floor":3.0,"turns":4.0},{"damage":8.0,"enemies":"Lots of Slimes","floor":4.0,"turns":5.0},{"damage":5.0,"enemies":"Looter","floor":5.0,"turns":3.0},{"damage":2.0,"enemies":"Blue Slaver","floor":8.0,"turns":6.0},{"damage":5.0,"enemies":"2 Fungi Beasts","floor":10.0,"turns":3.0},{"damage":6.0,"enemies":"Red Slaver","floor":11.0,"turns":4.0},{"damage":0.0,"enemies":"Blue Slaver","floor":12.0,"turns":5.0},{"damage":44,"enemies":"Hexaghost","floor":16,"turns":16}],"seed_played":"1760832379126593356","potions_obtained":[{"floor":1.0,"key":"LiquidBronze"},{"floor":4.0,"key":"SpeedPotion"},{"floor":10.0,"key":"Fruit Juice"}],"is_trial":false,"path_per_floor":["M","M","M","M","M","R","$","M","T","M","M","M","?","?","R","B"],"character_chosen":"THE_SILENT","items_purchased":["Footwork"],"campfire_rested":0,"item_purchase_floors":[7],"current_hp_per_floor":[69,69,69,61,56,56,56,54,54,49,43,43,43,43,43,0],"gold":406,"neow_bonus":"RANDOM_COMMON_RELIC","is_prod":false,"is_daily":false,"chose_seed":false,"campfire_upgraded":2,"win_rate":0.0,"timestamp":1542207773,"path_taken":["M","M","M","M","M","R","$","M","T","?","M","M","?","?","R","BOSS"],"build_version":"2018-11-08","purchased_purges":0,"victory":false,"max_hp_per_floor":[70,70,70,70,70,70,70,70,70,70,70,70,70,70,70,70],"card_choices":[{"not_picked":["Outmaneuver","Quick Slash"],"picked":"Dash","floor":1.0},{"not_picked":["Sucker Punch","Skewer"],"picked":"Acrobatics","floor":2.0},{"not_picked":["Caltrops","Quick Slash"],"picked":"Backflip","floor":3.0},{"not_picked":["Dagger Throw","Escape Plan"],"picked":"Adrenaline","floor":4.0},{"not_picked":["Eviscerate","Backstab"],"picked":"Blur","floor":5.0},{"not_picked":["Tactician","Deflect"],"picked":"Footwork","floor":8.0},{"not_picked":["Underhanded Strike","Sucker Punch"],"picked":"Slice","floor":10.0},{"not_picked":["Calculated Gamble","Backflip"],"picked":"Dash","floor":11.0},{"not_picked":["Deflect","Deadly Poison"],"picked":"Adrenaline","floor":12.0}],"player_experience":56430,"relics_obtained":[{"floor":9.0,"key":"Boot"}],"event_choices":[{"damage_healed":0.0,"max_hp_gain":0.0,"max_hp_loss":0.0,"gold_gain":175.0,"event_name":"Liars Game","player_choice":"AGREE","floor":13.0,"gold_loss":0.0,"damage_taken":0.0,"cards_obtained":["Doubt"]},{"cards_removed":["Doubt"],"damage_healed":0.0,"max_hp_gain":0.0,"max_hp_loss":0.0,"gold_gain":0.0,"event_name":"Purifier","player_choice":"Purged","floor":14.0,"gold_loss":0.0,"damage_taken":0.0}],"is_beta":false,"boss_relics":[],"items_purged_floors":[],"is_endless":false,"potions_floor_spawned":[1,4,10],"killed_by":"Hexaghost","ascension_level":0}