{"gold_per_floor":[115,139,139,154,168,168,199,199,225,251,266,280,257,267,267,364,364,378,394,52,0,19,19,51,62,62,97,107,7,7,7,7,7],"floor_reached":33,"playtime":1147,"items_purged":["Strike_B","Strike_B"],"score":416,"play_id":"f0e22405-9a39-4fbd-9d08-9ac5e05ae982","local_time":"20180703231627","is_ascension_mode":true,"campfire_choices":[{"data":"Static Discharge","floor":6,"key":"SMITH"},{"data":"Zap","floor":8,"key":"SMITH"},{"floor":15,"key":"REST"},{"floor":23,"key":"REST"},{"data":"Apotheosis","floor":30,"key":"SMITH"},{"floor":32,"key":"REST"}],"neow_cost":"CURSE","seed_source_timestamp":796505130920800,"circlet_count":0,"master_deck":["Defend_B","Defend_B","Zap+1","Dualcast","Decay","Auto Shields","Storm","Static Discharge+1","Compile Driver","Ball Lightning","Genetic Algorithm","Capacitor","Storm","Core Surge","Electrodynamics+1","Hyperbeam+1","FTL+1","Sunder","Defragment","Apotheosis+1","Leap","Capacitor+1","Skim"],"relics":["Cracked Core","Sundial","Strawberry","DataDisk","Anchor","Ornamental Fan","Astrolabe","Oddly Smooth Stone","Meat on the Bone","Lantern"],"potions_floor_usage":[7,10,14,16,24,27],"damage_taken":[{"damage":1,"enemies":"Cultist","floor":1,"turns":4},{"damage":0,"enemies":"2 Louse","floor":4,"turns":3},{"damage":7,"enemies":"Jaw Worm","floor":5,"turns":3},{"damage":16,"enemies":"Lagavulin","floor":7,"turns":7},{"damage":24,"enemies":"Gremlin Nob","floor":10,"turns":4},{"damage":0,"enemies":"Large Slime","floor":11,"turns":4},{"damage":0,"enemies":"Exordium Wildlife","floor":12,"turns":3},{"damage":8,"enemies":"Gremlin Gang","floor":14,"turns":5},{"damage":34,"enemies":"The Guardian","floor":16,"turns":7},{"damage":16,"enemies":"Shell Parasite","floor":18,"turns":4},{"damage":6,"enemies":"Spheric Guardian","floor":19,"turns":3},{"damage":3,"enemies":"Snecko","floor":22,"turns":3},{"damage":15,"enemies":"Slavers","floor":24,"turns":2},{"damage":0,"enemies":"Centurion and Healer","floor":25,"turns":2},{"damage":24,"enemies":"Gremlin Leader","floor":27,"turns":5},{"damage":0,"enemies":"Cultist and Chosen","floor":28,"turns":5},{"damage":73,"enemies":"Automaton","floor":33,"turns":6}],"seed_played":"3564346859696304785","potions_obtained":[{"floor":4,"key":"FearPotion"},{"floor":7,"key":"EssenceOfSteel"},{"floor":10,"key":"Block Potion"},{"floor":11,"key":"Strength Potion"},{"floor":16,"key":"Strength Potion"},{"floor":18,"key":"SkillPotion"},{"floor":24,"key":"Ancient Potion"},{"floor":25,"key":"Ancient Potion"},{"floor":28,"key":"Weak Potion"}],"is_trial":false,"path_per_floor":["M","T","?","M","M","R","E","R","T","E","M","M","?","M","R","B",null,"M","M","$","?","M","R","E","M","T","E","M","$","R","?","R"],"character_chosen":"DEFECT","items_purchased":["Defragment","Apotheosis"],"campfire_rested":3,"item_purchase_floors":[20,20],"current_hp_per_floor":[67,74,66,66,59,59,43,43,43,19,19,19,19,11,35,1,62,46,40,40,40,37,61,46,46,46,34,46,46,46,46,70,0],"gold":7,"neow_bonus":"ONE_RARE_RELIC","is_prod":false,"is_daily":false,"chose_seed":false,"campfire_upgraded":3,"win_rate":0,"timestamp":1530677787,"path_taken":["M","?","?","M","M","R","E","R","T","E","?","?","?","M","R","BOSS","M","M","$","?","?","R","E","M","T","E","?","?","R","?","R","BOSS"],"build_version":"2018-06-28","purchased_purges":2,"victory":false,"max_hp_per_floor":[75,82,82,82,82,82,82,82,82,82,82,82,82,82,82,82,82,82,82,82,82,82,82,82,82,82,82,82,82,82,82,82,82],"card_choices":[{"not_picked":["Steam","Redo"],"picked":"Auto Shields","floor":1},{"not_picked":["Steam","Coolheaded"],"picked":"Storm","floor":4},{"not_picked":["Coolheaded","Blizzard"],"picked":"Static Discharge","floor":5},{"not_picked":["Streamline","All For One"],"picked":"Compile Driver","floor":7},{"not_picked":["Rebound","Steam"],"picked":"Ball Lightning","floor":10},{"not_picked":["Hologram","BootSequence"],"picked":"Genetic Algorithm","floor":11},{"not_picked":["Blizzard","Stack"],"picked":"Capacitor","floor":12},{"not_picked":["Fusion","Go for the Eyes"],"picked":"Storm","floor":14},{"not_picked":["Biased Cognition","Fission"],"picked":"Core Surge","floor":16},{"not_picked":["Coolheaded","Leap"],"picked":"Sunder","floor":18},{"not_picked":["Go for the Eyes","Scrape","Lockon"],"picked":"SKIP","floor":19},{"not_picked":["Hello World+1","Streamline+1","Steam Power"],"picked":"SKIP","floor":22},{"not_picked":["Gash","Fission","Steam"],"picked":"SKIP","floor":24},{"not_picked":["Chaos","BootSequence"],"picked":"Leap","floor":25},{"not_picked":["Ball Lightning","Steam+1"],"picked":"Capacitor+1","floor":27},{"not_picked":["Steam","Gash","Sweeping Beam"],"picked":"SKIP","floor":28}],"player_experience":414941,"relics_obtained":[{"floor":2,"key":"Strawberry"},{"floor":7,"key":"DataDisk"},{"floor":9,"key":"Anchor"},{"floor":10,"key":"Ornamental Fan"},{"floor":24,"key":"Oddly Smooth Stone"},{"floor":26,"key":"Meat on the Bone"},{"floor":27,"key":"Lantern"}],"event_choices":[{"event_name":"Wheel of Change","player_choice":"Damage","floor":3,"damage_taken":0},{"event_name":"World of Goop","player_choice":"Left","floor":13,"damage_taken":0},{"event_name":"Masked Bandits","player_choice":"Paid Bandits 52 gold","floor":21,"damage_taken":0},{"event_name":"Transmorgrifier","player_choice":"Transform","floor":31,"damage_taken":0}],"boss_relics":[{"not_picked":["Calling Bell","Lizard Tail"],"picked":"Astrolabe"}],"items_purged_floors":[20,29],"is_endless":false,"potions_floor_spawned":[4,7,10,11,16,18,24,25,28],"killed_by":"Automaton","ascension_level":8}