{"gold_per_floor":[216,235,252,81,81,81,408,408,433,461,461,475,490,522,522,601,601,619,632,286,302,227,227,243,243,243,243,270,288,301,81,81,156,156,174,227,16,16,27,27,52,64,117,151,151,161,161,180,180,180,180],"floor_reached":51,"playtime":3732,"items_purged":["Strike_R","Strike_R","Strike_R","Strike_R"],"score":1594,"play_id":"4828a3f0-2924-48af-96dc-ab4df2c54959","local_time":"20190218112252","is_ascension_mode":true,"campfire_choices":[{"data":"Uppercut","floor":6.0,"key":"SMITH"},{"data":"Feed","floor":8.0,"key":"SMITH"},{"floor":11.0,"key":"REST"},{"data":"Inflame","floor":15.0,"key":"SMITH"},{"data":"Battle Trance","floor":23.0,"key":"SMITH"},{"data":"Limit Break","floor":25.0,"key":"SMITH"},{"data":"Bash","floor":27.0,"key":"SMITH"},{"data":"Metallicize","floor":32.0,"key":"SMITH"},{"data":"Disarm","floor":40.0,"key":"SMITH"},{"data":"Corruption","floor":45,"key":"SMITH"},{"floor":49,"key":"RECALL"}],"neow_cost":"NONE","seed_source_timestamp":0,"circlet_count":0,"master_deck":["AscendersBane","Defend_R","Defend_R","Defend_R","Defend_R","Bash+1","Shrug It Off","Uppercut+1","Feed+1","Feel No Pain","Evolve","Battle Trance+1","Anger","Dropkick","Inflame+1","Limit Break+1","Shrug It Off","Shrug It Off","Warcry+1","Flash of Steel","Metallicize+1","Juggernaut","Headbutt","Rage","Corruption+1","Disarm+1","Power Through","Shrug It Off","Doubt","Battle Trance"],"special_seed":0,"relics":["Burning Blood","Pen Nib","Old Coin","Smiling Mask","PreservedInsect","Pocketwatch","Eternal Feather","Self Forming Clay","Bottled Tornado","Magic Flower","Coffee Dripper","StoneCalendar","Incense Burner","Red Skull"],"potions_floor_usage":[42,44],"damage_taken":[{"damage":9.0,"enemies":"Small Slimes","floor":1.0,"turns":5.0},{"damage":6.0,"enemies":"Jaw Worm","floor":2.0,"turns":8.0},{"damage":4.0,"enemies":"Cultist","floor":3.0,"turns":4.0},{"damage":17.0,"enemies":"3 Sentries","floor":7.0,"turns":13.0},{"damage":29.0,"enemies":"Lagavulin","floor":10.0,"turns":8.0},{"damage":0.0,"enemies":"3 Louse","floor":12.0,"turns":5.0},{"damage":0.0,"enemies":"Blue Slaver","floor":13.0,"turns":4.0},{"damage":6.0,"enemies":"Gremlin Nob","floor":14.0,"turns":3.0},{"damage":0.0,"enemies":"Slime Boss","floor":16.0,"turns":5.0},{"damage":8.0,"enemies":"Chosen","floor":18.0,"turns":6.0},{"damage":22.0,"enemies":"3 Byrds","floor":19.0,"turns":5.0},{"damage":28.0,"enemies":"Sentry and Sphere","floor":21.0,"turns":6.0},{"damage":31.0,"enemies":"Shelled Parasite and Fungi","floor":24.0,"turns":7.0},{"damage":56.0,"enemies":"Slavers","floor":28.0,"turns":5.0},{"damage":22.0,"enemies":"Snake Plant","floor":29.0,"turns":4.0},{"damage":13.0,"enemies":"Snecko","floor":30.0,"turns":4.0},{"damage":33.0,"enemies":"Champ","floor":33.0,"turns":7.0},{"damage":7.0,"enemies":"Orb Walker","floor":35.0,"turns":3.0},{"damage":51.0,"enemies":"2 Orb Walkers","floor":36.0,"turns":5.0},{"damage":43.0,"enemies":"3 Shapes","floor":39.0,"turns":4.0},{"damage":31,"enemies":"Nemesis","floor":41,"turns":5},{"damage":14,"enemies":"Jaw Worm Horde","floor":42,"turns":4},{"damage":28,"enemies":"Reptomancer","floor":44,"turns":6},{"damage":9,"enemies":"Transient","floor":46,"turns":6},{"damage":18,"enemies":"3 Darklings","floor":48,"turns":6},{"damage":89,"enemies":"Donu and Deca","floor":50,"turns":10},{"damage":63,"enemies":"Awakened One","floor":51,"turns":8}],"seed_played":"-8852053429575218926","potions_obtained":[{"floor":3.0,"key":"Explosive Potion"},{"floor":7.0,"key":"FearPotion"},{"floor":10.0,"key":"FearPotion"},{"floor":13.0,"key":"Fruit Juice"},{"floor":18.0,"key":"PowerPotion"},{"floor":28.0,"key":"SmokeBomb"},{"floor":29.0,"key":"BloodPotion"},{"floor":35.0,"key":"Swift Potion"},{"floor":36.0,"key":"Strength Potion"},{"floor":41,"key":"PowerPotion"}],"is_trial":false,"path_per_floor":["M","M","M","$","?","R","E","R","T","E","R","M","M","E","R","B",null,"M","M","$","M","?","R","M","R","T","R","E","M","M","$","R","B",null,"M","?","$","?","M","R","E","M","T","E","R","M","?","M","R","B","B"],"character_chosen":"IRONCLAD","items_purchased":["Feel No Pain","PowerPotion","Shrug It Off","Self Forming Clay","Flash of Steel","Metallicize","Corruption","Disarm"],"campfire_rested":1,"item_purchase_floors":[4,4,20,20,31,31,37,37],"current_hp_per_floor":[65,65,67,67,49,49,41,41,41,22,46,56,71,71,71,81,95,97,85,85,67,67,79,58,70,70,82,36,23,42,42,54,36,104,106,64,64,64,30,45,29,30,30,11,26,26,135,126,135,55,0],"gold":180,"neow_bonus":"HUNDRED_GOLD","is_prod":false,"is_daily":false,"chose_seed":false,"campfire_upgraded":9,"win_rate":0,"timestamp":1550506972,"path_taken":["M","M","M","$","?","R","E","R","T","E","R","M","M","E","R","BOSS","M","M","$","M","?","R","M","R","T","R","E","M","M","$","R","BOSS","M","?","$","?","M","R","E","M","T","E","R","M","?","M","R","BOSS","BOSS"],"build_version":"2019-01-23","purchased_purges":4,"victory":false,"max_hp_per_floor":[75,75,75,75,75,75,78,78,78,82,82,86,95,95,95,99,99,103,107,107,111,111,111,115,115,115,115,119,119,123,123,123,127,127,127,127,127,127,127,127,131,135,135,135,135,135,135,135,135,135,135],"card_choices":[{"not_picked":["Sword Boomerang","Shockwave"],"picked":"Shrug It Off","floor":1.0},{"not_picked":["Clothesline","Iron Wave"],"picked":"Uppercut","floor":2.0},{"not_picked":["Havoc","Rampage"],"picked":"Feed","floor":3.0},{"not_picked":["Perfected Strike","Shockwave"],"picked":"Evolve","floor":7.0},{"not_picked":["Clothesline","Headbutt"],"picked":"Battle Trance","floor":10.0},{"not_picked":["Pommel Strike","Warcry"],"picked":"Anger","floor":12.0},{"not_picked":["Uppercut","Offering"],"picked":"Dropkick","floor":13.0},{"not_picked":["Dual Wield","Bloodletting"],"picked":"Inflame","floor":14.0},{"not_picked":["Feed","Impervious"],"picked":"Limit Break","floor":16.0},{"not_picked":["Rampage","Havoc"],"picked":"Shrug It Off","floor":18.0},{"not_picked":["Twin Strike","Sever Soul"],"picked":"Sword Boomerang","floor":19.0},{"not_picked":["Twin Strike+1","Demon Form","Wild Strike"],"picked":"SKIP","floor":21.0},{"not_picked":["Infernal Blade","Burning Pact"],"picked":"Warcry+1","floor":24.0},{"not_picked":["True Grit","Rage","Heavy Blade"],"picked":"SKIP","floor":28.0},{"not_picked":["Twin Strike","Havoc","Spot Weakness"],"picked":"SKIP","floor":29.0},{"not_picked":["Anger","Iron Wave","Combust"],"picked":"SKIP","floor":30.0},{"not_picked":["Dark Embrace","Double Tap"],"picked":"Juggernaut","floor":33.0},{"not_picked":["Pummel","Body Slam"],"picked":"Headbutt","floor":35.0},{"not_picked":["Iron Wave+1","Warcry+1"],"picked":"Rage","floor":36.0},{"not_picked":["Body Slam","Clash+1","Inflame"],"picked":"SKIP","floor":39.0},{"not_picked":["Pummel","Cleave","Havoc"],"picked":"SKIP","floor":41},{"not_picked":["Heavy Blade","Demon Form","Headbutt"],"picked":"SKIP","floor":42},{"not_picked":["Shockwave","Perfected Strike"],"picked":"Power Through","floor":44},{"not_picked":["Infernal Blade","Sentinel"],"picked":"Shrug It Off","floor":46},{"not_picked":["Body Slam","Searing Blow"],"picked":"Battle Trance","floor":48}],"player_experience":844144,"relics_obtained":[{"floor":7.0,"key":"Old Coin"},{"floor":9.0,"key":"Smiling Mask"},{"floor":10.0,"key":"PreservedInsect"},{"floor":14.0,"key":"Pocketwatch"},{"floor":26.0,"key":"Bottled Tornado"},{"floor":28.0,"key":"Magic Flower"},{"floor":36.0,"key":"StoneCalendar"},{"floor":41,"key":"Incense Burner"},{"floor":44,"key":"Red Skull"}],"event_choices":[{"damage_healed":0.0,"max_hp_gain":0.0,"max_hp_loss":0.0,"gold_gain":0.0,"event_name":"Scrap Ooze","player_choice":"Success","floor":5.0,"gold_loss":0.0,"damage_taken":18.0,"relics_obtained":["Pen Nib"]},{"cards_removed":["Strike_R"],"damage_healed":0.0,"max_hp_gain":0.0,"max_hp_loss":0.0,"gold_gain":0.0,"event_name":"Beggar","player_choice":"Gave Gold","floor":22.0,"gold_loss":75.0,"damage_taken":0.0},{"damage_healed":0.0,"max_hp_gain":0.0,"max_hp_loss":0.0,"gold_gain":0.0,"event_name":"Mysterious Sphere","player_choice":"Fight","floor":36.0,"gold_loss":0.0,"damage_taken":0.0},{"cards_removed":["Sword Boomerang"],"damage_healed":0.0,"max_hp_gain":0.0,"max_hp_loss":0.0,"gold_gain":0.0,"event_name":"Falling","player_choice":"Removed Attack","floor":38.0,"gold_loss":0.0,"damage_taken":0.0},{"damage_healed":109,"gold_gain":0,"player_choice":"Heal","damage_taken":0,"max_hp_gain":0,"max_hp_loss":0,"event_name":"MindBloom","floor":47,"gold_loss":0,"cards_obtained":["Doubt"]}],"is_beta":false,"boss_relics":[{"not_picked":["Lizard Tail","Empty Cage"],"picked":"Eternal Feather"},{"not_picked":["Philosopher\u0027s Stone","Astrolabe"],"picked":"Coffee Dripper"}],"items_purged_floors":[4,20,31,37],"is_endless":false,"potions_floor_spawned":[3,7,10,12,13,18,28,29,35,36,39,41],"killed_by":"Awakened One","ascension_level":20}