{"path_per_floor":["M","?","?","M","?","R","E","M","T","M","R","E","M","E","R","B",null,"M","M"],"character_chosen":"DEFECT","items_purchased":[],"gold_per_floor":[119,119,119,136,136,136,170,188,188,207,207,235,252,283,283,380,380,391,404,404],"floor_reached":20,"campfire_rested":1,"playtime":594,"item_purchase_floors":[],"current_hp_per_floor":[65,70,54,44,80,80,53,53,60,57,83,76,79,74,74,57,80,46,26,0],"items_purged":[],"gold":404,"score":252,"play_id":"a2cbfc55-16b8-4d5d-bc08-64f86990e2e5","local_time":"20180616225750","is_prod":false,"is_daily":false,"chose_seed":false,"is_ascension_mode":true,"campfire_upgraded":2,"win_rate":0,"timestamp":1529207870,"campfire_choices":[{"data":"Zap","floor":6,"key":"SMITH"},{"floor":11,"key":"REST"},{"data":"Redo","floor":15,"key":"SMITH"}],"path_taken":["M","?","?","M","?","R","E","?","T","M","R","E","M","E","R","BOSS","M","M","M"],"build_version":"2018-06-14v2","seed_source_timestamp":2662375705649858,"purchased_purges":0,"victory":false,"master_deck":["Strike_B","Strike_B","Strike_B","Strike_B+1","Defend_B+1","Defend_B","Defend_B","Defend_B","Zap+1","Dualcast","Gash","All For One","Beam Cell","Self Repair+1","Conserve Battery","Go for the Eyes","Redo+1","Echo Form+1","Streamline+1","Go for the Eyes"],"max_hp_per_floor":[75,80,80,80,80,80,80,80,87,87,87,87,87,87,87,87,87,87,87,87],"special_seed":17699,"relics":["Cracked Core","Frozen Egg 2","Strawberry","Bottled Tornado","Boot","Inserter"],"card_choices":[{"not_picked":["Glacier","Undo"],"picked":"Gash","floor":1},{"not_picked":["Steam","Go for the Eyes"],"picked":"Reprogram","floor":4},{"not_picked":["Doom and Gloom","Rebound"],"picked":"All For One","floor":7},{"not_picked":["Coolheaded","Lockon"],"picked":"Beam Cell","floor":8},{"not_picked":["Storm+1","Reinforced Body"],"picked":"Self Repair+1","floor":10},{"not_picked":["Blizzard","Coolheaded"],"picked":"Conserve Battery","floor":12},{"not_picked":["Cold Snap","Rainbow"],"picked":"Go for the Eyes","floor":13},{"not_picked":["Genetic Algorithm","Chaos"],"picked":"Redo","floor":14},{"not_picked":["Seek","Multi-Cast"],"picked":"Echo Form+1","floor":16},{"not_picked":["Steam+1","Redo"],"picked":"Streamline+1","floor":18},{"not_picked":["Cold Snap","Turbo"],"picked":"Go for the Eyes","floor":19}],"player_experience":390593,"potions_floor_usage":[12,12,20],"damage_taken":[{"damage":3,"enemies":"Jaw Worm","floor":1,"turns":4},{"damage":10,"enemies":"Small Slimes","floor":4,"turns":3},{"damage":27,"enemies":"Gremlin Nob","floor":7,"turns":4},{"damage":0,"enemies":"2 Louse","floor":8,"turns":2},{"damage":3,"enemies":"Blue Slaver","floor":10,"turns":3},{"damage":17,"enemies":"Lagavulin","floor":12,"turns":5},{"damage":7,"enemies":"Red Slaver","floor":13,"turns":2},{"damage":15,"enemies":"Gremlin Nob","floor":14,"turns":3},{"damage":27,"enemies":"Slime Boss","floor":16,"turns":6},{"damage":34,"enemies":"2 Thieves","floor":18,"turns":4},{"damage":30,"enemies":"Shell Parasite","floor":19,"turns":5},{"damage":27,"enemies":"Snecko","floor":20,"turns":4}],"relics_obtained":[{"floor":7,"key":"Frozen Egg 2"},{"floor":9,"key":"Strawberry"},{"floor":12,"key":"Bottled Tornado"},{"floor":14,"key":"Boot"}],"event_choices":[{"event_name":"Big Fish","player_choice":"Donut","floor":2,"damage_taken":0},{"event_name":"Shining Light","player_choice":"Entered Light","floor":3,"damage_taken":0},{"event_name":"Bonfire Elementals","player_choice":"UNCOMMON","floor":5,"damage_taken":0}],"boss_relics":[{"not_picked":["Tiny House","Lizard Tail"],"picked":"Inserter"}],"items_purged_floors":[],"is_endless":false,"potions_floor_spawned":[7,10,14,19],"seed_played":"5269454187022457125","killed_by":"Snecko","ascension_level":6,"potions_obtained":[{"floor":7,"key":"AttackPotion"},{"floor":10,"key":"SkillPotion"},{"floor":14,"key":"SneckoOil"},{"floor":19,"key":"SteroidPotion"}],"is_trial":false}