{"gold_per_floor":[118,118,138,150,150,150,169,169,169,169,192,192,216,216,216,342,342,360,355,126,126],"floor_reached":21,"playtime":764,"items_purged":["Injury"],"score":239,"play_id":"b1dbfeed-6920-4779-a5cc-a52fab4fc49c","local_time":"20190201185341","is_ascension_mode":true,"campfire_choices":[{"data":"Bloodletting","floor":6,"key":"SMITH"},{"data":"Bash","floor":8,"key":"SMITH"},{"floor":12,"key":"REST"},{"data":"Intimidate","floor":15,"key":"SMITH"}],"neow_cost":"NONE","seed_source_timestamp":766371514091469,"circlet_count":0,"master_deck":["Strike_R","Strike_R","Strike_R","Strike_R","Strike_R","Defend_R","Defend_R","Defend_R","Bash+1","Finesse","Iron Wave","Bloodletting+1","Shrug It Off","Flash of Steel","Iron Wave","Intimidate+1","Juggernaut","Iron Wave","Body Slam+1"],"relics":["Burning Blood","Golden Idol","Red Skull","Mark of Pain","Anchor"],"potions_floor_usage":[11,16],"damage_taken":[{"damage":7,"enemies":"Jaw Worm","floor":1,"turns":4},{"damage":6,"enemies":"Cultist","floor":3,"turns":3},{"damage":8,"enemies":"Small Slimes","floor":4,"turns":3},{"damage":16,"enemies":"3 Louse","floor":7,"turns":4},{"damage":38,"enemies":"Gremlin Gang","floor":11,"turns":5},{"damage":11,"enemies":"Looter","floor":13,"turns":3},{"damage":69,"enemies":"Hexaghost","floor":16,"turns":10},{"damage":33,"enemies":"Shell Parasite","floor":18,"turns":6},{"damage":20,"enemies":"2 Thieves","floor":19,"turns":4},{"damage":25,"enemies":"Snecko","floor":21,"turns":3}],"seed_played":"-3576971624632913160","potions_obtained":[{"floor":3,"key":"Explosive Potion"},{"floor":11,"key":"EssenceOfSteel"},{"floor":13,"key":"Poison Potion"},{"floor":16,"key":"Swift Potion"},{"floor":19,"key":"Ancient Potion"}],"is_trial":false,"path_per_floor":["M","?","M","M","?","R","M","R","T","?","M","R","M","?","R","B",null,"M","M","$","M"],"character_chosen":"IRONCLAD","items_purchased":["Anchor"],"campfire_rested":1,"item_purchase_floors":[20],"current_hp_per_floor":[71,71,71,69,69,69,59,59,59,59,27,51,46,72,72,9,62,35,21,21,0],"gold":126,"neow_bonus":"RANDOM_COLORLESS","is_prod":false,"is_daily":false,"chose_seed":false,"campfire_upgraded":3,"win_rate":0,"timestamp":1549022021,"path_taken":["M","?","M","?","?","R","M","R","T","?","M","R","?","?","R","BOSS","M","M","$","M"],"build_version":"2019-01-23","purchased_purges":1,"victory":false,"max_hp_per_floor":[80,80,80,80,80,80,80,80,80,80,80,80,80,80,80,80,80,80,80,80,80],"card_choices":[{"not_picked":["Sever Soul","True Grit"],"picked":"Iron Wave","floor":1},{"not_picked":["Thunderclap","Heavy Blade"],"picked":"Bloodletting","floor":3},{"not_picked":["Heavy Blade","Uppercut","Dropkick"],"picked":"SKIP","floor":4},{"not_picked":["Body Slam","Pommel Strike"],"picked":"Shrug It Off","floor":7},{"not_picked":["Perfected Strike","Sentinel"],"picked":"Iron Wave","floor":11},{"not_picked":["Clothesline","Second Wind"],"picked":"Intimidate","floor":13},{"not_picked":["Double Tap","Barricade"],"picked":"Juggernaut","floor":16},{"not_picked":["Intimidate","Clash"],"picked":"Iron Wave","floor":18},{"not_picked":["Dropkick","Sentinel"],"picked":"Body Slam+1","floor":19}],"player_experience":311632,"relics_obtained":[{"floor":9,"key":"Red Skull"}],"event_choices":[{"cards_removed":["Defend_R"],"damage_healed":0,"gold_gain":0,"player_choice":"Purged","damage_taken":0,"max_hp_gain":0,"max_hp_loss":0,"event_name":"Purifier","floor":2,"gold_loss":0},{"damage_healed":0,"gold_gain":0,"player_choice":"Take Wound","damage_taken":0,"relics_obtained":["Golden Idol"],"max_hp_gain":0,"max_hp_loss":0,"event_name":"Golden Idol","floor":5,"gold_loss":0,"cards_obtained":["Injury"]},{"damage_healed":0,"gold_gain":0,"player_choice":"1 cards matched","damage_taken":0,"max_hp_gain":0,"max_hp_loss":0,"event_name":"Match and Keep!","floor":10,"gold_loss":0,"cards_obtained":["Flash of Steel"]},{"damage_healed":26,"gold_gain":0,"player_choice":"Banana","damage_taken":0,"max_hp_gain":0,"max_hp_loss":0,"event_name":"Big Fish","floor":14,"gold_loss":0}],"is_beta":false,"boss_relics":[{"not_picked":["Calling Bell","Runic Dome"],"picked":"Mark of Pain"}],"items_purged_floors":[20],"is_endless":false,"potions_floor_spawned":[3,11,13,16,19],"killed_by":"Snecko","ascension_level":8}