{"path_per_floor":["M","M","?","M","M","E","M","R","T","E","M","M","R","?","R","B",null,"M","M","$"],"character_chosen":"DEFECT","items_purchased":["Apotheosis","Anchor"],"gold_per_floor":[111,127,202,219,229,254,265,265,265,292,303,315,315,315,315,415,415,429,440,34,34],"floor_reached":21,"campfire_rested":3,"playtime":773,"item_purchase_floors":[20,20],"current_hp_per_floor":[74,74,63,56,46,25,6,28,28,7,4,4,26,26,48,14,60,22,17,17,0],"items_purged":["Strike_B"],"gold":34,"score":241,"play_id":"af93046a-11a7-499f-bf0d-4e89ed8b8888","local_time":"20180615111829","is_prod":false,"is_daily":false,"chose_seed":false,"is_ascension_mode":true,"campfire_upgraded":0,"win_rate":0,"timestamp":1529079509,"campfire_choices":[{"floor":8,"key":"REST"},{"floor":13,"key":"REST"},{"floor":15,"key":"REST"}],"path_taken":["M","M","?","?","M","E","M","R","T","E","M","M","R","?","R","BOSS","M","M","$","M"],"build_version":"2018-06-14v2","seed_source_timestamp":2533812258978969,"purchased_purges":1,"victory":false,"master_deck":["Strike_B","Strike_B","Defend_B","Defend_B","Defend_B","Defend_B","Zap","Dualcast","Seek","Gash","Rebound","Streamline","Echo Form","Leap","Leap","Ball Lightning","Gash","Melter","All For One","Sunder","Beam Cell+1","Apotheosis"],"max_hp_per_floor":[75,75,75,75,75,75,75,75,75,75,75,75,75,75,75,75,75,75,75,75,75],"relics":["Cracked Core","Bag of Preparation","Boot","Potion Belt","White Beast Statue","Anchor"],"card_choices":[{"not_picked":["Doom and Gloom","Scrape"],"picked":"Gash","floor":1},{"not_picked":["Compile Driver","FTL"],"picked":"Rebound","floor":2},{"not_picked":["Barrage","Stack"],"picked":"Streamline","floor":4},{"not_picked":["Darkness","Reinforced Body"],"picked":"Echo Form","floor":5},{"not_picked":["Sweeping Beam","Auto Shields"],"picked":"Leap","floor":6},{"not_picked":["Genetic Algorithm","Stack","Doom and Gloom"],"picked":"SKIP","floor":7},{"not_picked":["Barrage","Rebound"],"picked":"Leap","floor":10},{"not_picked":["Stack","Storm"],"picked":"Ball Lightning","floor":11},{"not_picked":["Sweeping Beam","Compile Driver"],"picked":"Gash","floor":12},{"not_picked":["Amplify","Hyperbeam"],"picked":"All For One","floor":16},{"not_picked":["Rip and Tear","Coolheaded"],"picked":"Sunder","floor":18},{"not_picked":["Coolheaded+1","Rebound+1"],"picked":"Beam Cell+1","floor":19}],"player_experience":383253,"potions_floor_usage":[6,6,10,19,21],"damage_taken":[{"damage":1,"enemies":"Cultist","floor":1,"turns":3},{"damage":0,"enemies":"2 Louse","floor":2,"turns":2},{"damage":7,"enemies":"Small Slimes","floor":4,"turns":2},{"damage":10,"enemies":"Exordium Wildlife","floor":5,"turns":3},{"damage":21,"enemies":"3 Sentries","floor":6,"turns":5},{"damage":19,"enemies":"Exordium Thugs","floor":7,"turns":5},{"damage":21,"enemies":"Lagavulin","floor":10,"turns":5},{"damage":3,"enemies":"Blue Slaver","floor":11,"turns":4},{"damage":0,"enemies":"Exordium Wildlife","floor":12,"turns":2},{"damage":34,"enemies":"The Guardian","floor":16,"turns":9},{"damage":38,"enemies":"Shell Parasite","floor":18,"turns":5},{"damage":17,"enemies":"3 Byrds","floor":19,"turns":4},{"damage":27,"enemies":"Snecko","floor":21,"turns":3}],"relics_obtained":[{"floor":6,"key":"Bag of Preparation"},{"floor":9,"key":"Boot"},{"floor":10,"key":"Potion Belt"}],"event_choices":[{"event_name":"World of Goop","player_choice":"Gather Gold","floor":3,"damage_taken":0},{"event_name":"Transmorgrifier","player_choice":"Transform","floor":14,"damage_taken":0}],"boss_relics":[{"not_picked":["Lizard Tail","Tiny House"],"picked":"White Beast Statue"}],"items_purged_floors":[20],"is_endless":false,"potions_floor_spawned":[1,2,5,18,19],"seed_played":"-6651727952689313547","killed_by":"Snecko","ascension_level":5,"potions_obtained":[{"floor":1,"key":"Explosive Potion"},{"floor":2,"key":"Strength Potion"},{"floor":5,"key":"SkillPotion"},{"floor":18,"key":"Regen Potion"},{"floor":19,"key":"PowerPotion"}],"is_trial":false}