{"path_per_floor":["M","M","?","?","M","E","M","T","T","R","$","M","M","E","R","B"],"character_chosen":"IRONCLAD","items_purchased":["Oddly Smooth Stone","Shrug It Off"],"gold_per_floor":[119,130,80,180,196,228,239,239,239,239,42,52,70,97,97,193],"floor_reached":17,"campfire_rested":0,"playtime":813,"current_hp_per_floor":[72,72,72,72,67,42,42,42,42,42,42,41,43,36,36,25],"items_purged":[],"gold":193,"score":167,"play_id":"5c727838-84bc-4945-b681-12ebbbde5a3c","is_prod":false,"is_daily":false,"is_ascension_mode":false,"campfire_upgraded":2,"path_taken":["M","M","?","?","M","E","?","?","T","R","$","?","M","E","R","BOSS"],"build_version":"2018-02-08-PROD1","purchased_purges":0,"victory":false,"master_deck":["Strike_R","Defend_R","Defend_R","Bash","Anger+1","Seeing Red","Uppercut","Pommel Strike","Offering","Shrug It Off","Armaments+1","Rage","Flex","Feed","Flex+1","Perfected Strike+1","Power Through+1"],"max_hp_per_floor":[72,72,72,72,72,72,72,72,72,72,72,72,72,72,72,72],"relics":["Burning Blood","Pantograph","Charon\u0027s Ashes","Vajra","Oddly Smooth Stone","Frozen Egg 2","Astrolabe"],"card_choices":[{"not_picked":["Burning Pact","Rupture"],"picked":"Uppercut"},{"not_picked":["Clash","Sword Boomerang"],"picked":"Pommel Strike"},{"not_picked":["Spot Weakness","Feel No Pain"],"picked":"Offering"},{"not_picked":["Rupture","Spot Weakness"],"picked":"Armaments"},{"not_picked":["Whirlwind","Thunderclap"],"picked":"Rage"},{"not_picked":["Shrug It Off","Double Tap"],"picked":"Flex"},{"not_picked":["Dark Embrace","Impervious"],"picked":"Feed"}],"player_experience":23666,"potions_floor_usage":[],"damage_taken":[{"damage":1,"enemies":"Cultist","floor":1,"turns":3},{"damage":0,"enemies":"2 Louse","floor":2,"turns":3},{"damage":11,"enemies":"Blue Slaver","floor":5,"turns":3},{"damage":31,"enemies":"Lagavulin","floor":6,"turns":6},{"damage":6,"enemies":"Looter","floor":7,"turns":2},{"damage":7,"enemies":"Lots of Slimes","floor":12,"turns":3},{"damage":4,"enemies":"Exordium Thugs","floor":13,"turns":3},{"damage":13,"enemies":"Gremlin Nob","floor":14,"turns":3},{"damage":42,"enemies":"The Guardian","floor":16,"turns":8}],"event_choices":[{"event_name":"The Cleric","player_choice":"Card Removal","floor":3,"damage_taken":0},{"event_name":"Golden Shrine","player_choice":"Pray","floor":4,"damage_taken":0}],"boss_relics":[{"not_picked":["Snecko Eye","White Beast Statue"],"picked":"Astrolabe"}],"potions_floor_spawned":[1,6,16],"seed_played":"-5070889763658501727","ascension_level":0,"is_trial":false}