{"gold_per_floor":[116,116,128,147,162,162,187,187,187,199,212,212,231,241,241,315,315,332,287],"floor_reached":19,"playtime":843,"items_purged":[],"score":285,"play_id":"8eb107cf-02ab-45fa-b6d2-abac334ae57e","local_time":"20190103230300","is_ascension_mode":true,"campfire_choices":[{"data":"Zap","floor":6.0,"key":"SMITH"},{"floor":8.0,"key":"REST"},{"floor":12.0,"key":"REST"},{"floor":15.0,"key":"REST"}],"neow_cost":"TEN_PERCENT_HP_LOSS","seed_source_timestamp":21187720886096,"circlet_count":0,"master_deck":["AscendersBane","Strike_B","Strike_B","Strike_B","Strike_B","Defend_B","Defend_B","Defend_B","Defend_B","Zap+1","Dualcast","Conserve Battery","Creative AI","Self Repair","Hologram","Ball Lightning","Loop","Go for the Eyes","White Noise","FTL","Echo Form"],"special_seed":0,"relics":["Cracked Core","Unceasing Top","NlothsMask","Omamori","Snecko Eye"],"potions_floor_usage":[18],"damage_taken":[{"damage":2.0,"enemies":"Jaw Worm","floor":1.0,"turns":3.0},{"damage":1.0,"enemies":"Cultist","floor":3.0,"turns":4.0},{"damage":16.0,"enemies":"2 Louse","floor":4.0,"turns":4.0},{"damage":7.0,"enemies":"Looter","floor":5.0,"turns":4.0},{"damage":44.0,"enemies":"Gremlin Nob","floor":7.0,"turns":5.0},{"damage":12.0,"enemies":"Large Slime","floor":10.0,"turns":7.0},{"damage":9.0,"enemies":"Red Slaver","floor":11.0,"turns":3.0},{"damage":7.0,"enemies":"Looter","floor":13.0,"turns":3.0},{"damage":19.0,"enemies":"Exordium Wildlife","floor":14.0,"turns":4.0},{"damage":35.0,"enemies":"Hexaghost","floor":16.0,"turns":9.0},{"damage":41,"enemies":"3 Byrds","floor":18,"turns":6},{"damage":26,"enemies":"2 Thieves","floor":19,"turns":2}],"seed_played":"-1849062839184017814","potions_obtained":[{"floor":5.0,"key":"Fire Potion"},{"floor":10.0,"key":"LiquidBronze"},{"floor":11.0,"key":"Weak Potion"},{"floor":14.0,"key":"Explosive Potion"}],"is_trial":false,"path_per_floor":["M","?","M","M","M","R","E","R","T","M","M","R","M","M","R","B",null,"M","M"],"character_chosen":"DEFECT","items_purchased":[],"campfire_rested":3,"item_purchase_floors":[],"current_hp_per_floor":[66,66,65,49,49,49,12,32,32,27,25,45,45,33,53,25,57,23,0],"gold":287,"neow_bonus":"ONE_RARE_RELIC","is_prod":false,"is_daily":false,"chose_seed":false,"campfire_upgraded":1,"win_rate":0,"timestamp":1546531380,"path_taken":["M","?","M","?","M","R","E","R","T","M","M","R","M","M","R","BOSS","M","M"],"build_version":"2018-12-20","purchased_purges":0,"victory":false,"max_hp_per_floor":[68,68,68,68,68,68,68,68,68,68,68,68,68,68,68,68,68,68,68],"card_choices":[{"not_picked":["Rebound","Steam"],"picked":"Conserve Battery","floor":1.0},{"not_picked":["Go for the Eyes","Rebound"],"picked":"Creative AI","floor":3.0},{"not_picked":["Hologram","Loop"],"picked":"Self Repair","floor":4.0},{"not_picked":["Turbo","Auto Shields"],"picked":"Hologram","floor":5.0},{"not_picked":["Heatsinks","Sweeping Beam"],"picked":"Ball Lightning","floor":7.0},{"not_picked":["Lockon","Sweeping Beam"],"picked":"Loop","floor":10.0},{"not_picked":["Loop","Coolheaded"],"picked":"Go for the Eyes","floor":11.0},{"not_picked":["Hello World","Coolheaded"],"picked":"White Noise","floor":13.0},{"not_picked":["Self Repair","Barrage"],"picked":"FTL","floor":14.0},{"not_picked":["Machine Learning","Buffer"],"picked":"Echo Form","floor":16.0},{"not_picked":["Ball Lightning","Rip and Tear","Streamline"],"picked":"SKIP","floor":18}],"player_experience":245543,"relics_obtained":[{"floor":7.0,"key":"Omamori"}],"event_choices":[{"damage_healed":0.0,"max_hp_gain":0.0,"max_hp_loss":0.0,"gold_gain":0.0,"event_name":"FaceTrader","player_choice":"Trade","floor":2.0,"gold_loss":0.0,"damage_taken":0.0,"relics_obtained":["NlothsMask"]}],"is_beta":false,"boss_relics":[{"not_picked":["Empty Cage","Runic Dome"],"picked":"Snecko Eye"}],"items_purged_floors":[],"is_endless":false,"potions_floor_spawned":[5,10,11,14],"killed_by":"2 Thieves","ascension_level":13}