{"path_per_floor":["M","?","?","M","M","R","E","M","T","E","M","R","E","M","R","B",null,"M","?","M","M","M"],"character_chosen":"IRONCLAD","items_purchased":[],"gold_per_floor":[112,112,112,125,138,138,169,182,182,215,228,228,254,273,273,350,350,364,364,380,398,416,416],"floor_reached":23,"campfire_rested":2,"playtime":923,"current_hp_per_floor":[70,70,70,76,75,75,61,52,52,25,18,42,44,36,60,32,68,43,43,32,24,21,0],"items_purged":[],"gold":416,"score":355,"play_id":"a1af5bfa-3818-4b54-bb28-a72b1787a2a6","local_time":"20180427203619","is_prod":false,"is_daily":false,"chose_seed":false,"is_ascension_mode":true,"campfire_upgraded":1,"timestamp":1524879379,"path_taken":["M","?","?","M","M","R","E","M","T","E","M","R","E","M","R","BOSS","M","?","M","?","M","E"],"build_version":"2018-04-26","seed_source_timestamp":2191834948704362,"purchased_purges":0,"victory":false,"master_deck":["Strike_R+1","Strike_R+1","Strike_R+1","Strike_R+1","Strike_R+1","Defend_R+1","Defend_R+1","Defend_R+1","Defend_R+1","Bash","AscendersBane","Perfected Strike+1","Fire Breathing","Armaments+1","Headbutt","Hemokinesis","Reckless Charge","Immolate","Disarm","Pommel Strike","Brutality","Power Through","Rage","Evolve","True Grit+1"],"max_hp_per_floor":[80,80,80,80,80,80,80,80,80,80,80,80,80,80,80,80,80,80,80,80,80,80,80],"relics":["Burning Blood","Happy Flower","Bronze Scales","Blue Candle","Dodecahedron","Eternal Feather"],"card_choices":[{"not_picked":["Fire Breathing","Anger"],"picked":"Perfected Strike","floor":1},{"not_picked":["Havoc","Clothesline"],"picked":"Fire Breathing","floor":4},{"not_picked":["Flex","Clash"],"picked":"Armaments","floor":5},{"not_picked":["Havoc","Armaments"],"picked":"Headbutt","floor":7},{"not_picked":["Headbutt","Pommel Strike"],"picked":"Hemokinesis","floor":8},{"not_picked":["Wild Strike","Sword Boomerang"],"picked":"Reckless Charge","floor":10},{"not_picked":["Cleave","Iron Wave"],"picked":"Immolate","floor":11},{"not_picked":["Ghostly Armor","Shockwave"],"picked":"Disarm","floor":13},{"not_picked":["Anger","Blood for Blood"],"picked":"Pommel Strike","floor":14},{"not_picked":["Exhume","Impervious"],"picked":"Brutality","floor":16},{"not_picked":["Inflame","Wild Strike"],"picked":"Power Through","floor":18},{"not_picked":["Seeing Red","Anger"],"picked":"Rage","floor":20},{"not_picked":["Iron Wave","Clash"],"picked":"Evolve","floor":21},{"not_picked":["Twin Strike","Armaments"],"picked":"True Grit","floor":22}],"player_experience":283249,"potions_floor_usage":[7,10,10,20,22],"damage_taken":[{"damage":8,"enemies":"2 Louse","floor":1,"turns":4},{"damage":0,"enemies":"Cultist","floor":4,"turns":2},{"damage":7,"enemies":"Jaw Worm","floor":5,"turns":3},{"damage":20,"enemies":"Gremlin Nob","floor":7,"turns":4},{"damage":15,"enemies":"Gremlin Gang","floor":8,"turns":5},{"damage":33,"enemies":"Lagavulin","floor":10,"turns":5},{"damage":13,"enemies":"Blue Slaver","floor":11,"turns":2},{"damage":4,"enemies":"3 Sentries","floor":13,"turns":3},{"damage":14,"enemies":"Looter","floor":14,"turns":2},{"damage":34,"enemies":"The Guardian","floor":16,"turns":9},{"damage":31,"enemies":"Shell Parasite","floor":18,"turns":4},{"damage":17,"enemies":"2 Thieves","floor":20,"turns":4},{"damage":14,"enemies":"Centurion and Healer","floor":21,"turns":6},{"damage":9,"enemies":"Cultist and Chosen","floor":22,"turns":8},{"damage":21,"enemies":"Book of Stabbing","floor":23,"turns":3}],"event_choices":[{"event_name":"Accursed Blacksmith","player_choice":"Forge","floor":2,"damage_taken":0},{"event_name":"The Lab","player_choice":"Got Potions","floor":3,"damage_taken":0},{"event_name":"Back to Basics","player_choice":"Simplicity","floor":19,"damage_taken":0}],"boss_relics":[{"not_picked":["Orrery","Runic Cube"],"picked":"Eternal Feather"}],"potions_floor_spawned":[1,4,8,14,20],"seed_played":"51478291602623900","killed_by":"Book of Stabbing","ascension_level":13,"is_trial":false}