{"gold_per_floor":[360,49,67,87,99,99,125,125,152,178,178,178],"floor_reached":12,"playtime":393,"items_purged":[],"score":172,"play_id":"05af6020-5ca2-47d1-8e89-77250770fd5d","local_time":"20190221012713","is_ascension_mode":true,"campfire_choices":[{"data":"Clothesline","floor":6,"key":"SMITH"},{"floor":8,"key":"REST"},{"floor":11,"key":"REST"}],"neow_cost":"TEN_PERCENT_HP_LOSS","seed_source_timestamp":41461684858895,"circlet_count":0,"master_deck":["AscendersBane","Strike_R","Strike_R","Strike_R","Strike_R","Strike_R","Defend_R","Defend_R","Defend_R","Defend_R","Bash","Clothesline+1","Havoc","Heavy Blade+1","Battle Trance","Iron Wave+1","Cleave+1","Bloodletting"],"relics":["Burning Blood","Molten Egg 2","Bag of Preparation","Art of War","Bronze Scales"],"potions_floor_usage":[7],"damage_taken":[{"damage":4,"enemies":"Small Slimes","floor":1,"turns":4},{"damage":3,"enemies":"2 Louse","floor":3,"turns":3},{"damage":24,"enemies":"Jaw Worm","floor":4,"turns":4},{"damage":6,"enemies":"Looter","floor":5,"turns":3},{"damage":33,"enemies":"3 Sentries","floor":7,"turns":9},{"damage":19,"enemies":"Gremlin Nob","floor":10,"turns":4},{"damage":37,"enemies":"Lagavulin","floor":12,"turns":8}],"seed_played":"7853532952836881962","potions_obtained":[{"floor":1,"key":"GamblersBrew"}],"is_trial":false,"path_per_floor":["M","$","M","M","M","R","E","R","T","E","R","E"],"character_chosen":"IRONCLAD","items_purchased":["Molten Egg 2","Havoc"],"campfire_rested":2,"item_purchase_floors":[2,2],"current_hp_per_floor":[68,68,68,50,50,50,23,43,43,30,50,13],"gold":178,"neow_bonus":"TWO_FIFTY_GOLD","is_prod":false,"is_daily":false,"chose_seed":false,"campfire_upgraded":1,"win_rate":0,"timestamp":1550730433,"path_taken":["M","$","M","M","M","R","E","R","T","E","R","E"],"build_version":"2019-01-23","purchased_purges":0,"victory":false,"max_hp_per_floor":[68,68,68,68,68,68,68,68,68,68,68,68],"card_choices":[{"not_picked":["Seeing Red","Perfected Strike"],"picked":"Clothesline","floor":1},{"not_picked":["Rage","Flex"],"picked":"Heavy Blade+1","floor":3},{"not_picked":["Evolve","True Grit"],"picked":"Battle Trance","floor":4},{"not_picked":["Fire Breathing","Body Slam+1"],"picked":"Iron Wave+1","floor":5},{"not_picked":["Armaments","Inflame"],"picked":"Cleave+1","floor":7},{"not_picked":["Twin Strike+1","Anger+1"],"picked":"Bloodletting","floor":10}],"player_experience":316061,"relics_obtained":[{"floor":7,"key":"Bag of Preparation"},{"floor":9,"key":"Art of War"},{"floor":10,"key":"Bronze Scales"}],"event_choices":[],"is_beta":false,"boss_relics":[],"items_purged_floors":[],"is_endless":false,"potions_floor_spawned":[1],"killed_by":"Lagavulin","ascension_level":19}