{"gold_per_floor":[115,135,135,155,174,174,209,224,249,100,123,161,185,204,204,327,327,327,242,197,197,197,197,197,197,197,197,197,197,197,197,197,197,197,197,197,197,197,197,197,197,197,197,197,197,197,197,197,197,197],"floor_reached":50,"playtime":2013,"items_purged":[],"score":553,"play_id":"66c9e4c0-2094-4999-9930-19b0714b4cb6","local_time":"20190211114645","is_ascension_mode":false,"campfire_choices":[{"data":"Demon Form","floor":6.0,"key":"SMITH"},{"floor":15,"key":"REST"},{"floor":23,"key":"REST"},{"floor":25,"key":"REST"},{"floor":27,"key":"REST"},{"floor":32,"key":"REST"},{"floor":41,"key":"REST"},{"floor":44,"key":"REST"},{"floor":47,"key":"REST"},{"floor":49,"key":"RECALL"}],"neow_cost":"NONE","seed_source_timestamp":0,"circlet_count":0,"master_deck":["Strike_R","Strike_R","Strike_R","Strike_R","Strike_R","Defend_R","Defend_R","Defend_R+1","Defend_R+1","Bash","Thunderclap","Iron Wave","Demon Form+1","Shockwave","Thunderclap","Demon Form","Twin Strike","Infernal Blade","Heavy Blade+1","Limit Break","Pommel Strike+1","Infernal Blade+1","Regret","Iron Wave+1","Writhe","Sword Boomerang+1"],"special_seed":0,"relics":["Burning Blood","NeowsBlessing","Golden Idol","Red Skull","Pen Nib","Blood Vial","Ectoplasm","Tiny Chest","Molten Egg 2","Potion Belt","War Paint","Oddly Smooth Stone","Bottled Flame","Cursed Key","Meat on the Bone","Mummified Hand","Orichalcum"],"potions_floor_usage":[12,28,33,35,37,39,40,50],"damage_taken":[{"damage":0.0,"enemies":"Cultist","floor":1.0,"turns":1.0},{"damage":0.0,"enemies":"Small Slimes","floor":2.0,"turns":1.0},{"damage":0.0,"enemies":"Jaw Worm","floor":4.0,"turns":1.0},{"damage":6.0,"enemies":"Blue Slaver","floor":5.0,"turns":5.0},{"damage":10.0,"enemies":"Gremlin Nob","floor":7.0,"turns":4.0},{"damage":15.0,"enemies":"Exordium Wildlife","floor":8.0,"turns":3.0},{"damage":12.0,"enemies":"Exordium Thugs","floor":11.0,"turns":4.0},{"damage":31,"enemies":"Lagavulin","floor":12,"turns":6},{"damage":19,"enemies":"Red Slaver","floor":13,"turns":3},{"damage":5,"enemies":"Looter","floor":14,"turns":2},{"damage":26,"enemies":"Slime Boss","floor":16,"turns":5},{"damage":7,"enemies":"Chosen","floor":18,"turns":4},{"damage":30,"enemies":"2 Thieves","floor":20,"turns":4},{"damage":33,"enemies":"Snake Plant","floor":21,"turns":4},{"damage":55,"enemies":"Book of Stabbing","floor":24,"turns":5},{"damage":58,"enemies":"Gremlin Leader","floor":28,"turns":7},{"damage":3,"enemies":"Centurion and Healer","floor":29,"turns":3},{"damage":30,"enemies":"Automaton","floor":33,"turns":6},{"damage":13,"enemies":"Orb Walker","floor":35,"turns":4},{"damage":37,"enemies":"3 Darklings","floor":36,"turns":6},{"damage":21,"enemies":"Spire Growth","floor":37,"turns":5},{"damage":8,"enemies":"Jaw Worm Horde","floor":39,"turns":3},{"damage":32,"enemies":"Nemesis","floor":40,"turns":7},{"damage":23,"enemies":"Maw","floor":42,"turns":6},{"damage":34,"enemies":"4 Shapes","floor":45,"turns":4},{"damage":37,"enemies":"3 Darklings","floor":46,"turns":6},{"damage":68,"enemies":"Donu and Deca","floor":50,"turns":4}],"seed_played":"-8143632041873208776","potions_obtained":[{"floor":5.0,"key":"Fruit Juice"},{"floor":7.0,"key":"Strength Potion"},{"floor":8.0,"key":"BloodPotion"},{"floor":12,"key":"Energy Potion"},{"floor":14,"key":"BloodPotion"},{"floor":24,"key":"Ancient Potion"},{"floor":28,"key":"Ancient Potion"},{"floor":33,"key":"Block Potion"},{"floor":35,"key":"SkillPotion"},{"floor":37,"key":"Block Potion"},{"floor":39,"key":"Ancient Potion"}],"is_trial":false,"path_per_floor":["M","M","?","M","M","R","E","M","T","$","M","E","M","M","R","B",null,"M","?","M","M","T","R","E","R","T","R","E","M","T","$","R","B",null,"M","M","M","T","M","E","R","M","T","R","M","M","R","?","R","B"],"character_chosen":"IRONCLAD","items_purchased":["Pen Nib"],"campfire_rested":8,"item_purchase_floors":[10],"current_hp_per_floor":[80,80,80,80,85,85,81,72,72,72,66,49,38,41,66,48,85,84,84,61,36,36,61,14,39,39,64,22,27,27,27,52,30,85,78,49,36,36,48,36,61,58,58,83,57,40,65,65,65,0],"gold":197,"neow_bonus":"THREE_ENEMY_KILL","is_prod":false,"is_daily":false,"chose_seed":false,"campfire_upgraded":1,"win_rate":0,"timestamp":1549882005,"path_taken":["M","?","?","M","M","R","E","M","T","?","M","E","M","M","R","BOSS","M","?","M","M","?","R","E","R","T","R","E","M","?","$","R","BOSS","M","M","M","?","M","E","R","M","T","R","M","?","R","?","R","BOSS"],"build_version":"2019-02-06","purchased_purges":0,"victory":false,"max_hp_per_floor":[80,80,80,80,85,85,85,85,85,85,85,85,85,85,85,85,85,85,85,85,85,85,85,85,85,85,85,85,85,85,85,85,85,85,85,85,85,85,85,85,85,85,85,85,85,85,85,85,85,85],"card_choices":[{"not_picked":["Sword Boomerang","Body Slam"],"picked":"Thunderclap","floor":1.0},{"not_picked":["Shrug It Off","Havoc"],"picked":"Iron Wave","floor":2.0},{"not_picked":["Hemokinesis","Body Slam"],"picked":"Demon Form","floor":4.0},{"not_picked":["Perfected Strike","Evolve","True Grit"],"picked":"SKIP","floor":5.0},{"not_picked":["Searing Blow","Clothesline"],"picked":"Shockwave","floor":7.0},{"not_picked":["Headbutt","Flex"],"picked":"Thunderclap","floor":8.0},{"not_picked":["Dark Embrace","Power Through","Reckless Charge"],"picked":"SKIP","floor":11.0},{"not_picked":["Cleave","Second Wind","Combust"],"picked":"SKIP","floor":12},{"not_picked":["Thunderclap","Havoc","Flex"],"picked":"SKIP","floor":13},{"not_picked":["Dropkick","Perfected Strike","Heavy Blade"],"picked":"SKIP","floor":14},{"not_picked":["Offering","Berserk"],"picked":"Demon Form","floor":16},{"not_picked":["Headbutt","Burning Pact+1"],"picked":"Twin Strike","floor":18},{"not_picked":["Shrug It Off+1","Body Slam","Thunderclap"],"picked":"SKIP","floor":20},{"not_picked":["Cleave","Anger"],"picked":"Infernal Blade","floor":21},{"not_picked":["Warcry","Flame Barrier","Thunderclap+1"],"picked":"SKIP","floor":24},{"not_picked":["Havoc","Juggernaut"],"picked":"Heavy Blade+1","floor":28},{"not_picked":["Hemokinesis+1","Shockwave","Body Slam+1"],"picked":"SKIP","floor":29},{"not_picked":["Bludgeon+1","Immolate+1"],"picked":"Limit Break","floor":33},{"not_picked":["Clothesline+1","Rampage+1","Flex"],"picked":"SKIP","floor":35},{"not_picked":["Disarm","Second Wind"],"picked":"Pommel Strike+1","floor":36},{"not_picked":["Rampage+1","Uppercut+1"],"picked":"Infernal Blade+1","floor":37},{"not_picked":["Second Wind+1","Pommel Strike+1","Evolve"],"picked":"SKIP","floor":39},{"not_picked":["Juggernaut","Body Slam+1","Searing Blow+1"],"picked":"SKIP","floor":40},{"not_picked":["Disarm+1","Ghostly Armor"],"picked":"Iron Wave+1","floor":42},{"not_picked":["Perfected Strike+1","Havoc","Spot Weakness+1"],"picked":"SKIP","floor":45},{"not_picked":["Cleave+1","Disarm+1"],"picked":"Sword Boomerang+1","floor":46}],"player_experience":197701,"relics_obtained":[{"floor":7.0,"key":"Red Skull"},{"floor":12,"key":"Blood Vial"},{"floor":22,"key":"Molten Egg 2"},{"floor":24,"key":"Potion Belt"},{"floor":26,"key":"War Paint"},{"floor":28,"key":"Oddly Smooth Stone"},{"floor":30,"key":"Bottled Flame"},{"floor":38,"key":"Meat on the Bone"},{"floor":40,"key":"Mummified Hand"},{"floor":43,"key":"Orichalcum"}],"event_choices":[{"damage_healed":0.0,"max_hp_gain":0.0,"max_hp_loss":0.0,"gold_gain":0.0,"event_name":"Golden Idol","player_choice":"Take Wound","floor":3.0,"gold_loss":0.0,"damage_taken":0.0,"relics_obtained":["Golden Idol"],"cards_obtained":["Injury"]},{"damage_healed":0,"gold_gain":0,"player_choice":"Obtained Relic","damage_taken":0,"relics_obtained":["Tiny Chest"],"max_hp_gain":0,"max_hp_loss":0,"event_name":"Addict","floor":19,"gold_loss":85},{"cards_removed":["Injury"],"damage_healed":0,"gold_gain":0,"player_choice":"Purged","damage_taken":0,"max_hp_gain":0,"max_hp_loss":0,"event_name":"Purifier","floor":48,"gold_loss":0}],"is_beta":true,"boss_relics":[{"not_picked":["Astrolabe","Philosopher\u0027s Stone"],"picked":"Ectoplasm"},{"not_picked":["Coffee Dripper","Black Star"],"picked":"Cursed Key"}],"items_purged_floors":[],"is_endless":false,"potions_floor_spawned":[5,7,8,12,14,24,28,33,35,37,39],"killed_by":"Donu and Deca","ascension_level":0}