{"gold_per_floor":[116,126,141,158,168,168,97,127,152,152,152,180,194,194,194,272,272,285,285,63,9,27,27,56,56,132,132,146,165,165,178,178,178],"floor_reached":33,"playtime":1403,"items_purged":[],"score":554,"play_id":"fcaa8c7f-0b28-43cf-8648-5f5317c7393f","local_time":"20190218141135","is_ascension_mode":true,"campfire_choices":[{"data":"Beam Cell","floor":6,"key":"SMITH"},{"floor":11,"key":"REST"},{"data":"Dualcast","floor":15,"key":"SMITH"},{"floor":23,"key":"REST"},{"data":"Hologram","floor":25,"key":"SMITH"},{"data":"Seek","floor":27,"key":"SMITH"},{"data":"Ghostly","floor":32,"key":"SMITH"}],"neow_cost":"NONE","seed_source_timestamp":361634858400007,"circlet_count":0,"master_deck":["AscendersBane","Strike_B+1","Strike_B","Strike_B+1","Strike_B","Defend_B","Defend_B","Defend_B","Defend_B","Zap+1","Dualcast+1","Ball Lightning","Hologram+1","Auto Shields","Beam Cell+1","Ball Lightning","All For One","Static Discharge","Seek+1","Glacier","Gash","Coolheaded","Gash","Ghostly+1","Ghostly","Ghostly"],"relics":["Cracked Core","NeowsBlessing","Ornamental Fan","Lantern","PreservedInsect","Eternal Feather","Toy Ornithopter","Whetstone","Matryoshka"],"potions_floor_usage":[8,16,22,24,29,33,33],"damage_taken":[{"damage":0,"enemies":"Jaw Worm","floor":1,"turns":1},{"damage":0,"enemies":"Small Slimes","floor":2,"turns":1},{"damage":0,"enemies":"2 Louse","floor":3,"turns":1},{"damage":17,"enemies":"Exordium Thugs","floor":4,"turns":5},{"damage":10,"enemies":"Exordium Wildlife","floor":5,"turns":4},{"damage":8,"enemies":"Gremlin Nob","floor":8,"turns":3},{"damage":27,"enemies":"Lagavulin","floor":12,"turns":5},{"damage":0,"enemies":"2 Fungi Beasts","floor":13,"turns":2},{"damage":18,"enemies":"Slime Boss","floor":16,"turns":7},{"damage":34,"enemies":"2 Thieves","floor":18,"turns":5},{"damage":14,"enemies":"3 Byrds","floor":22,"turns":3},{"damage":29,"enemies":"Book of Stabbing","floor":24,"turns":4},{"damage":26,"enemies":"Snecko","floor":28,"turns":5},{"damage":0,"enemies":"Chosen and Byrds","floor":29,"turns":3},{"damage":10,"enemies":"Snake Plant","floor":31,"turns":4},{"damage":55,"enemies":"Collector","floor":33,"turns":9}],"seed_played":"1950925156778977910","potions_obtained":[{"floor":3,"key":"SkillPotion"},{"floor":5,"key":"Swift Potion"},{"floor":8,"key":"GamblersBrew"},{"floor":19,"key":"AttackPotion"},{"floor":22,"key":"Swift Potion"},{"floor":24,"key":"Swift Potion"},{"floor":29,"key":"Energy Potion"}],"is_trial":false,"path_per_floor":["M","M","M","M","M","R","?","E","T","?","R","E","M","?","R","B",null,"M","?","$","$","M","R","E","R","T","R","M","M","?","M","R","B"],"character_chosen":"DEFECT","items_purchased":["Toy Ornithopter","Gash"],"campfire_rested":2,"item_purchase_floors":[20,21],"current_hp_per_floor":[64,64,64,47,37,37,37,29,29,29,50,23,23,23,23,5,55,21,21,21,21,12,45,21,33,33,45,19,24,24,14,29,0],"gold":178,"neow_bonus":"THREE_ENEMY_KILL","is_prod":false,"is_daily":false,"chose_seed":false,"campfire_upgraded":5,"win_rate":0,"timestamp":1550517095,"path_taken":["M","M","M","M","M","R","?","E","T","?","R","E","M","?","R","BOSS","M","?","?","$","M","R","E","R","T","R","M","?","?","M","R","BOSS"],"build_version":"2019-01-23","purchased_purges":0,"victory":false,"max_hp_per_floor":[71,71,71,71,71,71,71,71,71,71,71,71,71,71,71,71,71,71,71,71,71,71,71,71,71,71,71,71,71,35,35,35,35],"card_choices":[{"not_picked":["Gash","Barrage"],"picked":"Ball Lightning","floor":1},{"not_picked":["Steam Power","Double Energy"],"picked":"Hologram","floor":2},{"not_picked":["Blizzard","Hologram"],"picked":"Auto Shields","floor":3},{"not_picked":["Barrage","Streamline","Auto Shields"],"picked":"SKIP","floor":4},{"not_picked":["Conserve Battery","Go for the Eyes"],"picked":"Beam Cell","floor":5},{"not_picked":["Beam Cell","Fission"],"picked":"Ball Lightning","floor":8},{"not_picked":["Chaos","Auto Shields"],"picked":"All For One","floor":12},{"not_picked":["Leap","Redo"],"picked":"Static Discharge","floor":13},{"not_picked":["Core Surge","Machine Learning"],"picked":"Seek","floor":16},{"not_picked":["Storm","Conserve Battery+1"],"picked":"Glacier","floor":18},{"not_picked":["Coolheaded","Hello World","Reprogram"],"picked":"SKIP","floor":22},{"not_picked":["Beam Cell","Barrage"],"picked":"Coolheaded","floor":24},{"not_picked":["Ball Lightning","Cold Snap","Beam Cell"],"picked":"SKIP","floor":28},{"not_picked":["Skim","Scrape"],"picked":"Gash","floor":29},{"not_picked":["Compile Driver","Static Discharge","Leap"],"picked":"SKIP","floor":31}],"player_experience":849574,"relics_obtained":[{"floor":8,"key":"Ornamental Fan"},{"floor":9,"key":"Lantern"},{"floor":12,"key":"PreservedInsect"},{"floor":24,"key":"Whetstone"},{"floor":26,"key":"Matryoshka"}],"event_choices":[{"damage_healed":0,"gold_gain":0,"player_choice":"Left Gold","damage_taken":0,"max_hp_gain":0,"max_hp_loss":0,"event_name":"World of Goop","floor":7,"gold_loss":71},{"damage_healed":0,"gold_gain":0,"player_choice":"Ignored","damage_taken":0,"max_hp_gain":0,"max_hp_loss":0,"event_name":"Liars Game","floor":10,"gold_loss":0},{"damage_healed":0,"gold_gain":0,"player_choice":"Grow","damage_taken":0,"max_hp_gain":0,"max_hp_loss":0,"event_name":"Living Wall","floor":14,"gold_loss":0,"cards_upgraded":["Zap"]},{"damage_healed":0,"gold_gain":0,"player_choice":"Got Potions","damage_taken":0,"max_hp_gain":0,"max_hp_loss":0,"event_name":"Lab","floor":19,"gold_loss":0},{"damage_healed":0,"gold_gain":0,"player_choice":"Became a Ghost","damage_taken":0,"max_hp_gain":0,"max_hp_loss":36,"event_name":"Ghosts","floor":30,"gold_loss":0,"cards_obtained":["Ghostly","Ghostly","Ghostly"]}],"is_beta":false,"boss_relics":[{"not_picked":["Lizard Tail","Calling Bell"],"picked":"Eternal Feather"}],"items_purged_floors":[],"is_endless":false,"potions_floor_spawned":[3,5,8,13,22,24,29],"killed_by":"Collector","ascension_level":20}