{"gold_per_floor":[115,115,132,6,81,81,108,108,132,152,177,6,6,22,22,97,97,108,121,121,121,140,140,153,180,180,205,205,234,234,253,253,330,330,342,362,377,18,33,33,62,62,62,79,111,111,111,131,131,131],"floor_reached":51,"playtime":2792,"items_purged":["Strike_R","Strike_R"],"score":1659,"play_id":"b3459c9e-f1a3-4fc2-b44c-db81b9392aa1","local_time":"20181022215343","is_ascension_mode":true,"campfire_choices":[{"data":"Pommel Strike","floor":6,"key":"SMITH"},{"data":"Combust","floor":8,"key":"SMITH"},{"data":"Havoc","floor":13,"key":"SMITH"},{"data":"Inflame","floor":15,"key":"SMITH"},{"data":"Limit Break","floor":23,"key":"SMITH"},{"data":"Pommel Strike","floor":28,"key":"SMITH"},{"floor":32,"key":"REST"},{"data":"Evolve","floor":40,"key":"SMITH"},{"data":"Burning Pact","floor":42,"key":"SMITH"},{"data":"Shockwave","floor":46,"key":"SMITH"},{"data":"Shrug It Off","floor":49,"key":"SMITH"}],"neow_cost":"NONE","seed_source_timestamp":433401287064327,"circlet_count":0,"master_deck":["Strike_R","Strike_R","Strike_R","Defend_R","Defend_R","Defend_R","Defend_R","Bash+1","AscendersBane","Infernal Blade","Pommel Strike+1","Battle Trance","Feel No Pain","Combust+1","Second Wind","Inflame+1","Havoc+1","Evolve+1","Limit Break+1","Intimidate","Ghostly","Ghostly","Ghostly","Ghostly","Ghostly","Wild Strike","Pommel Strike+1","Shrug It Off+1","Exhume","Sword Boomerang","Spot Weakness","Burning Pact+1","Shockwave+1","Shrug It Off"],"relics":["Burning Blood","NeowsBlessing","Thread and Needle","Juzu Bracelet","Regal Pillow","Busted Crown","PreservedInsect","Dodecahedron","Charon\u0027s Ashes","Self Forming Clay","Mark of Pain","Anchor","Art of War","Mercury Hourglass","WingedGreaves"],"potions_floor_usage":[19,24,24,25,31,41,50],"damage_taken":[{"damage":0,"enemies":"Cultist","floor":1,"turns":1},{"damage":0,"enemies":"2 Louse","floor":3,"turns":1},{"damage":0,"enemies":"Gremlin Nob","floor":7,"turns":1},{"damage":8,"enemies":"Jaw Worm","floor":10,"turns":3},{"damage":17,"enemies":"3 Sentries","floor":11,"turns":4},{"damage":0,"enemies":"Exordium Wildlife","floor":14,"turns":4},{"damage":19,"enemies":"Slime Boss","floor":16,"turns":8},{"damage":0,"enemies":"Chosen","floor":18,"turns":6},{"damage":2,"enemies":"Spheric Guardian","floor":19,"turns":3},{"damage":23,"enemies":"Snecko","floor":22,"turns":6},{"damage":5,"enemies":"Centurion and Healer","floor":24,"turns":6},{"damage":21,"enemies":"Book of Stabbing","floor":25,"turns":6},{"damage":3,"enemies":"Slavers","floor":27,"turns":6},{"damage":2,"enemies":"Gremlin Leader","floor":29,"turns":5},{"damage":19,"enemies":"Shelled Parasite and Fungi","floor":31,"turns":5},{"damage":36,"enemies":"Collector","floor":33,"turns":9},{"damage":4,"enemies":"3 Darklings","floor":35,"turns":5},{"damage":0,"enemies":"3 Shapes","floor":36,"turns":4},{"damage":3,"enemies":"Sphere and 2 Shapes","floor":37,"turns":4},{"damage":0,"enemies":"3 Darklings","floor":39,"turns":6},{"damage":0,"enemies":"Nemesis","floor":41,"turns":5},{"damage":0,"enemies":"Jaw Worm Horde","floor":44,"turns":5},{"damage":0,"enemies":"Giant Head","floor":45,"turns":6},{"damage":3,"enemies":"Writhing Mass","floor":48,"turns":5},{"damage":26,"enemies":"Time Eater","floor":50,"turns":9}],"seed_played":"-3201867955152996955","potions_obtained":[{"floor":1,"key":"Fire Potion"},{"floor":3,"key":"SteroidPotion"},{"floor":16,"key":"EntropicBrew"},{"floor":24,"key":"FairyPotion"},{"floor":25,"key":"Block Potion"},{"floor":27,"key":"Weak Potion"},{"floor":33,"key":"Regen Potion"},{"floor":36,"key":"Swift Potion"},{"floor":45,"key":"EssenceOfSteel"}],"is_trial":false,"path_per_floor":["M","?","M","$","?","R","E","R","T","M","E","$","R","M","R","B",null,"M","M","?","?","M","R","M","E","T","E","R","E","?","M","R","B",null,"M","M","M","$","M","R","E","R","T","M","E","R","?","M","R","B"],"character_chosen":"IRONCLAD","items_purchased":["Battle Trance","Feel No Pain","Inflame","Havoc","Burning Pact","Anchor"],"campfire_rested":1,"item_purchase_floors":[4,4,12,12,38,38],"current_hp_per_floor":[74,74,75,75,64,64,70,70,70,68,57,57,57,63,63,50,69,75,75,54,40,23,23,24,24,24,27,27,31,31,18,40,10,33,35,40,40,40,40,40,40,40,40,40,40,40,40,40,40,20],"gold":131,"neow_bonus":"THREE_ENEMY_KILL","is_prod":false,"is_daily":false,"chose_seed":false,"campfire_upgraded":10,"win_rate":0,"timestamp":1540259623,"path_taken":["M","?","M","?","?","R","E","R","T","M","E","$","R","M","R","BOSS","M","M","?","?","M","R","M","E","T","E","R","E","?","M","R","BOSS","M","M","M","$","M","R","E","R","T","M","E","R","?","M","R","BOSS"],"build_version":"2018-10-18","purchased_purges":2,"victory":true,"max_hp_per_floor":[75,75,75,75,75,75,75,75,75,75,75,75,75,75,75,75,75,75,75,80,40,40,40,40,40,40,40,40,40,40,40,40,40,40,40,40,40,40,40,40,40,40,40,40,40,40,40,40,40,40],"card_choices":[{"not_picked":["Burning Pact","Clash"],"picked":"Infernal Blade","floor":1},{"not_picked":["Thunderclap","Twin Strike"],"picked":"Pommel Strike","floor":3},{"not_picked":["Shrug It Off","Warcry"],"picked":"Combust","floor":7},{"not_picked":["Anger","Flex","Sword Boomerang"],"picked":"SKIP","floor":10},{"not_picked":["Entrench","Anger"],"picked":"Second Wind","floor":11},{"not_picked":["Hemokinesis","Flex"],"picked":"Evolve","floor":14},{"not_picked":["Exhume","Fiend Fire"],"picked":"Limit Break","floor":16},{"not_picked":[],"picked":"Intimidate","floor":18},{"not_picked":["Feel No Pain"],"picked":"SKIP","floor":19},{"not_picked":[],"picked":"Wild Strike","floor":22},{"not_picked":[],"picked":"Pommel Strike","floor":24},{"not_picked":["Combust+1"],"picked":"SKIP","floor":25},{"not_picked":["Twin Strike"],"picked":"SKIP","floor":27},{"not_picked":["Feel No Pain+1"],"picked":"SKIP","floor":29},{"not_picked":[],"picked":"Shrug It Off","floor":31},{"not_picked":[],"picked":"Exhume","floor":33},{"not_picked":["Sword Boomerang"],"picked":"SKIP","floor":35},{"not_picked":[],"picked":"Sword Boomerang","floor":35},{"not_picked":["Twin Strike"],"picked":"SKIP","floor":36},{"not_picked":[],"picked":"Spot Weakness","floor":37},{"not_picked":["Twin Strike"],"picked":"SKIP","floor":39},{"not_picked":["Hemokinesis+1"],"picked":"SKIP","floor":41},{"not_picked":[],"picked":"Shockwave","floor":44},{"not_picked":["Rampage+1"],"picked":"SKIP","floor":45},{"not_picked":["Shrug It Off"],"picked":"SKIP","floor":48},{"not_picked":[],"picked":"Shrug It Off","floor":48}],"player_experience":598245,"relics_obtained":[{"floor":7,"key":"Thread and Needle"},{"floor":9,"key":"Juzu Bracelet"},{"floor":11,"key":"Regal Pillow"},{"floor":25,"key":"PreservedInsect"},{"floor":26,"key":"Dodecahedron"},{"floor":27,"key":"Charon\u0027s Ashes"},{"floor":29,"key":"Self Forming Clay"},{"floor":41,"key":"Art of War"},{"floor":43,"key":"Mercury Hourglass"},{"floor":45,"key":"WingedGreaves"}],"event_choices":[{"damage_healed":0,"gold_gain":0,"player_choice":"Grow","damage_taken":0,"max_hp_gain":0,"max_hp_loss":0,"event_name":"Living Wall","floor":2,"gold_loss":0,"cards_upgraded":["Bash"]},{"damage_healed":0,"gold_gain":75,"player_choice":"Gather Gold","damage_taken":11,"max_hp_gain":0,"max_hp_loss":0,"event_name":"World of Goop","floor":5,"gold_loss":0},{"damage_healed":0,"gold_gain":0,"player_choice":"Shed Blood","damage_taken":26,"max_hp_gain":5,"max_hp_loss":0,"event_name":"Forgotten Altar","floor":20,"gold_loss":0},{"damage_healed":0,"gold_gain":0,"player_choice":"Became a Ghost","damage_taken":0,"max_hp_gain":0,"max_hp_loss":40,"event_name":"Ghosts","floor":21,"gold_loss":0,"cards_obtained":["Ghostly","Ghostly","Ghostly","Ghostly","Ghostly"]},{"damage_healed":0,"gold_gain":0,"player_choice":"Ignored","damage_taken":0,"max_hp_gain":0,"max_hp_loss":0,"event_name":"The Mausoleum","floor":30,"gold_loss":0},{"damage_healed":0,"gold_gain":0,"player_choice":"Memory 1","damage_taken":0,"max_hp_gain":0,"max_hp_loss":0,"event_name":"SensoryStone","floor":47,"gold_loss":0}],"is_beta":false,"boss_relics":[{"not_picked":["Runic Cube","Calling Bell"],"picked":"Busted Crown"},{"not_picked":["Sozu","Runic Dome"],"picked":"Mark of Pain"}],"items_purged_floors":[12,38],"is_endless":false,"potions_floor_spawned":[1,3,11,16,24,25,27,29,33,36,37,45],"ascension_level":19}