{"gold_per_floor":[213,7,7,7,45,45,83,117,143,178,20,69,147,147],"floor_reached":14,"playtime":455,"items_purged":[],"score":196,"play_id":"50a5657d-0ca7-45f6-858c-31df1075ae01","local_time":"20190216090557","is_ascension_mode":true,"campfire_choices":[{"data":"HandOfGreed","floor":6,"key":"SMITH"}],"neow_cost":"NONE","seed_source_timestamp":171444402378037,"circlet_count":0,"master_deck":["AscendersBane","Strike_B","Strike_B","Strike_B","Strike_B","Defend_B","Defend_B","Defend_B","Defend_B","Zap","Dualcast","Darkness","HandOfGreed+1","Ball Lightning","Defragment","Conserve Battery","Glacier","Capacitor","BootSequence","White Noise"],"relics":["Cracked Core","Golden Idol","Potion Belt","Anchor","Du-Vu Doll"],"potions_floor_usage":[8,13],"damage_taken":[{"damage":8,"enemies":"2 Louse","floor":1,"turns":3},{"damage":4,"enemies":"Small Slimes","floor":5,"turns":3},{"damage":4,"enemies":"Jaw Worm","floor":7,"turns":5},{"damage":8,"enemies":"Gremlin Nob","floor":8,"turns":3},{"damage":18,"enemies":"Lagavulin","floor":10,"turns":7},{"damage":0,"enemies":"Exordium Wildlife","floor":12,"turns":3},{"damage":14,"enemies":"Gremlin Nob","floor":13,"turns":3},{"damage":17,"enemies":"Gremlin Nob","floor":14,"turns":3}],"seed_played":"2863549725100241557","potions_obtained":[{"floor":1,"key":"Fire Potion"},{"floor":8,"key":"FearPotion"},{"floor":13,"key":"GamblersBrew"}],"is_trial":false,"path_per_floor":["M","$","?","?","M","R","M","E","T","E","$","M","?","E"],"character_chosen":"DEFECT","items_purchased":["HandOfGreed","Capacitor","BootSequence"],"campfire_rested":0,"item_purchase_floors":[2,11,11],"current_hp_per_floor":[56,56,61,61,57,57,53,45,45,27,27,27,13,0],"gold":147,"neow_bonus":"HUNDRED_GOLD","is_prod":false,"is_daily":false,"chose_seed":false,"campfire_upgraded":1,"win_rate":0,"timestamp":1550325957,"path_taken":["M","$","?","?","M","R","M","E","T","E","?","?","?","E"],"build_version":"2019-01-23","purchased_purges":0,"victory":false,"max_hp_per_floor":[71,71,76,69,69,69,69,69,69,69,69,69,69,69],"card_choices":[{"not_picked":["Storm","Coolheaded"],"picked":"Darkness","floor":1},{"not_picked":["Chill","Consume"],"picked":"Ball Lightning","floor":5},{"not_picked":["Doom and Gloom","Streamline"],"picked":"Defragment","floor":7},{"not_picked":["Ball Lightning","Turbo"],"picked":"Conserve Battery","floor":8},{"not_picked":["Buffer","Coolheaded"],"picked":"Glacier","floor":10},{"not_picked":["Rebound","Stack","Redo"],"picked":"SKIP","floor":12},{"not_picked":["Streamline","Stack"],"picked":"White Noise","floor":13}],"player_experience":833826,"relics_obtained":[{"floor":8,"key":"Potion Belt"},{"floor":10,"key":"Anchor"},{"floor":13,"key":"Du-Vu Doll"}],"event_choices":[{"damage_healed":0,"gold_gain":0,"player_choice":"Donut","damage_taken":0,"max_hp_gain":5,"max_hp_loss":0,"event_name":"Big Fish","floor":3,"gold_loss":0},{"damage_healed":0,"gold_gain":0,"player_choice":"Lose Max HP","damage_taken":0,"relics_obtained":["Golden Idol"],"max_hp_gain":0,"max_hp_loss":7,"event_name":"Golden Idol","floor":4,"gold_loss":0},{"damage_healed":0,"gold_gain":0,"player_choice":"Searched \u00271\u0027 times","damage_taken":0,"max_hp_gain":0,"max_hp_loss":0,"event_name":"Dead Adventurer","floor":13,"gold_loss":0}],"is_beta":false,"boss_relics":[],"items_purged_floors":[],"is_endless":false,"potions_floor_spawned":[1,8,13],"killed_by":"Gremlin Nob","ascension_level":20}