{"gold_per_floor":[119,135,153,153,103,103,128,128,128,128,145,164,191,291,291,394,394,410,424,455,455,20,20,32,32,101,101,117,117,134,134,134,134],"floor_reached":33,"playtime":3749,"items_purged":["Strike_G"],"score":280,"play_id":"2ac32004-2d67-4744-be9e-c817b9c18a0d","local_time":"20181118001943","is_ascension_mode":false,"campfire_choices":[{"data":"Sucker Punch","floor":6.0,"key":"SMITH"},{"data":"Finisher","floor":8.0,"key":"SMITH"},{"floor":10.0,"key":"REST"},{"data":"Envenom","floor":15.0,"key":"SMITH"},{"data":"Tools of the Trade","floor":23.0,"key":"SMITH"},{"data":"Underhanded Strike","floor":27.0,"key":"SMITH"},{"data":"Outmaneuver","floor":29.0,"key":"SMITH"},{"data":"Flechettes","floor":32.0,"key":"SMITH"}],"neow_cost":"NONE","seed_source_timestamp":49380241441406,"circlet_count":0,"master_deck":["Defend_G","Defend_G","Defend_G","Defend_G","Defend_G","Strike_G+1","Strike_G","Strike_G","Survivor","Neutralize+1","Finisher+1","Sucker Punch+1","Outmaneuver+1","Escape Plan+1","Expertise+1","Malaise+1","Envenom+1","Tools of the Trade+1","PiercingWail+1","Underhanded Strike+1","Flechettes+1","Bane+1","Shame","Acrobatics+1","Acrobatics+1","Ghostly+1","Ghostly+1","Ghostly+1","Ghostly+1","Ghostly+1"],"special_seed":0,"relics":["Ring of the Snake","Anchor","Toxic Egg 2","Gremlin Horn","Mummified Hand","Sozu","Red Mask","Bottled Lightning","Sling","Vajra","Frozen Egg 2","Paper Crane"],"potions_floor_usage":[33],"damage_taken":[{"damage":0.0,"enemies":"2 Louse","floor":1.0,"turns":3.0},{"damage":0.0,"enemies":"Small Slimes","floor":2.0,"turns":3.0},{"damage":0.0,"enemies":"Cultist","floor":3.0,"turns":4.0},{"damage":24.0,"enemies":"Gremlin Nob","floor":7.0,"turns":5.0},{"damage":11.0,"enemies":"Exordium Thugs","floor":11.0,"turns":6.0},{"damage":0.0,"enemies":"3 Louse","floor":12.0,"turns":2.0},{"damage":9.0,"enemies":"Lagavulin","floor":13.0,"turns":10.0},{"damage":13.0,"enemies":"Hexaghost","floor":16.0,"turns":12.0},{"damage":3.0,"enemies":"Shell Parasite","floor":18.0,"turns":5.0},{"damage":11.0,"enemies":"Spheric Guardian","floor":19.0,"turns":6.0},{"damage":8.0,"enemies":"Masked Bandits","floor":20.0,"turns":6.0},{"damage":0.0,"enemies":"Chosen and Byrds","floor":24.0,"turns":6.0},{"damage":3.0,"enemies":"Snecko","floor":28.0,"turns":6.0},{"damage":4.0,"enemies":"Shelled Parasite and Fungi","floor":30.0,"turns":4.0},{"damage":43,"enemies":"Collector","floor":33,"turns":6}],"seed_played":"-389365133662870345","potions_obtained":[{"floor":1.0,"key":"SpeedPotion"},{"floor":2.0,"key":"Poison Potion"},{"floor":11.0,"key":"SkillPotion"},{"floor":12.0,"key":"GhostInAJar"}],"is_trial":false,"path_per_floor":["M","M","M","?","?","R","E","R","T","R","M","M","E","?","R","B",null,"M","M","?","T","$","R","M","?","T","R","M","R","M","?","R","B"],"character_chosen":"THE_SILENT","items_purchased":["Sling","Vajra"],"campfire_rested":1,"item_purchase_floors":[22,22],"current_hp_per_floor":[70,70,70,56,56,56,32,32,32,53,42,42,33,33,33,20,70,67,56,48,48,48,48,48,48,48,48,45,45,41,35,35,0],"gold":134,"neow_bonus":"RANDOM_COMMON_RELIC","is_prod":false,"is_daily":false,"chose_seed":false,"campfire_upgraded":7,"win_rate":0.0,"timestamp":1542467983,"path_taken":["M","M","M","?","?","R","E","R","T","R","M","M","E","?","R","BOSS","M","M","?","?","$","R","M","?","T","R","M","R","?","?","R","BOSS"],"build_version":"2018-11-15","purchased_purges":1,"victory":false,"max_hp_per_floor":[70,70,70,70,70,70,70,70,70,70,70,70,70,70,70,70,70,70,70,70,70,70,70,70,70,70,70,70,70,70,35,35,35],"card_choices":[{"not_picked":["Dagger Throw","Heel Hook"],"picked":"Finisher","floor":1.0},{"not_picked":["Expertise","Prepared"],"picked":"Sucker Punch","floor":2.0},{"not_picked":["Prepared","Dagger Spray"],"picked":"Outmaneuver","floor":3.0},{"not_picked":["Slice","Quick Slash"],"picked":"Escape Plan","floor":7.0},{"not_picked":["Slice","Escape Plan+1"],"picked":"Expertise+1","floor":11.0},{"not_picked":["Backflip+1","Terror+1"],"picked":"Malaise+1","floor":12.0},{"not_picked":["All Out Attack","Poisoned Stab"],"picked":"Envenom","floor":13.0},{"not_picked":["Venomology+1","Wraith Form v2"],"picked":"Tools of the Trade","floor":16.0},{"not_picked":["Predator","Well Laid Plans"],"picked":"PiercingWail+1","floor":18.0},{"not_picked":["Flying Knee","Escape Plan+1"],"picked":"Underhanded Strike","floor":19.0},{"not_picked":["Poisoned Stab","Dagger Spray"],"picked":"Flechettes","floor":20.0},{"not_picked":["Expertise+1","Outmaneuver+1"],"picked":"Bane+1","floor":24.0},{"not_picked":["Outmaneuver+1","Slice"],"picked":"Acrobatics+1","floor":28.0},{"not_picked":["Dagger Throw+1","Underhanded Strike"],"picked":"Acrobatics+1","floor":30.0}],"player_experience":65565,"relics_obtained":[{"floor":7.0,"key":"Toxic Egg 2"},{"floor":9.0,"key":"Gremlin Horn"},{"floor":13.0,"key":"Mummified Hand"},{"floor":20.0,"key":"Red Mask"},{"floor":21.0,"key":"Bottled Lightning"},{"floor":26.0,"key":"Paper Crane"}],"event_choices":[{"damage_healed":0.0,"max_hp_gain":0.0,"max_hp_loss":0.0,"gold_gain":0.0,"event_name":"Shining Light","player_choice":"Entered Light","floor":4.0,"gold_loss":0.0,"damage_taken":14.0,"cards_upgraded":["Neutralize","Strike_G"]},{"cards_removed":["Strike_G"],"damage_healed":0.0,"max_hp_gain":0.0,"max_hp_loss":0.0,"gold_gain":0.0,"event_name":"The Cleric","player_choice":"Card Removal","floor":5.0,"gold_loss":50.0,"damage_taken":0.0},{"damage_healed":0.0,"max_hp_gain":0.0,"max_hp_loss":0.0,"gold_gain":100.0,"event_name":"Golden Shrine","player_choice":"Pray","floor":14.0,"gold_loss":0.0,"damage_taken":0.0},{"damage_healed":0.0,"max_hp_gain":0.0,"max_hp_loss":0.0,"gold_gain":0.0,"event_name":"Masked Bandits","player_choice":"Fought Bandits","floor":20.0,"gold_loss":0.0,"damage_taken":0.0},{"damage_healed":0.0,"max_hp_gain":0.0,"max_hp_loss":0.0,"gold_gain":0.0,"event_name":"Addict","player_choice":"Stole Relic","floor":25.0,"gold_loss":0.0,"damage_taken":0.0,"relics_obtained":["Frozen Egg 2"],"cards_obtained":["Shame"]},{"damage_healed":0.0,"max_hp_gain":0.0,"max_hp_loss":35.0,"gold_gain":0.0,"event_name":"Ghosts","player_choice":"Became a Ghost","floor":31.0,"gold_loss":0.0,"damage_taken":0.0,"cards_obtained":["Ghostly","Ghostly","Ghostly","Ghostly","Ghostly"]}],"is_beta":false,"boss_relics":[{"not_picked":["Tiny House","HoveringKite"],"picked":"Sozu"}],"items_purged_floors":[22],"is_endless":false,"potions_floor_spawned":[1,2,11,12,24,28],"killed_by":"Collector","ascension_level":0}