{"gold_per_floor":[119,30,30,49,3,34,34,46,96,122,122,122,122,29,29,29],"floor_reached":16,"playtime":1140,"items_purged":[],"score":106,"play_id":"81fb7551-508f-4e87-839d-44ef971a5e16","local_time":"20190109213326","is_ascension_mode":false,"campfire_choices":[{"floor":7,"key":"REST"},{"floor":12,"key":"REST"},{"floor":15,"key":"REST"}],"neow_cost":"NONE","seed_source_timestamp":36799917240320,"circlet_count":0,"master_deck":["Defend_G","Defend_G","Defend_G","Defend_G","Defend_G","Strike_G","Strike_G","Strike_G+1","Strike_G+1","Strike_G","Survivor","Neutralize","Outmaneuver","Footwork","Outmaneuver","Backflip","After Image","Acrobatics","Parasite","Escape Plan","Backflip"],"relics":["Ring of the Snake","Whetstone","Bag of Marbles","Molten Egg 2"],"potions_floor_usage":[6,10],"damage_taken":[{"damage":0,"enemies":"Jaw Worm","floor":1,"turns":3},{"damage":1,"enemies":"2 Louse","floor":4,"turns":3},{"damage":65,"enemies":"Gremlin Nob","floor":6,"turns":8},{"damage":0,"enemies":"Small Slimes","floor":8,"turns":5},{"damage":28,"enemies":"3 Sentries","floor":10,"turns":16},{"damage":73,"enemies":"Hexaghost","floor":16,"turns":17}],"seed_played":"8083162993374428165","potions_obtained":[{"floor":1,"key":"SkillPotion"},{"floor":4,"key":"SpeedPotion"},{"floor":10,"key":"Ancient Potion"}],"is_trial":false,"path_per_floor":["M","$","?","M","$","E","R","M","T","E","?","R","?","$","R","B"],"character_chosen":"THE_SILENT","items_purchased":["Outmaneuver","Footwork","Outmaneuver","Escape Plan","Backflip"],"campfire_rested":3,"item_purchase_floors":[2,2,5,14,14],"current_hp_per_floor":[77,77,77,76,76,11,34,34,34,6,25,48,48,48,71,0],"gold":29,"neow_bonus":"TEN_PERCENT_HP_BONUS","is_prod":false,"is_daily":false,"chose_seed":false,"campfire_upgraded":0,"win_rate":0.0,"timestamp":1547087606,"path_taken":["M","$","?","M","$","E","R","M","T","E","?","R","?","?","R","BOSS"],"build_version":"2019-01-03v4","purchased_purges":0,"victory":false,"max_hp_per_floor":[77,77,77,77,77,77,77,77,77,77,77,77,77,77,77,77],"card_choices":[{"not_picked":["Expertise","Dagger Throw","PiercingWail"],"picked":"SKIP","floor":1},{"not_picked":["Bane","PiercingWail","Quick Slash"],"picked":"SKIP","floor":4},{"not_picked":["Outmaneuver","Masterful Stab"],"picked":"Backflip","floor":6},{"not_picked":["PiercingWail","Backflip"],"picked":"After Image","floor":8},{"not_picked":["Dagger Spray","Caltrops"],"picked":"Acrobatics","floor":10}],"player_experience":22853,"relics_obtained":[{"floor":6,"key":"Whetstone"},{"floor":9,"key":"Bag of Marbles"},{"floor":10,"key":"Molten Egg 2"}],"event_choices":[{"damage_healed":0,"gold_gain":0,"player_choice":"Ignored","damage_taken":0,"max_hp_gain":0,"max_hp_loss":0,"event_name":"Shining Light","floor":3,"gold_loss":0},{"damage_healed":19,"gold_gain":0,"player_choice":"Healed and dodged fight","damage_taken":0,"max_hp_gain":0,"max_hp_loss":0,"event_name":"Mushrooms","floor":11,"gold_loss":0,"cards_obtained":["Parasite"]},{"damage_healed":0,"gold_gain":0,"player_choice":"Ignored","damage_taken":0,"max_hp_gain":0,"max_hp_loss":0,"event_name":"Golden Idol","floor":13,"gold_loss":0}],"is_beta":false,"boss_relics":[],"items_purged_floors":[],"is_endless":false,"potions_floor_spawned":[1,4,10],"killed_by":"Hexaghost","ascension_level":0}