{"gold_per_floor":[112,131,81,81,31,31,46,64,91,66,76,76,88,106,106,211,211,224,240,254,264,264,264,274,197,249,249],"floor_reached":27,"playtime":764,"items_purged":[],"score":209,"play_id":"5008ca75-4eff-4525-8a56-651b136ae125","local_time":"20180707124945","is_ascension_mode":false,"campfire_choices":[{"data":"Inflame","floor":6.0,"key":"SMITH"},{"data":"Sever Soul","floor":15.0,"key":"SMITH"},{"data":"Immolate","floor":23,"key":"SMITH"}],"neow_cost":"","seed_source_timestamp":312349856967343,"circlet_count":0,"master_deck":["Strike_R","Strike_R","Strike_R","Defend_R","Defend_R","Defend_R","Defend_R","Bash","Inflame+1","Wild Strike","Flex","Pommel Strike","Wild Strike","Sever Soul+1","Anger","Wild Strike","Immolate+1","Anger+1","Shockwave+1","Twin Strike+1","Iron Wave","Perfected Strike","J.A.X."],"special_seed":0,"relics":["Burning Blood","Vajra","Kunai","Mark of Pain","Boot","Bronze Scales"],"potions_floor_usage":[21],"damage_taken":[{"damage":8.0,"enemies":"2 Louse","floor":1.0,"turns":2.0},{"damage":6.0,"enemies":"Jaw Worm","floor":2.0,"turns":3.0},{"damage":7.0,"enemies":"Small Slimes","floor":7.0,"turns":2.0},{"damage":24.0,"enemies":"Blue Slaver","floor":8.0,"turns":3.0},{"damage":20.0,"enemies":"Exordium Wildlife","floor":11.0,"turns":4.0},{"damage":0.0,"enemies":"2 Fungi Beasts","floor":13.0,"turns":2.0},{"damage":10.0,"enemies":"Looter","floor":14.0,"turns":2.0},{"damage":35.0,"enemies":"Hexaghost","floor":16.0,"turns":7.0},{"damage":17.0,"enemies":"Shell Parasite","floor":18.0,"turns":4.0},{"damage":10,"enemies":"3 Byrds","floor":19,"turns":3},{"damage":42,"enemies":"Snake Plant","floor":20,"turns":3},{"damage":12,"enemies":"Centurion and Healer","floor":21,"turns":4},{"damage":17,"enemies":"3 Cultists","floor":24,"turns":4},{"damage":28,"enemies":"Sentry and Sphere","floor":27,"turns":3}],"seed_played":"2479149903016956949","potions_obtained":[{"floor":7.0,"key":"Poison Potion"},{"floor":8.0,"key":"Weak Potion"},{"floor":11.0,"key":"Fire Potion"},{"floor":14.0,"key":"Fire Potion"},{"floor":20,"key":"BloodPotion"}],"is_trial":false,"path_per_floor":["M","M","?","?","$","R","M","M","T","$","M","T","M","M","R","B",null,"M","M","M","M","?","R","M","?","T"],"character_chosen":"IRONCLAD","items_purchased":["Fire Potion","Wild Strike"],"campfire_rested":0,"item_purchase_floors":[5,10],"current_hp_per_floor":[78,78,78,71,71,71,70,52,52,52,38,38,44,40,40,11,80,69,65,29,31,31,31,20,20,20,0],"gold":249,"neow_bonus":"","is_prod":false,"is_daily":false,"chose_seed":false,"campfire_upgraded":3,"win_rate":0,"timestamp":1530942585,"path_taken":["M","M","?","?","$","R","M","M","T","$","M","?","M","M","R","BOSS","M","M","M","M","?","R","M","?","T","M"],"build_version":"2018-07-05","purchased_purges":0,"victory":false,"max_hp_per_floor":[80,80,80,80,80,80,80,80,80,80,80,80,80,80,80,80,80,80,80,80,80,80,80,80,80,80,80],"card_choices":[{"not_picked":["Headbutt","Blood for Blood"],"picked":"Inflame","floor":1.0},{"not_picked":["True Grit","Clothesline"],"picked":"Wild Strike","floor":2.0},{"not_picked":["Ghostly Armor","Dropkick"],"picked":"Flex","floor":7.0},{"not_picked":["Infernal Blade","Limit Break"],"picked":"Pommel Strike","floor":8.0},{"not_picked":["Clothesline","Headbutt"],"picked":"Sever Soul","floor":11.0},{"not_picked":["Whirlwind","Clash"],"picked":"Anger","floor":13.0},{"not_picked":["Cleave","Twin Strike"],"picked":"Wild Strike","floor":14.0},{"not_picked":["Demon Form","Limit Break"],"picked":"Immolate","floor":16.0},{"not_picked":["Evolve","Thunderclap"],"picked":"Anger+1","floor":18.0},{"not_picked":["Clothesline","Infernal Blade+1"],"picked":"Shockwave+1","floor":19},{"not_picked":["Body Slam","Wild Strike"],"picked":"Twin Strike+1","floor":20},{"not_picked":["Headbutt","Cleave"],"picked":"Iron Wave","floor":21},{"not_picked":["Searing Blow","Juggernaut"],"picked":"Perfected Strike","floor":24}],"player_experience":39749,"relics_obtained":[{"floor":9.0,"key":"Vajra"},{"floor":12.0,"key":"Kunai"},{"floor":26,"key":"Bronze Scales"}],"event_choices":[{"event_name":"The Cleric","player_choice":"Card Removal","floor":3.0,"damage_taken":0.0},{"event_name":"Golden Wing","player_choice":"Card Removal","floor":4.0,"damage_taken":0.0},{"event_name":"The Mausoleum","player_choice":"Yes","floor":22,"damage_taken":0},{"event_name":"Drug Dealer","player_choice":"Got JAXXED","floor":25,"damage_taken":0}],"boss_relics":[{"not_picked":["Astrolabe","Philosopher\u0027s Stone"],"picked":"Mark of Pain"}],"items_purged_floors":[],"is_endless":false,"potions_floor_spawned":[7,8,11,14,20],"killed_by":"Sentry and Sphere","ascension_level":0}