{"gold_per_floor":[115,115,131,150,65,65,91,125,125,138,138,163,116,116,116,116],"floor_reached":16,"playtime":629,"items_purged":[],"score":211,"play_id":"f276c7d4-7168-4389-9034-354ae16ccf25","local_time":"20181022055202","is_ascension_mode":true,"campfire_choices":[{"data":"Bash","floor":6,"key":"SMITH"},{"floor":11,"key":"REST"},{"data":"Pain","floor":15,"key":"PURGE"}],"neow_cost":"NONE","seed_source_timestamp":377883887568407,"circlet_count":0,"master_deck":["Strike_R","Strike_R","Strike_R","Strike_R","Strike_R","Defend_R","Defend_R","Defend_R","Defend_R","Bash+1","AscendersBane","Fiend Fire","Cleave","Evolve","Pommel Strike","Disarm","Dropkick","True Grit","Double Tap"],"relics":["Burning Blood","Odd Mushroom","Pear","Ornamental Fan","Peace Pipe"],"potions_floor_usage":[7,12,16],"damage_taken":[{"damage":12,"enemies":"Jaw Worm","floor":1,"turns":2},{"damage":1,"enemies":"Cultist","floor":3,"turns":3},{"damage":1,"enemies":"2 Louse","floor":4,"turns":3},{"damage":9,"enemies":"The Mushroom Lair","floor":7,"turns":4},{"damage":50,"enemies":"Lagavulin","floor":8,"turns":7},{"damage":22,"enemies":"Large Slime","floor":10,"turns":6},{"damage":21,"enemies":"3 Sentries","floor":12,"turns":8},{"damage":37,"enemies":"The Guardian","floor":16,"turns":6}],"seed_played":"-3442041975836502488","potions_obtained":[{"floor":1,"key":"SpeedPotion"},{"floor":10,"key":"FairyPotion"},{"floor":12,"key":"Fire Potion"}],"is_trial":false,"path_per_floor":["M","?","M","M","$","R","?","E","T","M","R","E","?","?","R"],"character_chosen":"IRONCLAD","items_purchased":["GamblersBrew"],"campfire_rested":1,"item_purchase_floors":[5],"current_hp_per_floor":[62,62,67,72,72,72,69,35,35,19,44,29,29,29,29,0],"gold":116,"neow_bonus":"ONE_RANDOM_RARE_CARD","is_prod":false,"is_daily":false,"chose_seed":false,"campfire_upgraded":1,"win_rate":0,"timestamp":1540201922,"path_taken":["M","?","?","M","?","R","?","E","T","M","R","E","?","?","R","BOSS"],"build_version":"2018-10-18","purchased_purges":0,"victory":false,"max_hp_per_floor":[75,75,75,75,75,75,75,85,85,85,85,85,85,85,85,85],"card_choices":[{"not_picked":["Heavy Blade","True Grit"],"picked":"Cleave","floor":1},{"not_picked":["Heavy Blade","Rupture"],"picked":"Evolve","floor":3},{"not_picked":["Warcry","Thunderclap","Sever Soul"],"picked":"SKIP","floor":4},{"not_picked":["Flex","Anger"],"picked":"Pommel Strike","floor":7},{"not_picked":["True Grit","Rupture"],"picked":"Disarm","floor":8},{"not_picked":["Second Wind","Perfected Strike"],"picked":"Dropkick","floor":10},{"not_picked":["Barricade","Second Wind"],"picked":"True Grit","floor":12}],"player_experience":593485,"relics_obtained":[{"floor":7,"key":"Odd Mushroom"},{"floor":8,"key":"Pear"},{"floor":9,"key":"Ornamental Fan"},{"floor":12,"key":"Peace Pipe"}],"event_choices":[{"damage_healed":0,"gold_gain":0,"player_choice":"Ignored","damage_taken":0,"max_hp_gain":0,"max_hp_loss":0,"event_name":"Liars Game","floor":2,"gold_loss":0},{"damage_healed":0,"gold_gain":0,"player_choice":"Fought Mushrooms","damage_taken":0,"max_hp_gain":0,"max_hp_loss":0,"event_name":"Mushrooms","floor":7,"gold_loss":0},{"damage_healed":0,"gold_gain":0,"player_choice":"Left Gold","damage_taken":0,"max_hp_gain":0,"max_hp_loss":0,"event_name":"World of Goop","floor":13,"gold_loss":47},{"damage_healed":0,"gold_gain":0,"player_choice":"2 cards matched","damage_taken":0,"max_hp_gain":0,"max_hp_loss":0,"event_name":"Match and Keep!","floor":14,"gold_loss":0,"cards_obtained":["Pain","Double Tap"]}],"is_beta":false,"boss_relics":[],"items_purged_floors":[],"is_endless":false,"potions_floor_spawned":[1,10,12],"killed_by":"The Guardian","ascension_level":19}