{"path_per_floor":["M","M","M","?","M","E","M","M","T","R","M","M","$","E","R","B",null,"M","M","?","M","?","E","R","?","T","R","$","E","R","M","R","B",null,"M","?","?","?","M","R"],"character_chosen":"THE_SILENT","items_purchased":["Blood Vial","Thinking Ahead","After Image","Flash of Steel"],"gold_per_floor":[115,130,140,215,229,259,277,294,318,318,331,344,5,39,39,144,144,162,178,178,188,188,215,215,215,215,215,32,65,65,79,79,177,207,224,224,224,273,288,288],"floor_reached":41,"campfire_rested":6,"playtime":2653,"current_hp_per_floor":[67,64,59,48,34,30,22,17,17,17,11,7,7,12,33,32,70,54,40,40,13,13,7,28,28,28,49,49,24,45,16,37,32,70,67,67,67,50,29,50],"items_purged":[],"gold":288,"score":417,"play_id":"5d069381-aa20-4dbb-acec-c6946cb584ca","is_prod":false,"is_daily":false,"is_ascension_mode":false,"campfire_upgraded":1,"path_taken":["M","M","M","?","?","E","?","M","T","R","M","M","?","E","R","BOSS","M","M","?","M","?","E","R","?","T","R","?","E","R","M","R","BOSS","M","?","?","?","M","R","E"],"build_version":"2018-02-08-PROD1","purchased_purges":1,"victory":false,"master_deck":["Defend_G","Defend_G","Defend_G","Defend_G","Strike_G","Strike_G","Survivor","Neutralize+1","A Thousand Cuts+1","Sucker Punch","Terror","Deflect","Dash","Prepared","Blur","Dagger Spray","Slice","Thinking Ahead","Envenom","Corpse Explosion+1","Calculated Gamble+1","Die Die Die+1","Noxious Fumes","Prepared","Flying Knee","Backflip","After Image","Flash of Steel","Deadly Poison+1","Flying Knee","Adrenaline","Regret","Clumsy","Backstab","Prepared","Noxious Fumes+1","Dagger Spray+1"],"max_hp_per_floor":[70,70,70,70,70,70,70,70,70,70,70,70,70,70,70,70,70,70,70,70,70,70,70,70,70,70,70,70,70,70,70,70,70,70,70,70,70,70,70,70],"relics":["Ring of the Snake","Prayer Wheel","Oddly Smooth Stone","Blood Vial","Whetstone","Astrolabe","Bag of Marbles","Juzu Bracelet","Mummified Hand","Calling Bell","Tiny Chest","Dream Catcher","Frozen Egg 2","Spirit Poop","Sundial"],"card_choices":[{"not_picked":["Flechettes","Endless Agony"],"picked":"A Thousand Cuts"},{"not_picked":["Bane","Calculated Gamble"],"picked":"Sucker Punch"},{"not_picked":["Bane","Slice"],"picked":"Terror"},{"not_picked":["Terror","PiercingWail"],"picked":"Deflect"},{"not_picked":["Well Laid Plans","Wraith Form"],"picked":"Dash"},{"not_picked":["Masterful Stab","Quick Slash"],"picked":"Prepared"},{"not_picked":["Deadly Poison","Leg Sweep"],"picked":"Blur"},{"not_picked":["Crippling Poison","Dodge and Roll"],"picked":"Dagger Spray"},{"not_picked":["Deflect","Outmaneuver"],"picked":"Slice"},{"not_picked":["A Thousand Cuts","Wraith Form"],"picked":"Envenom"},{"not_picked":["Prepared","Dagger Throw"],"picked":"Noxious Fumes"},{"not_picked":["Poisoned Stab","Choke"],"picked":"Prepared"},{"not_picked":["Finisher","Dash"],"picked":"Flying Knee"},{"not_picked":["Dagger Throw","Slice"],"picked":"Backflip"},{"not_picked":["Sucker Punch","Slice"],"picked":"Deadly Poison"},{"not_picked":["Riddle With Holes","Deadly Poison"],"picked":"Flying Knee"},{"not_picked":["Burst","Corpse Explosion"],"picked":"Adrenaline"},{"not_picked":["Flying Knee","PiercingWail"],"picked":"Backstab"},{"not_picked":["Acrobatics","All Out Attack"],"picked":"Prepared"},{"not_picked":["Poisoned Stab","Adrenaline"],"picked":"Noxious Fumes"},{"not_picked":["Flying Knee","Deadly Poison"],"picked":"Dagger Spray"}],"player_experience":44597,"potions_floor_usage":[6,14,14,23,23,23,31,38,38,41],"damage_taken":[{"damage":3,"enemies":"Small Slimes","floor":1,"turns":3},{"damage":3,"enemies":"Jaw Worm","floor":2,"turns":4},{"damage":5,"enemies":"Cultist","floor":3,"turns":4},{"damage":14,"enemies":"Lots of Slimes","floor":5,"turns":4},{"damage":4,"enemies":"Lagavulin","floor":6,"turns":6},{"damage":8,"enemies":"Exordium Thugs","floor":7,"turns":7},{"damage":5,"enemies":"Red Slaver","floor":8,"turns":4},{"damage":6,"enemies":"Large Slime","floor":11,"turns":6},{"damage":4,"enemies":"2 Fungi Beasts","floor":12,"turns":3},{"damage":3,"enemies":"3 Sentries","floor":14,"turns":3},{"damage":3,"enemies":"The Guardian","floor":16,"turns":11},{"damage":16,"enemies":"Chosen","floor":18,"turns":5},{"damage":16,"enemies":"2 Thieves","floor":19,"turns":4},{"damage":29,"enemies":"Centurion and Healer","floor":21,"turns":7},{"damage":8,"enemies":"Book of Stabbing","floor":23,"turns":7},{"damage":27,"enemies":"Gremlin Leader","floor":29,"turns":8},{"damage":31,"enemies":"Cultist and Chosen","floor":31,"turns":6},{"damage":7,"enemies":"Champ","floor":33,"turns":13},{"damage":3,"enemies":"Orb Walker","floor":35,"turns":4},{"damage":19,"enemies":"Mysterious Sphere","floor":38,"turns":4},{"damage":23,"enemies":"3 Shapes","floor":39,"turns":4},{"damage":75,"enemies":"Giant Head","floor":41,"turns":8}],"event_choices":[{"event_name":"World of Goop","player_choice":"Gather Gold","floor":4,"damage_taken":0},{"event_name":"Back to Basics","player_choice":"Elegance","floor":20,"damage_taken":0},{"event_name":"The Woman in Blue","player_choice":"Bought 0 Potions","floor":22,"damage_taken":0},{"event_name":"The Lab","player_choice":"Got Potions","floor":25,"damage_taken":0},{"event_name":"Tomb of Lord Red Mask","player_choice":"Ignored","floor":36,"damage_taken":0},{"event_name":"Bonfire Elementals","player_choice":"CURSE","floor":37,"damage_taken":0},{"event_name":"Mysterious Sphere","player_choice":"Fight","floor":38,"damage_taken":0}],"boss_relics":[{"not_picked":["Ectoplasm","Eternal Feather"],"picked":"Astrolabe"},{"not_picked":["White Beast Statue","Black Star"],"picked":"Calling Bell"}],"potions_floor_spawned":[1,2,5,6,7,11,16,21,23,35,38,39],"seed_played":"6554973305758885293","killed_by":"Giant Head","ascension_level":0,"is_trial":false}