{"gold_per_floor":[119,69,81,105,122,122,154,154,207,207,227,260,270,286,286,286],"floor_reached":16,"playtime":914,"items_purged":[],"score":185,"play_id":"035932b3-b7fc-41c1-a067-bc45526d1c94","local_time":"20190210170336","is_ascension_mode":true,"campfire_choices":[{"data":"Zap","floor":6,"key":"SMITH"},{"data":"Consume","floor":8,"key":"SMITH"},{"data":"Capacitor","floor":10,"key":"SMITH"},{"floor":15,"key":"REST"}],"neow_cost":"NONE","seed_source_timestamp":3648485273955,"circlet_count":0,"master_deck":["AscendersBane","Strike_B","Strike_B","Strike_B","Defend_B","Defend_B","Defend_B","Defend_B+1","Zap+1","Dualcast","Leap","BootSequence+1","Conserve Battery","Capacitor+1","Consume+1","Chill","Sunder","Barrage","Amplify","Compile Driver"],"relics":["Cracked Core","Dream Catcher","Darkstone Periapt","War Paint","Blood Vial"],"potions_floor_usage":[7,12,12,14],"damage_taken":[{"damage":0,"enemies":"2 Louse","floor":1,"turns":4},{"damage":8,"enemies":"Jaw Worm","floor":3,"turns":4},{"damage":1,"enemies":"Cultist","floor":5,"turns":4},{"damage":17,"enemies":"Lagavulin","floor":7,"turns":10},{"damage":4,"enemies":"Looter","floor":11,"turns":4},{"damage":36,"enemies":"Gremlin Nob","floor":12,"turns":5},{"damage":0,"enemies":"Exordium Wildlife","floor":13,"turns":4},{"damage":29,"enemies":"Exordium Thugs","floor":14,"turns":6},{"damage":31,"enemies":"Slime Boss","floor":16,"turns":5}],"seed_played":"-3773002694480560334","potions_obtained":[{"floor":3,"key":"PowerPotion"},{"floor":5,"key":"SkillPotion"},{"floor":11,"key":"Regen Potion"},{"floor":13,"key":"Regen Potion"}],"is_trial":false,"path_per_floor":["M","?","M","T","M","R","E","R","T","R","M","E","M","M","R","B"],"character_chosen":"DEFECT","items_purchased":[],"campfire_rested":1,"item_purchase_floors":[],"current_hp_per_floor":[68,68,60,60,59,59,42,42,42,42,38,16,18,6,28,0],"gold":286,"neow_bonus":"THREE_CARDS","is_prod":false,"is_daily":false,"chose_seed":false,"campfire_upgraded":3,"win_rate":0,"timestamp":1549793016,"path_taken":["M","?","M","?","?","R","E","R","T","R","M","E","M","M","R","BOSS"],"build_version":"2019-01-23","purchased_purges":0,"victory":false,"max_hp_per_floor":[75,75,75,75,75,75,75,75,75,75,75,75,75,75,75,75],"card_choices":[{"not_picked":["Coolheaded","Turbo"],"picked":"Leap","floor":0},{"not_picked":["Steam","Hello World"],"picked":"BootSequence","floor":1},{"not_picked":["Beam Cell","Ball Lightning"],"picked":"Conserve Battery","floor":3},{"not_picked":["Barrage","Hologram"],"picked":"Capacitor","floor":5},{"not_picked":["Reprogram","Conserve Battery"],"picked":"Consume","floor":7},{"not_picked":["Darkness","Ball Lightning"],"picked":"Chill","floor":11},{"not_picked":["Sweeping Beam","Conserve Battery"],"picked":"Sunder","floor":12},{"not_picked":["Tempest","Conserve Battery"],"picked":"Barrage","floor":13},{"not_picked":["Coolheaded","Double Energy"],"picked":"Amplify","floor":14},{"not_picked":["Sweeping Beam","Reprogram"],"picked":"Compile Driver","floor":15}],"player_experience":333272,"relics_obtained":[{"floor":4,"key":"Dream Catcher"},{"floor":7,"key":"Darkstone Periapt"},{"floor":9,"key":"War Paint"},{"floor":12,"key":"Blood Vial"}],"event_choices":[{"cards_removed":["Strike_B"],"damage_healed":0,"gold_gain":0,"player_choice":"Card Removal","damage_taken":0,"max_hp_gain":0,"max_hp_loss":0,"event_name":"The Cleric","floor":2,"gold_loss":50}],"is_beta":false,"boss_relics":[],"items_purged_floors":[],"is_endless":false,"potions_floor_spawned":[3,5,11,13],"killed_by":"Slime Boss","ascension_level":13}