{"gold_per_floor":[111,128,142,158,175,175,175,190,216,230,230,230,247,276,276,276],"floor_reached":16,"playtime":611,"items_purged":[],"score":196,"play_id":"32d05033-0604-4d0e-a637-3e9e7933aac8","local_time":"20181010115112","is_ascension_mode":true,"campfire_choices":[{"data":"Genetic Algorithm","floor":6,"key":"SMITH"},{"data":"Multi-Cast","floor":12,"key":"SMITH"},{"data":"Loop","floor":15,"key":"SMITH"}],"neow_cost":"NONE","seed_source_timestamp":214941267177848,"circlet_count":0,"master_deck":["Strike_B","Strike_B","Strike_B","Strike_B","Defend_B","Defend_B","Defend_B","Defend_B","Zap+1","Dualcast","AscendersBane","Multi-Cast+1","Genetic Algorithm+1","Steam","Glacier","Go for the Eyes","Cold Snap","Reinforced Body","Loop+1"],"relics":["Cracked Core","Lantern","Gremlin Horn"],"potions_floor_usage":[2],"damage_taken":[{"damage":0,"enemies":"2 Louse","floor":1,"turns":1},{"damage":19,"enemies":"Small Slimes","floor":2,"turns":3},{"damage":1,"enemies":"Cultist","floor":3,"turns":4},{"damage":5,"enemies":"Looter","floor":4,"turns":5},{"damage":12,"enemies":"3 Louse","floor":5,"turns":4},{"damage":0,"enemies":"Blue Slaver","floor":8,"turns":5},{"damage":3,"enemies":"Large Slime","floor":10,"turns":9},{"damage":0,"enemies":"Looter","floor":13,"turns":2},{"damage":9,"enemies":"Lagavulin","floor":14,"turns":10},{"damage":36,"enemies":"The Guardian","floor":16,"turns":2}],"seed_played":"3011757012980386360","potions_obtained":[{"floor":1,"key":"AttackPotion"},{"floor":3,"key":"SpeedPotion"},{"floor":4,"key":"GamblersBrew"},{"floor":14,"key":"Ancient Potion"}],"is_trial":false,"path_per_floor":["M","M","M","M","M","R","?","M","T","M","?","R","M","E","R"],"character_chosen":"DEFECT","items_purchased":[],"campfire_rested":0,"item_purchase_floors":[],"current_hp_per_floor":[64,45,44,39,27,27,27,27,27,24,24,24,24,15,15,0],"gold":276,"neow_bonus":"ONE_RANDOM_RARE_CARD","is_prod":false,"is_daily":false,"chose_seed":false,"campfire_upgraded":3,"win_rate":0,"timestamp":1539186672,"path_taken":["M","M","M","M","M","R","?","M","T","?","?","R","M","E","R","BOSS"],"build_version":"2018-10-04v2","purchased_purges":0,"victory":false,"max_hp_per_floor":[71,71,71,71,71,71,71,71,71,71,71,71,71,71,71,71],"card_choices":[{"not_picked":["Chill","Sweeping Beam"],"picked":"Genetic Algorithm","floor":1},{"not_picked":["Rebound","Turbo"],"picked":"Steam","floor":2},{"not_picked":["Gash","Blizzard"],"picked":"Glacier","floor":3},{"not_picked":["Redo","Coolheaded","Scrape"],"picked":"SKIP","floor":4},{"not_picked":["Cold Snap","Stack"],"picked":"Go for the Eyes","floor":5},{"not_picked":["Scrape","Go for the Eyes"],"picked":"Cold Snap","floor":8},{"not_picked":["Gash","Steam","Redo"],"picked":"SKIP","floor":10},{"not_picked":["Leap","Sweeping Beam"],"picked":"Reinforced Body","floor":13},{"not_picked":["Glacier","Reboot"],"picked":"Loop","floor":14}],"player_experience":541846,"relics_obtained":[{"floor":9,"key":"Lantern"},{"floor":14,"key":"Gremlin Horn"}],"event_choices":[{"event_name":"Golden Wing","player_choice":"Ignored","floor":7,"damage_taken":0},{"event_name":"Living Wall","player_choice":"Grow","floor":11,"damage_taken":0}],"is_beta":false,"boss_relics":[],"items_purged_floors":[],"is_endless":false,"potions_floor_spawned":[1,3,4,13,14],"killed_by":"The Guardian","ascension_level":17}