{"gold_per_floor":[112,127,127,402,417,417,270,289,343,293,293,243,193,212,212,309,309,319,319,331,4,4,4,19,34,34,34,34],"floor_reached":28,"playtime":1988,"items_purged":["Regret","Strike_B","Strike_B","Defend_B"],"score":239,"play_id":"ee66e83e-3ab3-4c69-a04a-6eb7dafa93f9","local_time":"20181123231719","is_ascension_mode":true,"campfire_choices":[{"data":"Loop","floor":6,"key":"SMITH"},{"data":"Sunder","floor":11,"key":"SMITH"},{"data":"Coolheaded","floor":15,"key":"SMITH"},{"data":"Buffer","floor":23,"key":"SMITH"}],"neow_cost":"TEN_PERCENT_HP_LOSS","seed_source_timestamp":13924310019589,"circlet_count":0,"master_deck":["Defend_B","Defend_B","Defend_B","Zap+1","Dualcast","Loop+1","Darkness","Coolheaded+1","Sunder+1","Hologram","Amplify","Steam Power","Buffer+1"],"special_seed":0,"relics":["Cracked Core","Thread and Needle","Smiling Mask","Nuclear Battery","Membership Card","Girya","Omamori"],"potions_floor_usage":[16],"damage_taken":[{"damage":0.0,"enemies":"Cultist","floor":1.0,"turns":3.0},{"damage":16.0,"enemies":"Jaw Worm","floor":2.0,"turns":4.0},{"damage":0,"enemies":"Small Slimes","floor":5,"turns":2},{"damage":5,"enemies":"3 Louse","floor":8,"turns":3},{"damage":0,"enemies":"Red Slaver","floor":14,"turns":3},{"damage":18,"enemies":"Slime Boss","floor":16,"turns":9},{"damage":0,"enemies":"3 Byrds","floor":18,"turns":4},{"damage":16,"enemies":"2 Thieves","floor":20,"turns":3},{"damage":20,"enemies":"Cultist and Chosen","floor":24,"turns":7},{"damage":23,"enemies":"Snecko","floor":25,"turns":4},{"damage":16,"enemies":"Slavers","floor":28,"turns":2}],"seed_played":"-7613109361541603246","potions_obtained":[{"floor":5,"key":"LiquidBronze"},{"floor":14,"key":"GamblersBrew"},{"floor":18,"key":"FocusPotion"}],"is_trial":false,"path_per_floor":["M","M","?","?","M","R","$","M","T","$","R","?","$","M","R","B",null,"M","?","M","$","?","R","M","M","T","?","E"],"character_chosen":"DEFECT","items_purchased":["Sunder","Membership Card","Buffer"],"campfire_rested":0,"item_purchase_floors":[7,21,21],"current_hp_per_floor":[68,52,52,52,52,52,52,47,47,47,47,47,47,47,47,29,68,68,68,52,52,52,52,32,9,9,9,0],"gold":34,"neow_bonus":"ONE_RARE_RELIC","is_prod":false,"is_daily":false,"chose_seed":false,"campfire_upgraded":4,"win_rate":0,"timestamp":1542982639,"path_taken":["M","M","?","?","?","R","$","M","T","$","R","?","$","M","R","BOSS","M","?","?","$","?","R","M","M","T","?","E"],"build_version":"2018-11-15","purchased_purges":4,"victory":false,"max_hp_per_floor":[68,68,68,68,68,68,68,68,68,68,68,68,68,68,68,68,68,68,68,68,68,68,68,68,68,68,68,68],"card_choices":[{"not_picked":["Leap","Sweeping Beam"],"picked":"Loop","floor":1.0},{"not_picked":["Beam Cell","Sweeping Beam"],"picked":"Darkness","floor":2.0},{"not_picked":["Leap","Gash"],"picked":"Coolheaded","floor":5},{"not_picked":["Sweeping Beam","Streamline","Blizzard"],"picked":"SKIP","floor":8},{"not_picked":["Ball Lightning","Chaos"],"picked":"Hologram","floor":14},{"not_picked":["Creative AI","All For One"],"picked":"Amplify","floor":16},{"not_picked":["Conserve Battery","Gash"],"picked":"Steam Power","floor":18},{"not_picked":["Sweeping Beam","Stack","Scrape"],"picked":"SKIP","floor":20},{"not_picked":["Conserve Battery","Leap+1","Streamline"],"picked":"SKIP","floor":24},{"not_picked":["Barrage","Force Field","Compile Driver"],"picked":"SKIP","floor":25}],"player_experience":94195,"relics_obtained":[{"floor":9,"key":"Smiling Mask"},{"floor":26,"key":"Girya"}],"event_choices":[{"damage_healed":0.0,"max_hp_gain":0.0,"max_hp_loss":0.0,"gold_gain":0.0,"event_name":"Living Wall","player_choice":"Grow","floor":3.0,"gold_loss":0.0,"damage_taken":0.0,"cards_upgraded":["Zap"]},{"damage_healed":0.0,"max_hp_gain":0.0,"max_hp_loss":0.0,"gold_gain":275.0,"event_name":"Golden Shrine","player_choice":"Desecrate","floor":4.0,"gold_loss":0.0,"damage_taken":0.0,"cards_obtained":["Regret"]},{"cards_removed":["Strike_B"],"damage_healed":0,"gold_gain":0,"player_choice":"Card Removal","damage_taken":0,"max_hp_gain":0,"max_hp_loss":0,"event_name":"The Cleric","floor":12,"gold_loss":50},{"cards_removed":["Strike_B"],"damage_healed":0,"gold_gain":0,"player_choice":"Purged","damage_taken":0,"max_hp_gain":0,"max_hp_loss":0,"event_name":"Purifier","floor":19,"gold_loss":0},{"damage_healed":0,"gold_gain":0,"player_choice":"Ignored","damage_taken":0,"max_hp_gain":0,"max_hp_loss":0,"event_name":"Beggar","floor":22,"gold_loss":0},{"damage_healed":0,"gold_gain":0,"player_choice":"Opened","damage_taken":0,"relics_obtained":["Omamori"],"max_hp_gain":0,"max_hp_loss":0,"event_name":"The Mausoleum","floor":27,"gold_loss":0}],"is_beta":false,"boss_relics":[{"not_picked":["Inserter","Cursed Key"],"picked":"Nuclear Battery"}],"items_purged_floors":[7,10,13,21],"is_endless":false,"potions_floor_spawned":[5,14,18],"killed_by":"Slavers","ascension_level":3}