{"path_per_floor":["M","?","M","$","?","R","M","M","T","M","M","$","R","M","R","B",null,"M","M","$","?","M","R","?","R","T","M"],"character_chosen":"THE_SILENT","items_purchased":["Noxious Fumes","Calculated Gamble"],"gold_per_floor":[109,184,199,49,49,49,64,74,74,91,105,5,5,18,18,121,121,135,115,34,34,53,53,53,53,53,71],"floor_reached":28,"campfire_rested":4,"playtime":1625,"current_hp_per_floor":[69,58,57,57,57,57,55,48,48,30,23,23,44,26,47,25,70,48,21,21,44,13,34,34,55,55,8],"items_purged":["Doubt","Phantasmal Killer"],"gold":71,"play_id":"c3a12e4a-c2a2-4fd0-9d9c-97656abefeb7","is_prod":false,"is_daily":false,"campfire_rituals":0,"campfire_upgraded":1,"is_hardmode":false,"path_taken":["M","?","M","$","?","R","M","M","T","?","M","?","R","?","R","BOSS","M","M","$","?","M","R","?","R","T","M","M"],"build_version":"2018-01-04-PROD1","purchased_purges":2,"victory":false,"master_deck":["Defend_G","Defend_G","Defend_G","Defend_G","Defend_G","Strike_G","Strike_G","Strike_G","Strike_G","Strike_G","Survivor","Neutralize","Poisoned Stab","Deadly Poison","Noxious Fumes","Poisoned Stab","Poisoned Stab","Bouncing Flask","Poisoned Stab","Poisoned Stab","Bullet Time","Deflect","Infinite Blades","Calculated Gamble","Deadly Poison","Decay","Footwork"],"max_hp_per_floor":[70,70,70,70,70,70,70,70,70,70,70,70,70,70,70,70,70,70,70,70,70,70,70,70,70,70,70],"relics":["Ring of the Snake","Tingsha","Question Card","Peace Pipe"],"campfire_meditates":0,"card_choices":[{"not_picked":["Wraith Form","Phantasmal Killer"],"picked":"Night Terror"},{"not_picked":["Backflip","Quick Slash"],"picked":"Poisoned Stab"},{"not_picked":["Caltrops","Dagger Spray"],"picked":"Deadly Poison"},{"not_picked":["Flying Knee","Outmaneuver"],"picked":"Poisoned Stab"},{"not_picked":["Outmaneuver","Venomology"],"picked":"Poisoned Stab"},{"not_picked":["Dagger Throw","PiercingWail"],"picked":"Bouncing Flask"},{"not_picked":["Caltrops","Backflip"],"picked":"Poisoned Stab"},{"not_picked":["Prepared","Masterful Stab"],"picked":"Poisoned Stab"},{"not_picked":["Unload","Burst"],"picked":"Bullet Time"},{"not_picked":["Prepared","Heel Hook","Backflip"],"picked":"Deflect"},{"not_picked":["Acrobatics","Masterful Stab","Bane"],"picked":"Infinite Blades"},{"not_picked":["Flechettes","Bane","Calculated Gamble"],"picked":"Deadly Poison"},{"not_picked":["Heel Hook","Backstab","Finisher"],"picked":"Footwork"}],"player_experience":69382,"potions_floor_usage":[],"damage_taken":[{"damage":1,"enemies":"2 Louse","floor":1,"turns":4},{"damage":1,"enemies":"Jaw Worm","floor":3,"turns":5},{"damage":2,"enemies":"Blue Slaver","floor":7,"turns":5},{"damage":7,"enemies":"3 Louse","floor":8,"turns":4},{"damage":18,"enemies":"Gremlin Gang","floor":10,"turns":5},{"damage":7,"enemies":"Large Slime","floor":11,"turns":4},{"damage":18,"enemies":"Lots of Slimes","floor":14,"turns":3},{"damage":22,"enemies":"Hexaghost","floor":16,"turns":9},{"damage":22,"enemies":"Shell Parasite","floor":18,"turns":6},{"damage":27,"enemies":"2 Thieves","floor":19,"turns":4},{"damage":31,"enemies":"Snake Plant","floor":22,"turns":5},{"damage":47,"enemies":"Chosen and Byrds","floor":27,"turns":8},{"damage":9,"enemies":"Centurion and Healer","floor":28,"turns":3}],"event_choices":[{"event_name":"World of Goop","player_choice":"Gather Gold","floor":2,"damage_taken":0},{"event_name":"Living Wall","player_choice":"Change","floor":5,"damage_taken":0},{"event_name":"The Library","player_choice":"Heal","floor":21,"damage_taken":0},{"event_name":"Wheel of Change","player_choice":"Curse","floor":24,"damage_taken":0}],"boss_relics":[{"not_picked":["Velvet Choker","Eternal Feather"],"picked":"Question Card"}],"potions_floor_spawned":[10,11,14,16,19,22],"seed_played":"-5077411594118311774","killed_by":"Centurion and Healer","is_trial":false}