{"gold_per_floor":[363,373,15,15,29,29,67,67,67,110,131,206,247,261,261,354,354,368,368,392,392,392,425,163,196,196,229,243,257,593,593,593,593],"floor_reached":33,"playtime":1919,"items_purged":["Strike_R","Bite"],"score":736,"play_id":"7b7944e3-af1f-495d-a0db-ae0256a0ae0f","local_time":"20190207090543","is_ascension_mode":true,"campfire_choices":[{"data":"Uppercut","floor":6.0,"key":"SMITH"},{"floor":8.0,"key":"REST"},{"data":"Armaments","floor":15.0,"key":"SMITH"},{"floor":32,"key":"REST"}],"neow_cost":"TEN_PERCENT_HP_LOSS","seed_source_timestamp":0,"circlet_count":0,"master_deck":["AscendersBane","Defend_R","Defend_R","Defend_R","Defend_R","Bash","Iron Wave","Uppercut+1","Shrug It Off","Inflame","Battle Trance","Armaments+1","Flame Barrier","Fiend Fire","Twin Strike+1","Bite","Bite","Bite","Bite","Reaper","Shrug It Off","Shrug It Off","Dropkick+1","Flame Barrier","Impervious"],"special_seed":0,"relics":["Burning Blood","Paper Frog","Golden Idol","Bag of Marbles","Peace Pipe","Omamori","Sozu","Red Skull","Centennial Puzzle","Lantern","Self Forming Clay","Ornamental Fan","Vajra","Old Coin","Nilry\u0027s Codex"],"potions_floor_usage":[],"damage_taken":[{"damage":9.0,"enemies":"Jaw Worm","floor":1.0,"turns":5.0},{"damage":4.0,"enemies":"2 Louse","floor":2.0,"turns":4.0},{"damage":7.0,"enemies":"Small Slimes","floor":5.0,"turns":3.0},{"damage":34.0,"enemies":"3 Sentries","floor":7.0,"turns":13.0},{"damage":8.0,"enemies":"Gremlin Nob","floor":10.0,"turns":3.0},{"damage":1.0,"enemies":"Looter","floor":11.0,"turns":4.0},{"damage":21.0,"enemies":"3 Sentries","floor":13.0,"turns":10.0},{"damage":1.0,"enemies":"Exordium Thugs","floor":14.0,"turns":3.0},{"damage":23.0,"enemies":"The Guardian","floor":16.0,"turns":15.0},{"damage":14.0,"enemies":"2 Thieves","floor":18.0,"turns":4.0},{"damage":6.0,"enemies":"Shell Parasite","floor":20.0,"turns":3.0},{"damage":59.0,"enemies":"Book of Stabbing","floor":23.0,"turns":5.0},{"damage":20.0,"enemies":"Slavers","floor":25.0,"turns":4.0},{"damage":8.0,"enemies":"Book of Stabbing","floor":27.0,"turns":4.0},{"damage":1.0,"enemies":"Cultist and Chosen","floor":28.0,"turns":5.0},{"damage":0,"enemies":"Snecko","floor":29,"turns":2},{"damage":5,"enemies":"Slavers","floor":30,"turns":5},{"damage":134,"enemies":"Automaton","floor":33,"turns":14}],"seed_played":"4460975683318515808","potions_obtained":[{"floor":5.0,"key":"Block Potion"},{"floor":11.0,"key":"FairyPotion"},{"floor":14.0,"key":"Dexterity Potion"}],"is_trial":false,"path_per_floor":["M","M","$","?","M","R","E","R","T","E","M","?","E","M","R","B",null,"M","?","M","?","?","E","$","E","T","E","M","M","E","?","R","B"],"character_chosen":"IRONCLAD","items_purchased":["Paper Frog","Lantern"],"campfire_rested":2,"item_purchase_floors":[3,24],"current_hp_per_floor":[65,67,67,62,61,61,33,51,51,49,54,43,28,33,33,16,51,43,43,43,43,43,13,13,37,37,38,43,43,43,22,34,0],"gold":593,"neow_bonus":"TWO_FIFTY_GOLD","is_prod":false,"is_daily":false,"chose_seed":false,"campfire_upgraded":2,"win_rate":0,"timestamp":1549548343,"path_taken":["M","M","$","?","M","R","E","R","T","E","M","?","E","M","R","BOSS","M","?","M","?","?","E","$","E","T","E","?","M","E","?","R","BOSS"],"build_version":"2019-01-23","purchased_purges":2,"victory":false,"max_hp_per_floor":[68,68,68,62,62,62,62,62,62,62,62,62,62,62,62,62,62,62,43,43,43,43,43,43,43,43,43,43,43,43,43,43,43],"card_choices":[{"not_picked":["Clothesline","Sentinel"],"picked":"Iron Wave","floor":1.0},{"not_picked":["Sword Boomerang","Dual Wield"],"picked":"Uppercut","floor":2.0},{"not_picked":["Clothesline","Perfected Strike"],"picked":"Shrug It Off","floor":5.0},{"not_picked":["Twin Strike","Wild Strike"],"picked":"Inflame","floor":7.0},{"not_picked":["Intimidate","Clothesline","Clash"],"picked":"SKIP","floor":10.0},{"not_picked":["Heavy Blade","Pommel Strike"],"picked":"Battle Trance","floor":11.0},{"not_picked":["Bloodletting","Pommel Strike"],"picked":"Armaments","floor":13.0},{"not_picked":["Searing Blow","Body Slam"],"picked":"Flame Barrier","floor":14.0},{"not_picked":["Berserk","Juggernaut"],"picked":"Fiend Fire","floor":16.0},{"not_picked":["Thunderclap","Heavy Blade"],"picked":"Twin Strike+1","floor":18.0},{"not_picked":["Sword Boomerang","Pommel Strike","Clash"],"picked":"SKIP","floor":20.0},{"not_picked":["Evolve","Reckless Charge"],"picked":"Shrug It Off","floor":23.0},{"not_picked":["Brutality","Sentinel","Heavy Blade"],"picked":"SKIP","floor":25.0},{"not_picked":["Brutality","Sentinel","Heavy Blade"],"picked":"SKIP","floor":25.0},{"not_picked":["Blood for Blood","Headbutt"],"picked":"Shrug It Off","floor":27.0},{"not_picked":["Thunderclap","Body Slam"],"picked":"Dropkick+1","floor":28.0},{"not_picked":["Pommel Strike+1","Bloodletting+1"],"picked":"Flame Barrier","floor":29},{"not_picked":["Intimidate","Clash"],"picked":"Impervious","floor":30}],"player_experience":806918,"relics_obtained":[{"floor":9.0,"key":"Bag of Marbles"},{"floor":10.0,"key":"Peace Pipe"},{"floor":13.0,"key":"Omamori"},{"floor":23.0,"key":"Centennial Puzzle"},{"floor":25.0,"key":"Self Forming Clay"},{"floor":26.0,"key":"Ornamental Fan"},{"floor":27.0,"key":"Vajra"},{"floor":30,"key":"Old Coin"},{"floor":31,"key":"Nilry\u0027s Codex"}],"event_choices":[{"damage_healed":0.0,"max_hp_gain":0.0,"max_hp_loss":6.0,"gold_gain":0.0,"event_name":"Golden Idol","player_choice":"Lose Max HP","floor":4.0,"gold_loss":0.0,"damage_taken":0.0,"relics_obtained":["Golden Idol"]},{"damage_healed":0.0,"max_hp_gain":0.0,"max_hp_loss":0.0,"gold_gain":75.0,"event_name":"World of Goop","player_choice":"Gather Gold","floor":12.0,"gold_loss":0.0,"damage_taken":11.0},{"damage_healed":0.0,"max_hp_gain":0.0,"max_hp_loss":19.0,"gold_gain":0.0,"event_name":"Vampires","player_choice":"Became a vampire","floor":19.0,"gold_loss":0.0,"damage_taken":0.0,"cards_obtained":["Bite","Bite","Bite","Bite","Bite"]},{"damage_healed":0.0,"max_hp_gain":0.0,"max_hp_loss":0.0,"gold_gain":0.0,"event_name":"Addict","player_choice":"Stole Relic","floor":21.0,"gold_loss":0.0,"damage_taken":0.0,"relics_obtained":["Red Skull"],"cards_obtained":["Shame"]},{"damage_healed":0.0,"max_hp_gain":0.0,"max_hp_loss":0.0,"gold_gain":0.0,"event_name":"The Library","player_choice":"Read","floor":22.0,"gold_loss":0.0,"damage_taken":0.0,"cards_obtained":["Reaper"]},{"damage_healed":0,"gold_gain":0,"player_choice":"Obtained Book","damage_taken":21,"max_hp_gain":0,"max_hp_loss":0,"event_name":"Cursed Tome","floor":31,"gold_loss":0}],"is_beta":false,"boss_relics":[{"not_picked":["Eternal Feather","Busted Crown"],"picked":"Sozu"}],"items_purged_floors":[3,24],"is_endless":false,"potions_floor_spawned":[5,11,14,25,27,30],"killed_by":"Automaton","ascension_level":20}