{"gold_per_floor":[216,216,216,266,286,286,324,324,378,397,397,421,421,143,143,236,236,261,274,297,297,27,27,45,83,110,126,166,166,2,2,2,91,91,109,109,123,147,160,160,201,201,201,201,217,217,261,261],"floor_reached":48,"playtime":1567,"items_purged":["Strike_R"],"score":992,"play_id":"d3e95975-d914-49f3-b45c-1bc322482793","local_time":"20190208130700","is_ascension_mode":true,"campfire_choices":[{"floor":6.0,"key":"REST"},{"floor":8.0,"key":"REST"},{"data":"Spot Weakness","floor":11.0,"key":"SMITH"},{"data":"Metallicize","floor":15.0,"key":"SMITH"},{"data":"Whirlwind","floor":23.0,"key":"SMITH"},{"floor":29.0,"key":"REST"},{"data":"Offering","floor":32.0,"key":"SMITH"},{"floor":40.0,"key":"REST"},{"data":"Bludgeon","floor":42.0,"key":"SMITH"},{"data":"Double Tap","floor":44.0,"key":"SMITH"},{"data":"Clothesline","floor":46.0,"key":"SMITH"}],"neow_cost":"NONE","seed_source_timestamp":0,"circlet_count":0,"master_deck":["AscendersBane","Strike_R","Strike_R","Strike_R","Strike_R","Defend_R","Defend_R","Defend_R","Defend_R+1","Bash+1","Burning Pact+1","Clothesline+1","Spot Weakness+1","Pommel Strike","Metallicize+1","Bludgeon+1","Offering+1","Whirlwind+1","Heavy Blade+1","Cleave+1","Double Tap+1","Metallicize+1","Seeing Red+1"],"special_seed":0,"relics":["Burning Blood","Golden Idol","StoneCalendar","Tiny Chest","Mark of Pain","Blue Candle","Lee\u0027s Waffle","PreservedInsect","Orichalcum","Sundial","Anchor","Mummified Hand","Velvet Choker","War Paint","Pantograph","Shuriken","Molten Egg 2"],"potions_floor_usage":[48],"damage_taken":[{"damage":8.0,"enemies":"Jaw Worm","floor":1.0,"turns":4.0},{"damage":0.0,"enemies":"Small Slimes","floor":5.0,"turns":3.0},{"damage":60.0,"enemies":"3 Sentries","floor":7.0,"turns":14.0},{"damage":1.0,"enemies":"Cultist","floor":10.0,"turns":3.0},{"damage":9.0,"enemies":"2 Fungi Beasts","floor":12.0,"turns":4.0},{"damage":38.0,"enemies":"Hexaghost","floor":16.0,"turns":10.0},{"damage":14.0,"enemies":"2 Thieves","floor":18.0,"turns":3.0},{"damage":18.0,"enemies":"Shell Parasite","floor":19.0,"turns":4.0},{"damage":16.0,"enemies":"Snecko","floor":20.0,"turns":4.0},{"damage":18.0,"enemies":"3 Cultists","floor":24.0,"turns":4.0},{"damage":24.0,"enemies":"Gremlin Leader","floor":25.0,"turns":4.0},{"damage":12.0,"enemies":"Snake Plant","floor":27.0,"turns":4.0},{"damage":24.0,"enemies":"Slavers","floor":28.0,"turns":3.0},{"damage":41.0,"enemies":"Collector","floor":33.0,"turns":6.0},{"damage":6.0,"enemies":"Orb Walker","floor":35.0,"turns":2.0},{"damage":33.0,"enemies":"3 Shapes","floor":37.0,"turns":7.0},{"damage":6.0,"enemies":"Jaw Worm Horde","floor":39.0,"turns":2.0},{"damage":6.0,"enemies":"Giant Head","floor":41.0,"turns":5.0},{"damage":8.0,"enemies":"4 Shapes","floor":45.0,"turns":3.0},{"damage":45.0,"enemies":"Nemesis","floor":47.0,"turns":3.0},{"damage":30,"enemies":"3 Darklings","floor":48,"turns":2}],"seed_played":"2784750644805632645","potions_obtained":[{"floor":5.0,"key":"FairyPotion"},{"floor":12.0,"key":"Dexterity Potion"},{"floor":16.0,"key":"Block Potion"},{"floor":19.0,"key":"Dexterity Potion"},{"floor":27.0,"key":"LiquidBronze"},{"floor":39.0,"key":"Ancient Potion"},{"floor":41.0,"key":"Strength Potion"}],"is_trial":false,"path_per_floor":["M","?","?","?","M","R","E","R","T","M","R","M","?","$","R","B",null,"M","M","M","?","$","R","M","E","T","M","E","R","$","T","R","B",null,"M","?","M","T","M","R","E","R","T","R","M","R","E","M"],"character_chosen":"IRONCLAD","items_purchased":["Metallicize","Bludgeon","Lee\u0027s Waffle","Block Potion","Anchor"],"campfire_rested":4,"item_purchase_floors":[14,14,22,22,30],"current_hp_per_floor":[66,71,43,43,49,73,19,43,43,48,48,45,45,45,45,13,63,55,43,33,33,87,87,75,57,57,51,33,59,59,59,59,24,71,71,71,44,44,44,68,68,68,68,68,66,66,27,0],"gold":261,"neow_bonus":"HUNDRED_GOLD","is_prod":false,"is_daily":false,"chose_seed":false,"campfire_upgraded":7,"win_rate":0,"timestamp":1549649220,"path_taken":["M","?","?","?","?","R","E","R","T","M","R","M","?","?","R","BOSS","M","?","M","?","$","R","?","E","T","M","E","R","$","?","R","BOSS","M","?","M","?","M","R","E","R","T","R","M","R","E","M"],"build_version":"2019-01-23","purchased_purges":1,"victory":false,"max_hp_per_floor":[75,80,80,80,80,80,80,80,80,80,80,80,80,80,80,80,80,80,80,80,80,87,87,87,87,87,87,87,87,87,87,87,87,87,87,83,83,83,83,83,83,83,83,83,83,83,83,83],"card_choices":[{"not_picked":["Thunderclap","Body Slam"],"picked":"Burning Pact","floor":1.0},{"not_picked":["Body Slam","Wild Strike"],"picked":"Clothesline","floor":5.0},{"not_picked":["Wild Strike","Sword Boomerang"],"picked":"Spot Weakness","floor":7.0},{"not_picked":["Body Slam","Clash"],"picked":"Pommel Strike","floor":10.0},{"not_picked":["Warcry","Iron Wave","Headbutt"],"picked":"SKIP","floor":12.0},{"not_picked":["Feed","Berserk"],"picked":"Offering","floor":16.0},{"not_picked":["Heavy Blade+1","Burning Pact"],"picked":"Whirlwind","floor":18.0},{"not_picked":["Pommel Strike","Flex+1","Headbutt+1"],"picked":"SKIP","floor":19.0},{"not_picked":["Pommel Strike","Hemokinesis"],"picked":"Heavy Blade+1","floor":20.0},{"not_picked":["Armaments","Perfected Strike"],"picked":"Cleave+1","floor":24.0},{"not_picked":["Power Through+1","Berserk","Clash"],"picked":"SKIP","floor":25.0},{"not_picked":["Second Wind","Cleave","Pommel Strike"],"picked":"SKIP","floor":27.0},{"not_picked":["Warcry","Havoc"],"picked":"Double Tap","floor":28.0},{"not_picked":["Clothesline","Reckless Charge+1","Shrug It Off"],"picked":"SKIP","floor":35.0},{"not_picked":["Clothesline+1","Armaments"],"picked":"Metallicize+1","floor":37.0},{"not_picked":["Fire Breathing","Evolve+1","Carnage"],"picked":"SKIP","floor":39.0},{"not_picked":["Shrug It Off","Iron Wave"],"picked":"Seeing Red+1","floor":41.0},{"not_picked":["Dual Wield+1","Perfected Strike","Sword Boomerang"],"picked":"SKIP","floor":45.0},{"not_picked":["Barricade","Pommel Strike","Whirlwind"],"picked":"SKIP","floor":47.0}],"player_experience":254615,"relics_obtained":[{"floor":7.0,"key":"StoneCalendar"},{"floor":9.0,"key":"Tiny Chest"},{"floor":25.0,"key":"PreservedInsect"},{"floor":26.0,"key":"Orichalcum"},{"floor":28.0,"key":"Sundial"},{"floor":31.0,"key":"Mummified Hand"},{"floor":38.0,"key":"War Paint"},{"floor":41.0,"key":"Pantograph"},{"floor":43.0,"key":"Shuriken"},{"floor":47.0,"key":"Molten Egg 2"}],"event_choices":[{"damage_healed":0.0,"max_hp_gain":5.0,"max_hp_loss":0.0,"gold_gain":0.0,"event_name":"Big Fish","player_choice":"Donut","floor":2.0,"gold_loss":0.0,"damage_taken":0.0},{"damage_healed":0.0,"max_hp_gain":0.0,"max_hp_loss":0.0,"gold_gain":0.0,"event_name":"Golden Idol","player_choice":"Take Damage","floor":3.0,"gold_loss":0.0,"damage_taken":28.0,"relics_obtained":["Golden Idol"]},{"damage_healed":0.0,"max_hp_gain":0.0,"max_hp_loss":0.0,"gold_gain":50.0,"event_name":"Golden Shrine","player_choice":"Pray","floor":4.0,"gold_loss":0.0,"damage_taken":0.0},{"damage_healed":0.0,"max_hp_gain":0.0,"max_hp_loss":0.0,"gold_gain":0.0,"event_name":"Living Wall","player_choice":"Grow","floor":13.0,"gold_loss":0.0,"damage_taken":0.0,"cards_upgraded":["Bash"]},{"damage_healed":0.0,"max_hp_gain":0.0,"max_hp_loss":0.0,"gold_gain":0.0,"event_name":"WeMeetAgain","player_choice":"Gave Potion","floor":21.0,"gold_loss":0.0,"damage_taken":0.0,"relics_obtained":["Blue Candle"]},{"damage_healed":0.0,"max_hp_gain":0.0,"max_hp_loss":4.0,"gold_gain":0.0,"event_name":"Winding Halls","player_choice":"Max HP","floor":36.0,"gold_loss":0.0,"damage_taken":0.0}],"is_beta":false,"boss_relics":[{"not_picked":["Pandora\u0027s Box","Eternal Feather"],"picked":"Mark of Pain"},{"not_picked":["White Beast Statue","Fusion Hammer"],"picked":"Velvet Choker"}],"items_purged_floors":[14],"is_endless":false,"potions_floor_spawned":[5,12,16,19,24,27,39,41],"killed_by":"3 Darklings","ascension_level":16}