{"gold_per_floor":[109,126,138,88,105,139,139,128,154,254,273,273,273,60,60,60],"floor_reached":16,"playtime":1016,"items_purged":[],"score":122,"play_id":"1c0cb563-a157-4a24-aa36-5e77b93d36b1","local_time":"20181210193509","is_ascension_mode":true,"campfire_choices":[{"data":"Armaments","floor":7,"key":"SMITH"},{"data":"True Grit","floor":12,"key":"SMITH"},{"data":"True Grit","floor":15,"key":"SMITH"}],"neow_cost":"NONE","seed_source_timestamp":31686970054899,"circlet_count":0,"master_deck":["Strike_R","Strike_R","Strike_R","Strike_R","Strike_R","Defend_R","Defend_R","Defend_R","Bash","True Grit+1","Armaments+1","Flex","True Grit+1","Inflame"],"relics":["Burning Blood","Pen Nib","Smiling Mask","Juzu Bracelet","Bronze Scales"],"potions_floor_usage":[6,6,16],"damage_taken":[{"damage":3,"enemies":"Small Slimes","floor":1,"turns":4},{"damage":6,"enemies":"Jaw Worm","floor":2,"turns":5},{"damage":10,"enemies":"Cultist","floor":3,"turns":5},{"damage":10,"enemies":"Exordium Wildlife","floor":5,"turns":7},{"damage":39,"enemies":"3 Sentries","floor":6,"turns":7},{"damage":5,"enemies":"Exordium Thugs","floor":8,"turns":4},{"damage":7,"enemies":"2 Fungi Beasts","floor":11,"turns":3},{"damage":50,"enemies":"Slime Boss","floor":16,"turns":8}],"seed_played":"5481380501758387401","potions_obtained":[{"floor":3,"key":"Strength Potion"},{"floor":5,"key":"SkillPotion"},{"floor":6,"key":"Poison Potion"},{"floor":11,"key":"SkillPotion"}],"is_trial":false,"path_per_floor":["M","M","M","?","M","E","R","M","T","?","M","R","?","$","R","B"],"character_chosen":"IRONCLAD","items_purchased":["Bronze Scales","Inflame"],"campfire_rested":0,"item_purchase_floors":[14,14],"current_hp_per_floor":[88,88,84,84,80,47,47,48,48,48,47,47,47,47,47,0],"gold":60,"neow_bonus":"TEN_PERCENT_HP_BONUS","is_prod":false,"is_daily":false,"chose_seed":false,"campfire_upgraded":3,"win_rate":0,"timestamp":1544445309,"path_taken":["M","M","M","?","M","E","R","M","T","?","?","R","?","?","R","BOSS"],"build_version":"2018-12-06","purchased_purges":0,"victory":false,"max_hp_per_floor":[88,88,88,88,88,88,88,88,88,88,88,88,88,88,88,88],"card_choices":[{"not_picked":["Clash","Armaments"],"picked":"True Grit","floor":1},{"not_picked":["Hemokinesis","Feel No Pain"],"picked":"Armaments","floor":2},{"not_picked":["Clash","Cleave"],"picked":"Flex","floor":3},{"not_picked":["Clothesline","Headbutt"],"picked":"True Grit","floor":5},{"not_picked":["Bloodletting","Armaments","Bludgeon"],"picked":"SKIP","floor":6},{"not_picked":["Burning Pact","Reckless Charge","Armaments"],"picked":"SKIP","floor":8},{"not_picked":["Burning Pact","Headbutt"],"picked":"Iron Wave","floor":11}],"player_experience":199159,"relics_obtained":[{"floor":6,"key":"Pen Nib"},{"floor":9,"key":"Smiling Mask"}],"event_choices":[{"cards_removed":["Defend_R"],"damage_healed":0,"gold_gain":0,"player_choice":"Card Removal","damage_taken":0,"max_hp_gain":0,"max_hp_loss":0,"event_name":"The Cleric","floor":4,"gold_loss":50},{"damage_healed":0,"gold_gain":100,"player_choice":"Gold","damage_taken":0,"max_hp_gain":0,"max_hp_loss":0,"event_name":"Wheel of Change","floor":10,"gold_loss":0},{"cards_removed":["Iron Wave"],"damage_healed":0,"gold_gain":0,"player_choice":"Gave Card","damage_taken":0,"relics_obtained":["Juzu Bracelet"],"max_hp_gain":0,"max_hp_loss":0,"event_name":"WeMeetAgain","floor":13,"gold_loss":0}],"is_beta":false,"boss_relics":[],"items_purged_floors":[],"is_endless":false,"potions_floor_spawned":[3,5,6,11],"killed_by":"Slime Boss","ascension_level":4}