{"path_per_floor":["M","?","?","M","$","R","M","E","T","R","M","M","R","?","R","B",null,"M","M","$","?","M"],"character_chosen":"DEFECT","items_purchased":["Storm","Sunder","Regal Pillow"],"gold_per_floor":[112,112,287,305,122,122,137,162,162,162,177,194,194,194,194,293,293,310,330,86,86,99,99],"floor_reached":23,"campfire_rested":1,"playtime":932,"item_purchase_floors":[5,5,20],"current_hp_per_floor":[75,75,75,67,67,67,60,44,44,44,36,25,47,52,52,25,80,49,21,21,21,18,0],"items_purged":["Doubt","Strike_B"],"gold":99,"score":210,"play_id":"0fbdb4d7-3333-45dd-9018-b932d8be0fc0","local_time":"20180602112317","is_prod":false,"is_daily":false,"chose_seed":false,"is_ascension_mode":true,"campfire_upgraded":3,"win_rate":0,"timestamp":1527956597,"campfire_choices":[{"data":"Storm","floor":6,"key":"SMITH"},{"data":"Sunder","floor":10,"key":"SMITH"},{"floor":13,"key":"REST"},{"data":"Loop","floor":15,"key":"SMITH"}],"path_taken":["M","?","?","M","$","R","M","E","T","R","M","M","R","?","R","BOSS","M","M","$","?","M","E"],"build_version":"2018-05-31","seed_source_timestamp":1410710277934208,"purchased_purges":2,"victory":false,"master_deck":["Strike_B","Strike_B","Defend_B","Defend_B","Defend_B","Defend_B","Zap","Dualcast","Loop+1","Hologram","Capacitor","Cold Snap","Storm+1","Sunder+1","Self Repair","Rainbow","Streamline","Conserve Battery","Electrodynamics","Consume","FTL"],"max_hp_per_floor":[75,75,75,75,75,75,75,75,75,75,75,75,75,80,80,80,80,80,80,80,80,80,80],"relics":["Cracked Core","Blood Vial","Bottled Flame","Inserter","Regal Pillow"],"card_choices":[{"not_picked":["Hologram","Beam Cell"],"picked":"Loop","floor":0},{"not_picked":["Rebound","Barrage"],"picked":"Hologram","floor":1},{"not_picked":["Loop","Consume"],"picked":"Cold Snap","floor":4},{"not_picked":["Streamline","Chaos"],"picked":"Self Repair","floor":7},{"not_picked":["Sunder","Turbo"],"picked":"Rainbow","floor":8},{"not_picked":["Double Energy","Ball Lightning"],"picked":"Streamline","floor":11},{"not_picked":["Barrage","Doom and Gloom"],"picked":"Conserve Battery","floor":12},{"not_picked":["Thunder Strike","Rainbow"],"picked":"Electrodynamics","floor":16},{"not_picked":["Hello World","Compile Driver"],"picked":"Consume","floor":18},{"not_picked":["Leap","Steam+1"],"picked":"FTL","floor":19},{"not_picked":["Conserve Battery","Compile Driver+1","Lockon"],"picked":"SKIP","floor":22}],"player_experience":327734,"potions_floor_usage":[22,22,23],"damage_taken":[{"damage":0,"enemies":"Cultist","floor":1,"turns":4},{"damage":8,"enemies":"Small Slimes","floor":4,"turns":4},{"damage":7,"enemies":"Jaw Worm","floor":7,"turns":3},{"damage":23,"enemies":"Gremlin Nob","floor":8,"turns":4},{"damage":10,"enemies":"3 Louse","floor":11,"turns":2},{"damage":13,"enemies":"Looter","floor":12,"turns":3},{"damage":36,"enemies":"The Guardian","floor":16,"turns":13},{"damage":31,"enemies":"2 Thieves","floor":18,"turns":4},{"damage":37,"enemies":"Shell Parasite","floor":19,"turns":6},{"damage":12,"enemies":"Centurion and Healer","floor":22,"turns":5},{"damage":27,"enemies":"Slavers","floor":23,"turns":1}],"relics_obtained":[{"floor":8,"key":"Blood Vial"},{"floor":9,"key":"Bottled Flame"}],"event_choices":[{"event_name":"Transmorgrifier","player_choice":"Transform","floor":2,"damage_taken":0},{"event_name":"Liars Game","player_choice":"agreed","floor":3,"damage_taken":0},{"event_name":"Big Fish","player_choice":"Donut","floor":14,"damage_taken":0},{"event_name":"The Woman in Blue","player_choice":"Bought 0 Potions","floor":21,"damage_taken":0}],"boss_relics":[{"not_picked":["Philosopher\u0027s Stone","Black Star"],"picked":"Inserter"}],"items_purged_floors":[5,20],"potions_floor_spawned":[4,8,16,19],"seed_played":"-1426991906733721652","killed_by":"Slavers","ascension_level":2,"potions_obtained":[{"floor":4,"key":"Ancient Potion"},{"floor":8,"key":"Swift Potion"},{"floor":16,"key":"SpeedPotion"},{"floor":19,"key":"FocusPotion"}],"is_trial":false}