{"path_per_floor":["M","?","M","?","M","E","$","M","T","M","E","R","E","M","R","B",null,"M","M","?","?","?","R","E","R","T","R","E","M","M","?","R","B",null,"M","?","M","$","M","R","M","E","T","M","M","R","M","M","R","B"],"character_chosen":"IRONCLAD","items_purchased":["Heavy Blade","Orichalcum","Ancient Tea Set","Iron Wave"],"gold_per_floor":[115,115,130,55,74,108,33,50,100,110,142,142,176,186,186,263,263,283,293,293,293,293,293,323,323,323,323,351,368,381,296,296,367,367,380,380,400,16,33,33,49,78,78,96,116,116,131,144,144,144],"floor_reached":51,"campfire_rested":3,"playtime":2423,"current_hp_per_floor":[70,70,71,71,75,52,52,58,58,53,29,51,47,33,55,13,60,54,62,62,62,75,75,63,63,63,63,41,26,28,28,50,75,75,74,74,56,56,69,69,71,61,61,75,67,67,55,59,59,10],"items_purged":["Strike_R","Strike_R"],"gold":144,"score":1259,"play_id":"bfa6c3eb-b640-4241-9d1b-63b435d44097","local_time":"20180505191311","is_prod":false,"is_daily":false,"chose_seed":false,"is_ascension_mode":true,"campfire_upgraded":6,"timestamp":1525565591,"path_taken":["M","?","M","?","?","E","$","M","T","M","E","R","E","M","R","BOSS","M","M","?","?","?","R","E","R","T","R","E","M","M","?","R","BOSS","M","?","M","$","M","R","M","E","T","M","M","R","?","?","R","BOSS"],"build_version":"2018-05-03","seed_source_timestamp":2876524765960937,"purchased_purges":2,"victory":true,"master_deck":["Strike_R","Defend_R","Defend_R","Defend_R","Bash","AscendersBane","Evolve+1","Wild Strike","Armaments+1","Headbutt","Reckless Charge","Immolate","Thunderclap","Demon Form+1","Metallicize+1","Pummel+1","Rage+1","Iron Wave","Reaper","Limit Break+1","Heavy Blade","Iron Wave+1","Whirlwind","Metallicize+1","Flame Barrier+1"],"max_hp_per_floor":[75,75,75,75,75,75,75,75,75,75,75,75,75,75,75,75,75,75,75,75,75,75,75,75,75,75,75,75,75,75,75,75,75,75,75,75,75,75,75,75,75,75,75,75,75,75,75,75,75,75],"relics":["Burning Blood","Frozen Egg 2","Oddly Smooth Stone","Blood Vial","Bronze Scales","Velvet Choker","Ice Cream","Ginger","The Courier","Gremlin Horn","Mark of Pain","Orichalcum","Ancient Tea Set","Art of War","Pantograph"],"card_choices":[{"not_picked":["Body Slam","Shrug It Off"],"picked":"Wild Strike","floor":1},{"not_picked":["Heavy Blade","Corruption"],"picked":"Headbutt","floor":3},{"not_picked":["Bloodletting","Heavy Blade"],"picked":"Reckless Charge","floor":5},{"not_picked":["Battle Trance","Shrug It Off"],"picked":"Immolate","floor":6},{"not_picked":["Clash","Warcry"],"picked":"Thunderclap","floor":8},{"not_picked":["Exhume","Offering"],"picked":"Demon Form","floor":16},{"not_picked":["Corruption","Pommel Strike"],"picked":"Metallicize","floor":18},{"not_picked":["Shockwave","Flex"],"picked":"Pummel","floor":19},{"not_picked":["Perfected Strike","Iron Wave"],"picked":"Rage","floor":24},{"not_picked":["Thunderclap","Shockwave"],"picked":"Iron Wave","floor":28},{"not_picked":["Iron Wave","True Grit"],"picked":"Reaper","floor":29},{"not_picked":["Barricade","Berserk"],"picked":"Limit Break","floor":33},{"not_picked":["Uppercut","Twin Strike"],"picked":"Whirlwind","floor":41},{"not_picked":["Warcry","Searing Blow"],"picked":"Metallicize","floor":45},{"not_picked":["Perfected Strike","Armaments"],"picked":"Flame Barrier","floor":47}],"player_experience":315899,"potions_floor_usage":[16,24,28,30,33,37,39,50,50,50],"damage_taken":[{"damage":4,"enemies":"Small Slimes","floor":1,"turns":4},{"damage":5,"enemies":"Cultist","floor":3,"turns":4},{"damage":0,"enemies":"2 Louse","floor":5,"turns":2},{"damage":29,"enemies":"3 Sentries","floor":6,"turns":7},{"damage":0,"enemies":"Large Slime","floor":8,"turns":4},{"damage":11,"enemies":"3 Louse","floor":10,"turns":2},{"damage":30,"enemies":"Lagavulin","floor":11,"turns":7},{"damage":12,"enemies":"3 Sentries","floor":13,"turns":3},{"damage":22,"enemies":"Exordium Wildlife","floor":14,"turns":4},{"damage":50,"enemies":"The Guardian","floor":16,"turns":10},{"damage":14,"enemies":"Shell Parasite","floor":18,"turns":5},{"damage":0,"enemies":"Chosen","floor":19,"turns":5},{"damage":18,"enemies":"Book of Stabbing","floor":24,"turns":4},{"damage":30,"enemies":"Slavers","floor":28,"turns":2},{"damage":23,"enemies":"Centurion and Healer","floor":29,"turns":2},{"damage":6,"enemies":"Snake Plant","floor":30,"turns":4},{"damage":18,"enemies":"Champ","floor":33,"turns":7},{"damage":7,"enemies":"Orb Walker","floor":35,"turns":3},{"damage":25,"enemies":"3 Shapes","floor":37,"turns":3},{"damage":5,"enemies":"Sphere and 2 Shapes","floor":39,"turns":3},{"damage":16,"enemies":"Maw","floor":41,"turns":6},{"damage":35,"enemies":"Giant Head","floor":42,"turns":7},{"damage":27,"enemies":"3 Darklings","floor":44,"turns":4},{"damage":14,"enemies":"Sphere and 2 Shapes","floor":45,"turns":4},{"damage":24,"enemies":"4 Shapes","floor":47,"turns":4},{"damage":34,"enemies":"3 Darklings","floor":48,"turns":4},{"damage":71,"enemies":"Donu and Deca","floor":50,"turns":7}],"event_choices":[{"event_name":"Transmorgrifier","player_choice":"Transform","floor":2,"damage_taken":0},{"event_name":"The Cleric","player_choice":"Card Removal","floor":4,"damage_taken":0},{"event_name":"The Lab","player_choice":"Got Potions","floor":20,"damage_taken":0},{"event_name":"Drug Dealer","player_choice":"Ignored","floor":21,"damage_taken":0},{"event_name":"The Library","player_choice":"Heal","floor":22,"damage_taken":0},{"event_name":"Addict","player_choice":"Obtained Relic","floor":31,"damage_taken":0},{"event_name":"Tomb of Lord Red Mask","player_choice":"Ignored","floor":36,"damage_taken":0}],"boss_relics":[{"not_picked":["Eternal Feather","Astrolabe"],"picked":"Velvet Choker"},{"not_picked":["Orrery","Runic Cube"],"picked":"Mark of Pain"}],"potions_floor_spawned":[3,5,11,24,29,37,39,44,45],"seed_played":"6643450020827995603","ascension_level":15,"is_trial":false}