{"gold_per_floor":[112,122,141,66,141,172,172,203,203,224,224],"floor_reached":11,"playtime":482,"items_purged":[],"score":150,"play_id":"f9dbaa73-05b0-43d0-923c-29c24fc4087c","local_time":"20181006161928","is_ascension_mode":true,"campfire_choices":[{"floor":7,"key":"REST"}],"neow_cost":"NONE","seed_source_timestamp":1116697069031574,"circlet_count":0,"master_deck":["Defend_G","Defend_G","Defend_G","Defend_G","Defend_G","Strike_G","Strike_G","Strike_G","Strike_G","Survivor","Neutralize","AscendersBane","Storm of Steel","Caltrops","Poisoned Stab","Quick Slash","Leg Sweep","Dagger Spray","Deadly Poison+1"],"relics":["Ring of the Snake","Oddly Smooth Stone","Incense Burner","Toxic Egg 2","Odd Mushroom"],"potions_floor_usage":[6,8],"damage_taken":[{"damage":0,"enemies":"Small Slimes","floor":1,"turns":4},{"damage":2,"enemies":"2 Louse","floor":2,"turns":4},{"damage":2,"enemies":"Jaw Worm","floor":3,"turns":5},{"damage":32,"enemies":"Gremlin Nob","floor":6,"turns":5},{"damage":17,"enemies":"Lagavulin","floor":8,"turns":5},{"damage":10,"enemies":"The Mushroom Lair","floor":10,"turns":5},{"damage":10,"enemies":"Large Slime","floor":11,"turns":6}],"seed_played":"-4502561062051473097","potions_obtained":[{"floor":2,"key":"PowerPotion"},{"floor":6,"key":"SteroidPotion"},{"floor":10,"key":"Ancient Potion"}],"is_trial":false,"path_per_floor":["M","M","M","?","?","E","R","E","T","?"],"character_chosen":"THE_SILENT","items_purchased":[],"campfire_rested":1,"item_purchase_floors":[],"current_hp_per_floor":[59,57,55,55,44,12,31,14,14,4,0],"gold":224,"neow_bonus":"ONE_RANDOM_RARE_CARD","is_prod":false,"is_daily":false,"chose_seed":false,"campfire_upgraded":0,"win_rate":0,"timestamp":1538857168,"path_taken":["M","M","M","?","?","E","R","E","T","?","M"],"build_version":"2018-10-04v2","purchased_purges":0,"victory":false,"max_hp_per_floor":[66,66,66,66,66,66,66,66,66,66,66],"card_choices":[{"not_picked":["Poisoned Stab","Accuracy"],"picked":"Caltrops","floor":1},{"not_picked":["Dagger Throw","Flechettes"],"picked":"Poisoned Stab","floor":2},{"not_picked":["Deflect","Acrobatics"],"picked":"Quick Slash","floor":3},{"not_picked":["Reflex","Burst"],"picked":"Leg Sweep","floor":6},{"not_picked":["Prepared","Slice"],"picked":"Dagger Spray","floor":8},{"not_picked":["Outmaneuver+1","Quick Slash"],"picked":"Deadly Poison+1","floor":10}],"player_experience":535228,"relics_obtained":[{"floor":6,"key":"Oddly Smooth Stone"},{"floor":8,"key":"Incense Burner"},{"floor":9,"key":"Toxic Egg 2"},{"floor":10,"key":"Odd Mushroom"}],"event_choices":[{"event_name":"The Cleric","player_choice":"Card Removal","floor":4,"damage_taken":0},{"event_name":"World of Goop","player_choice":"Gather Gold","floor":5,"damage_taken":0},{"event_name":"Mushrooms","player_choice":"Fought Mushrooms","floor":10,"damage_taken":0}],"is_beta":false,"boss_relics":[],"items_purged_floors":[],"is_endless":false,"potions_floor_spawned":[2,6,10],"killed_by":"Large Slime","ascension_level":17}