{"gold_per_floor":[114,114,134,134,134,134,155,155,155,155,199,45,88,103,103,193,193,213,49,49,7,7,7,7,42,69,83,83,83,83,122,122,122],"floor_reached":33,"playtime":1409,"items_purged":["Strike_R"],"score":574,"play_id":"2e62fd29-1517-496c-9c65-217ff039a616","local_time":"20190109185401","is_ascension_mode":true,"campfire_choices":[{"data":"Bash","floor":6,"key":"SMITH"},{"data":"Spot Weakness","floor":8,"key":"SMITH"},{"floor":10,"key":"REST"},{"data":"True Grit","floor":15,"key":"SMITH"},{"data":"Writhe","floor":23,"key":"PURGE"},{"data":"Clothesline","floor":29,"key":"SMITH"},{"data":"Shame","floor":32,"key":"PURGE"}],"neow_cost":"NONE","seed_source_timestamp":727001942457821,"circlet_count":0,"master_deck":["AscendersBane","Strike_R","Strike_R","Strike_R","Defend_R","Defend_R+1","Defend_R+1","Defend_R","Bash+1","Headbutt","Spot Weakness+1","Impervious","Shrug It Off","Clothesline+1","True Grit+1","Shockwave","Immolate","Evolve","Fiend Fire","Dropkick","Sword Boomerang","Metallicize"],"relics":["Burning Blood","Golden Idol","Self Forming Clay","Peace Pipe","Vajra","Coffee Dripper","Ginger","WingedGreaves","Oddly Smooth Stone","Boot","Anchor"],"potions_floor_usage":[25,33,33],"damage_taken":[{"damage":3,"enemies":"2 Louse","floor":1,"turns":4},{"damage":4,"enemies":"Jaw Worm","floor":3,"turns":5},{"damage":5,"enemies":"Small Slimes","floor":7,"turns":4},{"damage":29,"enemies":"Gremlin Nob","floor":11,"turns":4},{"damage":25,"enemies":"3 Sentries","floor":13,"turns":10},{"damage":2,"enemies":"Blue Slaver","floor":14,"turns":4},{"damage":18,"enemies":"The Guardian","floor":16,"turns":15},{"damage":8,"enemies":"Shell Parasite","floor":18,"turns":5},{"damage":26,"enemies":"Slavers","floor":25,"turns":5},{"damage":0,"enemies":"Chosen","floor":27,"turns":3},{"damage":13,"enemies":"Colosseum Slavers","floor":28,"turns":3},{"damage":24,"enemies":"Gremlin Leader","floor":31,"turns":4},{"damage":35,"enemies":"Champ","floor":33,"turns":15}],"seed_played":"8836360081091422340","potions_obtained":[{"floor":11,"key":"AttackPotion"},{"floor":14,"key":"Dexterity Potion"},{"floor":25,"key":"Weak Potion"},{"floor":27,"key":"SteroidPotion"}],"is_trial":false,"path_per_floor":["M","?","M","?","?","R","M","R","T","R","E","$","E","M","R","B",null,"M","$","?","$","?","R","?","E","T","M","?","R","?","E","R","B"],"character_chosen":"IRONCLAD","items_purchased":["Shrug It Off","Clothesline","Fiend Fire","Dropkick"],"campfire_rested":1,"item_purchase_floors":[12,12,19,21],"current_hp_per_floor":[78,74,74,52,45,45,46,46,46,68,45,45,26,30,30,18,60,58,58,73,73,73,73,73,53,53,59,52,52,52,34,34,0],"gold":122,"neow_bonus":"TEN_PERCENT_HP_BONUS","is_prod":false,"is_daily":false,"chose_seed":false,"campfire_upgraded":4,"win_rate":0,"timestamp":1547078041,"path_taken":["M","?","M","?","?","R","?","R","T","R","E","$","E","?","R","BOSS","M","?","?","$","?","R","?","E","T","M","?","R","?","E","R","BOSS"],"build_version":"2019-01-03v4","purchased_purges":1,"victory":false,"max_hp_per_floor":[82,74,74,74,74,74,74,74,74,74,74,74,74,74,74,74,74,74,74,74,74,74,74,74,74,74,74,74,74,74,74,74,74],"card_choices":[{"not_picked":["Wild Strike","Clothesline"],"picked":"Headbutt","floor":1},{"not_picked":["Rampage","Headbutt"],"picked":"Spot Weakness","floor":3},{"not_picked":["Searing Blow","Body Slam","Armaments"],"picked":"SKIP","floor":7},{"not_picked":["Cleave","Sever Soul"],"picked":"Impervious","floor":11},{"not_picked":["Burning Pact","Cleave"],"picked":"True Grit","floor":13},{"not_picked":["Seeing Red","Flex"],"picked":"Shockwave","floor":14},{"not_picked":["Limit Break","Berserk"],"picked":"Immolate","floor":16},{"not_picked":["Hemokinesis","Intimidate"],"picked":"Evolve","floor":18},{"not_picked":["Iron Wave","Entrench"],"picked":"Sword Boomerang","floor":25},{"not_picked":["Perfected Strike","Headbutt","Heavy Blade"],"picked":"SKIP","floor":27},{"not_picked":["Impervious","Cleave"],"picked":"Metallicize","floor":31}],"player_experience":716207,"relics_obtained":[{"floor":9,"key":"Self Forming Clay"},{"floor":11,"key":"Peace Pipe"},{"floor":13,"key":"Vajra"},{"floor":25,"key":"WingedGreaves"},{"floor":26,"key":"Oddly Smooth Stone"},{"floor":31,"key":"Anchor"}],"event_choices":[{"damage_healed":0,"gold_gain":0,"player_choice":"Lose Max HP","damage_taken":0,"relics_obtained":["Golden Idol"],"max_hp_gain":0,"max_hp_loss":8,"event_name":"Golden Idol","floor":2,"gold_loss":0},{"damage_healed":0,"gold_gain":0,"player_choice":"Entered Light","damage_taken":22,"max_hp_gain":0,"max_hp_loss":0,"event_name":"Shining Light","floor":4,"gold_loss":0,"cards_upgraded":["Defend_R","Defend_R"]},{"cards_removed":["Strike_R"],"damage_healed":0,"gold_gain":0,"player_choice":"Card Removal","damage_taken":7,"max_hp_gain":0,"max_hp_loss":0,"event_name":"Golden Wing","floor":5,"gold_loss":0},{"damage_healed":15,"gold_gain":0,"player_choice":"Heal","damage_taken":0,"max_hp_gain":0,"max_hp_loss":0,"event_name":"The Library","floor":20,"gold_loss":0},{"damage_healed":0,"gold_gain":0,"player_choice":"Opened","damage_taken":0,"relics_obtained":["Ginger"],"max_hp_gain":0,"max_hp_loss":0,"event_name":"The Mausoleum","floor":22,"gold_loss":0,"cards_obtained":["Writhe"]},{"damage_healed":0,"gold_gain":0,"player_choice":"Ignored","damage_taken":0,"max_hp_gain":0,"max_hp_loss":0,"event_name":"Beggar","floor":24,"gold_loss":0},{"damage_healed":0,"gold_gain":0,"player_choice":"Fight","damage_taken":0,"max_hp_gain":0,"max_hp_loss":0,"event_name":"Colosseum","floor":28,"gold_loss":0},{"damage_healed":0,"gold_gain":0,"player_choice":"Fled From Nobs","damage_taken":0,"max_hp_gain":0,"max_hp_loss":0,"event_name":"Colosseum","floor":28,"gold_loss":0},{"damage_healed":0,"gold_gain":0,"player_choice":"Stole Relic","damage_taken":0,"relics_obtained":["Boot"],"max_hp_gain":0,"max_hp_loss":0,"event_name":"Addict","floor":30,"gold_loss":0,"cards_obtained":["Shame"]}],"is_beta":false,"boss_relics":[{"not_picked":["Pandora\u0027s Box","Mark of Pain"],"picked":"Coffee Dripper"}],"items_purged_floors":[12],"is_endless":false,"potions_floor_spawned":[11,14,16,18,25,27,31],"killed_by":"Champ","ascension_level":20}