{"gold_per_floor":[112,58,58,78,24,52,52,83,108,135,135,168,31,51,51,130,130,148,163,183,98,98,133,152,152,176,20,20,380,8,43,43,43],"floor_reached":33,"playtime":1220,"items_purged":["Strike_R","Decay"],"score":718,"play_id":"25fbfc7f-db35-408f-b0c3-15b9f62ad376","local_time":"20190217144101","is_ascension_mode":true,"campfire_choices":[{"data":"Bludgeon","floor":7,"key":"SMITH"},{"data":"Bash","floor":11,"key":"SMITH"},{"data":"Uppercut","floor":15,"key":"SMITH"},{"floor":25,"key":"REST"},{"floor":32,"key":"REST"}],"neow_cost":"PERCENT_DAMAGE","seed_source_timestamp":277183628598430,"circlet_count":0,"master_deck":["AscendersBane","Strike_R+1","Strike_R+1","Defend_R","Defend_R","Defend_R","Defend_R","Bash+1","Bludgeon+1","Anger","Pommel Strike","Spot Weakness","Inflame","Evolve","Whirlwind","Uppercut+1","Offering","Sword Boomerang","Blood for Blood","Pommel Strike","Power Through","Corruption+1","Juggernaut+1","True Grit+1"],"relics":["Burning Blood","Orichalcum","FossilizedHelix","Magic Flower","Whetstone","MawBank","Cursed Key","Ancient Tea Set","Frozen Egg 2","Juzu Bracelet","HandDrill","Oddly Smooth Stone"],"potions_floor_usage":[8,23,31,33],"damage_taken":[{"damage":4,"enemies":"Jaw Worm","floor":1,"turns":3},{"damage":0,"enemies":"2 Louse","floor":4,"turns":2},{"damage":20,"enemies":"Gremlin Nob","floor":6,"turns":4},{"damage":0,"enemies":"Lagavulin","floor":8,"turns":5},{"damage":0,"enemies":"Gremlin Nob","floor":10,"turns":3},{"damage":14,"enemies":"3 Sentries","floor":12,"turns":6},{"damage":0,"enemies":"Cultist","floor":14,"turns":3},{"damage":17,"enemies":"Hexaghost","floor":16,"turns":7},{"damage":5,"enemies":"Spheric Guardian","floor":18,"turns":3},{"damage":14,"enemies":"2 Thieves","floor":19,"turns":3},{"damage":12,"enemies":"Cultist and Chosen","floor":20,"turns":4},{"damage":33,"enemies":"Gremlin Leader","floor":23,"turns":4},{"damage":20,"enemies":"Shelled Parasite and Fungi","floor":24,"turns":3},{"damage":10,"enemies":"Book of Stabbing","floor":31,"turns":3},{"damage":60,"enemies":"Champ","floor":33,"turns":9}],"seed_played":"-4167674815823669227","potions_obtained":[{"floor":6,"key":"Fire Potion"},{"floor":10,"key":"FearPotion"}],"is_trial":false,"path_per_floor":["M","?","?","M","$","E","R","E","T","E","R","E","$","M","R","B",null,"M","M","M","?","?","E","M","R","T","$","?","?","$","E","R","B"],"character_chosen":"IRONCLAD","items_purchased":["Swift Potion","Whirlwind","Explosive Potion","HandDrill","Juggernaut+1"],"campfire_rested":2,"item_purchase_floors":[5,13,27,30,30],"current_hp_per_floor":[52,52,41,47,47,33,33,39,39,48,48,43,43,52,52,44,67,71,66,63,63,63,39,28,50,50,50,50,15,15,14,36,0],"gold":43,"neow_bonus":"THREE_RARE_CARDS","is_prod":false,"is_daily":false,"chose_seed":false,"campfire_upgraded":3,"win_rate":0,"timestamp":1550432461,"path_taken":["M","?","?","M","?","E","R","E","T","E","R","E","?","M","R","BOSS","M","M","M","?","?","E","M","R","T","$","?","?","?","E","R","BOSS"],"build_version":"2019-01-23","purchased_purges":2,"victory":false,"max_hp_per_floor":[75,75,75,75,75,75,75,75,75,75,75,75,75,75,75,75,75,75,75,75,75,75,75,75,75,75,75,75,75,75,75,75,75],"card_choices":[{"not_picked":["Brutality","Impervious"],"picked":"Bludgeon","floor":0},{"not_picked":["Sword Boomerang","Pummel"],"picked":"Anger","floor":1},{"not_picked":["Hemokinesis","Wild Strike"],"picked":"Pommel Strike","floor":4},{"not_picked":["Rampage","Ghostly Armor"],"picked":"Spot Weakness","floor":6},{"not_picked":["Anger","Rupture"],"picked":"Inflame","floor":8},{"not_picked":["Anger","Seeing Red"],"picked":"Evolve","floor":10},{"not_picked":["Spot Weakness","Anger","Cleave"],"picked":"SKIP","floor":12},{"not_picked":["Thunderclap","Sword Boomerang"],"picked":"Uppercut","floor":14},{"not_picked":["Brutality","Juggernaut"],"picked":"Offering","floor":16},{"not_picked":["Body Slam","Evolve"],"picked":"Sword Boomerang","floor":18},{"not_picked":["Pommel Strike","Clash","Twin Strike+1"],"picked":"SKIP","floor":19},{"not_picked":["Pommel Strike","Wild Strike","Twin Strike"],"picked":"SKIP","floor":20},{"not_picked":["Immolate","Iron Wave","Perfected Strike"],"picked":"SKIP","floor":23},{"not_picked":["Perfected Strike","Pommel Strike"],"picked":"Power Through","floor":24},{"not_picked":["Reckless Charge+1","Hemokinesis+1"],"picked":"True Grit+1","floor":31}],"player_experience":841358,"relics_obtained":[{"floor":6,"key":"FossilizedHelix"},{"floor":8,"key":"Magic Flower"},{"floor":10,"key":"Whetstone"},{"floor":12,"key":"MawBank"},{"floor":23,"key":"Frozen Egg 2"},{"floor":26,"key":"Juzu Bracelet"},{"floor":31,"key":"Oddly Smooth Stone"}],"event_choices":[{"damage_healed":0,"gold_gain":0,"player_choice":"Left Gold","damage_taken":0,"max_hp_gain":0,"max_hp_loss":0,"event_name":"World of Goop","floor":2,"gold_loss":54},{"damage_healed":0,"gold_gain":0,"player_choice":"Success","damage_taken":11,"relics_obtained":["Orichalcum"],"max_hp_gain":0,"max_hp_loss":0,"event_name":"Scrap Ooze","floor":3,"gold_loss":0},{"damage_healed":0,"gold_gain":0,"player_choice":"Obtained Relic","damage_taken":0,"relics_obtained":["Ancient Tea Set"],"max_hp_gain":0,"max_hp_loss":0,"event_name":"Addict","floor":21,"gold_loss":85},{"damage_healed":0,"gold_gain":0,"cards_transformed":["Strike_R","Strike_R"],"player_choice":"Became Test Subject","damage_taken":0,"max_hp_gain":0,"max_hp_loss":0,"event_name":"Drug Dealer","floor":22,"gold_loss":0,"cards_obtained":["Blood for Blood","Pommel Strike"]},{"damage_healed":0,"gold_gain":0,"player_choice":"Read","damage_taken":0,"max_hp_gain":0,"max_hp_loss":0,"event_name":"The Library","floor":28,"gold_loss":0,"cards_obtained":["Corruption"]},{"damage_healed":0,"gold_gain":360,"player_choice":"GOLD GOLD GOLD GOLD ","damage_taken":35,"max_hp_gain":0,"max_hp_loss":0,"event_name":"Knowing Skull","floor":29,"potions_obtained":[],"gold_loss":0,"cards_obtained":[]}],"is_beta":false,"boss_relics":[{"not_picked":["Velvet Choker","Runic Cube"],"picked":"Cursed Key"}],"items_purged_floors":[13,27],"is_endless":false,"potions_floor_spawned":[6,10,14,19,20],"killed_by":"Champ","ascension_level":20}