{"path_per_floor":["M","M","?","M","?","E","M","E","T","M","R","?","M","E","R","B",null,"M","?","$","?","M","R","M","E","T"],"character_chosen":"DEFECT","items_purchased":["Conserve Battery","Omamori","Bag of Preparation"],"gold_per_floor":[115,125,125,144,144,175,195,239,265,290,290,290,311,354,354,480,480,500,500,77,77,101,101,120,153,153,153],"floor_reached":27,"campfire_rested":2,"playtime":996,"item_purchase_floors":[20,20,20],"current_hp_per_floor":[74,74,74,72,72,59,59,55,55,54,54,54,54,46,68,53,70,49,74,74,58,46,68,55,11,11,0],"items_purged":["Strike_B"],"gold":153,"score":316,"play_id":"9bf0863a-e2c4-40d6-9783-ca37485e88e0","local_time":"20180612224840","is_prod":false,"is_daily":false,"chose_seed":false,"is_ascension_mode":true,"campfire_upgraded":1,"win_rate":0,"timestamp":1528861720,"campfire_choices":[{"data":"Hyperbeam","floor":11,"key":"SMITH"},{"floor":15,"key":"REST"},{"floor":23,"key":"REST"}],"path_taken":["M","?","?","M","?","E","M","E","T","?","R","?","?","E","R","BOSS","M","?","$","?","?","R","M","E","T","E"],"build_version":"2018-06-07v3","seed_source_timestamp":2315833901819158,"purchased_purges":1,"victory":false,"master_deck":["Strike_B","Strike_B","Strike_B","Defend_B","Defend_B","Defend_B","Defend_B","Zap","Dualcast","Echo Form","Melter","Aggregate","Hyperbeam+1","Ball Lightning","Cold Snap","Core Surge","Fusion+1","Leap","Meteor Strike","Reinforced Body","Conserve Battery","Sweeping Beam+1"],"max_hp_per_floor":[75,75,75,75,75,75,75,75,75,75,75,75,75,75,75,75,75,75,75,75,75,75,75,75,75,75,75],"relics":["Cracked Core","Golden Idol","Gambling Chip","Happy Flower","Art of War","Pen Nib","Runic Dome","Omamori","Bag of Preparation","Enchiridion","Calipers","Singing Bowl"],"card_choices":[{"not_picked":["Scrape","Capacitor"],"picked":"Melter","floor":1},{"not_picked":["Coolheaded","Redo"],"picked":"Aggregate","floor":2},{"not_picked":["Turbo","Stack"],"picked":"Hyperbeam","floor":4},{"not_picked":["Rebound","Hologram"],"picked":"Ball Lightning","floor":6},{"not_picked":["Redo","Rebound"],"picked":"Cold Snap","floor":7},{"not_picked":["Steam","Undo"],"picked":"Core Surge","floor":8},{"not_picked":["Rebound","Consume"],"picked":"Fusion","floor":10},{"not_picked":["Steam","Coolheaded","Cold Snap"],"picked":"SKIP","floor":13},{"not_picked":["Compile Driver","Amplify"],"picked":"Leap","floor":14},{"not_picked":["Reboot","Fission"],"picked":"Meteor Strike","floor":16},{"not_picked":["Compile Driver+1","Rebound"],"picked":"Reinforced Body","floor":18},{"not_picked":["Redo","Compile Driver","Rebound+1"],"picked":"SKIP","floor":22},{"not_picked":["Stack+1","Go for the Eyes"],"picked":"Sweeping Beam+1","floor":24},{"not_picked":["Genetic Algorithm","Ball Lightning","Beam Cell"],"picked":"SKIP","floor":25}],"player_experience":381416,"potions_floor_usage":[16,16,22,25,27,27],"damage_taken":[{"damage":1,"enemies":"Cultist","floor":1,"turns":3},{"damage":0,"enemies":"Small Slimes","floor":2,"turns":4},{"damage":2,"enemies":"Jaw Worm","floor":4,"turns":3},{"damage":13,"enemies":"Gremlin Nob","floor":6,"turns":3},{"damage":0,"enemies":"Large Slime","floor":7,"turns":4},{"damage":4,"enemies":"3 Sentries","floor":8,"turns":3},{"damage":1,"enemies":"Looter","floor":10,"turns":2},{"damage":0,"enemies":"Gremlin Gang","floor":13,"turns":1},{"damage":8,"enemies":"Gremlin Nob","floor":14,"turns":3},{"damage":15,"enemies":"The Guardian","floor":16,"turns":8},{"damage":21,"enemies":"Shell Parasite","floor":18,"turns":4},{"damage":12,"enemies":"2 Thieves","floor":22,"turns":3},{"damage":13,"enemies":"Cultist and Chosen","floor":24,"turns":5},{"damage":44,"enemies":"Book of Stabbing","floor":25,"turns":7},{"damage":18,"enemies":"Gremlin Leader","floor":27,"turns":3}],"relics_obtained":[{"floor":6,"key":"Gambling Chip"},{"floor":8,"key":"Happy Flower"},{"floor":9,"key":"Art of War"},{"floor":14,"key":"Pen Nib"},{"floor":21,"key":"Enchiridion"},{"floor":25,"key":"Calipers"},{"floor":26,"key":"Singing Bowl"}],"event_choices":[{"event_name":"Golden Idol","player_choice":"Take Wound","floor":3,"damage_taken":0},{"event_name":"Purifier","player_choice":"One Purge","floor":5,"damage_taken":0},{"event_name":"Living Wall","player_choice":"Grow","floor":12,"damage_taken":0},{"event_name":"The Library","player_choice":"Heal","floor":19,"damage_taken":0},{"event_name":"Cursed Tome","player_choice":"Obtained Book","floor":21,"damage_taken":0}],"boss_relics":[{"not_picked":["Ectoplasm","Inserter"],"picked":"Runic Dome"}],"items_purged_floors":[20],"potions_floor_spawned":[1,4,6,8,13,18,24,25],"seed_played":"-2658709602922242397","killed_by":"Gremlin Leader","ascension_level":5,"potions_obtained":[{"floor":1,"key":"FocusPotion"},{"floor":4,"key":"Energy Potion"},{"floor":6,"key":"Block Potion"},{"floor":13,"key":"PowerPotion"},{"floor":18,"key":"EssenceOfSteel"},{"floor":24,"key":"Fire Potion"},{"floor":25,"key":"Energy Potion"}],"is_trial":false}