{"path_per_floor":["M","?","?","?","M","E","M","E","T","?","M","R","M","E","R"],"character_chosen":"THE_SILENT","items_purchased":[],"gold_per_floor":[113,113,113,113,129,172,185,220,220,175,196,196,219,250,250],"floor_reached":16,"campfire_rested":2,"playtime":876,"current_hp_per_floor":[66,65,65,65,63,36,34,19,19,19,10,29,30,19,39],"items_purged":[],"gold":250,"score":132,"play_id":"6e27a7cb-c139-4600-888e-d37c47807c26","is_prod":false,"is_daily":false,"is_ascension_mode":true,"campfire_upgraded":0,"path_taken":["M","?","?","?","M","E","?","E","T","?","M","R","?","E","R","BOSS"],"build_version":"2018-02-12-PROD1","purchased_purges":0,"victory":false,"master_deck":["Defend_G","Defend_G","Defend_G","Defend_G","Defend_G","Strike_G","Strike_G","Strike_G","Strike_G","Survivor","Neutralize","Masterful Stab","Distraction","Slice","Terror","Endless Agony","Blur","Caltrops"],"max_hp_per_floor":[70,65,65,65,65,65,65,65,65,65,65,65,67,67,67],"relics":["Black Star","Golden Idol","Art of War","Singing Bowl","Ice Cream","Frozen Eye","Girya","Pen Nib","Prayer Wheel"],"card_choices":[{"not_picked":["Sucker Punch","Deadly Poison"],"picked":"Masterful Stab"},{"not_picked":["PiercingWail","Wraith Form"],"picked":"Distraction"},{"not_picked":["Dagger Spray","Backflip"],"picked":"Slice"},{"not_picked":["Bane","Underhanded Strike"],"picked":"Terror"},{"not_picked":["Masterful Stab","Expertise"],"picked":"Endless Agony"},{"not_picked":["Footwork","PiercingWail"],"picked":"Blur"},{"not_picked":["Acrobatics","Reflex"],"picked":"Caltrops"}],"player_experience":90995,"potions_floor_usage":[6,16,16],"damage_taken":[{"damage":4,"enemies":"Blue Slaver","floor":1,"turns":6},{"damage":2,"enemies":"Jaw Worm","floor":5,"turns":5},{"damage":27,"enemies":"3 Sentries","floor":6,"turns":16},{"damage":2,"enemies":"2 Louse","floor":7,"turns":2},{"damage":15,"enemies":"Lagavulin","floor":8,"turns":6},{"damage":9,"enemies":"2 Fungi Beasts","floor":11,"turns":4},{"damage":1,"enemies":"Large Slime","floor":13,"turns":6},{"damage":11,"enemies":"Gremlin Nob","floor":14,"turns":4},{"damage":43,"enemies":"Slime Boss","floor":16,"turns":13}],"event_choices":[{"event_name":"Golden Idol","player_choice":"Lose Max HP","floor":2,"damage_taken":0},{"event_name":"Liars Game","player_choice":"disagreed","floor":3,"damage_taken":0},{"event_name":"Purifier","player_choice":"One Purge","floor":4,"damage_taken":0},{"event_name":"World of Goop","player_choice":"Left","floor":10,"damage_taken":0}],"boss_relics":[],"potions_floor_spawned":[1,6,11],"seed_played":"-381587719599755717","killed_by":"Slime Boss","ascension_level":2,"is_trial":false}