{"gold_per_floor":[111,111,286,286,302,322,336,336],"floor_reached":8,"playtime":258,"items_purged":[],"score":48,"play_id":"3e52edc8-a9d5-4384-8f8a-437dd5affe9d","local_time":"20190204121458","is_ascension_mode":false,"campfire_choices":[],"neow_cost":"NONE","seed_source_timestamp":548056112169200,"circlet_count":0,"master_deck":["Defend_G","Defend_G","Defend_G","Defend_G","Defend_G","Strike_G","Strike_G","Strike_G","Strike_G","Strike_G","Survivor+1","Neutralize","Injury","Doubt","Cloak And Dagger","Well Laid Plans"],"relics":["Ring of the Snake","NeowsBlessing","Golden Idol"],"potions_floor_usage":[],"damage_taken":[{"damage":0,"enemies":"Small Slimes","floor":1,"turns":1},{"damage":0,"enemies":"2 Louse","floor":5,"turns":2},{"damage":0,"enemies":"Cultist","floor":6,"turns":1},{"damage":26,"enemies":"Exordium Wildlife","floor":7,"turns":9},{"damage":58,"enemies":"Gremlin Nob","floor":8,"turns":6}],"seed_played":"-7505325246545348262","potions_obtained":[{"floor":6,"key":"SteroidPotion"},{"floor":7,"key":"Block Potion"}],"is_trial":false,"path_per_floor":["M","?","?","?","M","M","M","E"],"character_chosen":"THE_SILENT","items_purchased":[],"campfire_rested":0,"item_purchase_floors":[],"current_hp_per_floor":[70,70,70,70,70,70,44,0],"gold":336,"neow_bonus":"THREE_ENEMY_KILL","is_prod":false,"is_daily":false,"chose_seed":false,"campfire_upgraded":0,"win_rate":0,"timestamp":1549278898,"path_taken":["M","?","?","?","M","M","M","E"],"build_version":"2019-01-23","purchased_purges":0,"victory":false,"max_hp_per_floor":[70,70,70,70,70,70,70,70],"card_choices":[{"not_picked":["Dagger Throw","Calculated Gamble","PiercingWail"],"picked":"SKIP","floor":1},{"not_picked":["Dodge and Roll","Endless Agony"],"picked":"Cloak And Dagger","floor":5},{"not_picked":["Bane","Tactician","Dagger Throw"],"picked":"SKIP","floor":6},{"not_picked":["Underhanded Strike","Outmaneuver"],"picked":"Well Laid Plans","floor":7}],"player_experience":175181,"relics_obtained":[],"event_choices":[{"damage_healed":0,"gold_gain":0,"player_choice":"Take Wound","damage_taken":0,"relics_obtained":["Golden Idol"],"max_hp_gain":0,"max_hp_loss":0,"event_name":"Golden Idol","floor":2,"gold_loss":0,"cards_obtained":["Injury"]},{"damage_healed":0,"gold_gain":175,"player_choice":"AGREE","damage_taken":0,"max_hp_gain":0,"max_hp_loss":0,"event_name":"Liars Game","floor":3,"gold_loss":0,"cards_obtained":["Doubt"]},{"damage_healed":0,"gold_gain":0,"player_choice":"Upgraded","damage_taken":0,"max_hp_gain":0,"max_hp_loss":0,"event_name":"Upgrade Shrine","floor":4,"gold_loss":0,"cards_upgraded":["Survivor"]}],"is_beta":true,"boss_relics":[],"items_purged_floors":[],"is_endless":false,"potions_floor_spawned":[6,7],"killed_by":"Gremlin Nob","ascension_level":0}