{"gold_per_floor":[112,130,146,146,146,146,174,186,253,265,277,289,301,343,355,467,479,505,517,546,508,550,597,609,621,656,693,285,285,485,511,511,511],"floor_reached":33,"playtime":1413,"items_purged":[],"score":473,"play_id":"e1ab7965-c83f-40ee-8d1b-4b47541259ec","local_time":"20180818145005","is_ascension_mode":true,"campfire_choices":[{"floor":6,"key":"REST"},{"data":"Coolheaded","floor":8,"key":"SMITH"},{"floor":11,"key":"REST"},{"data":"Glacier","floor":13,"key":"SMITH"},{"data":"Reprogram","floor":15,"key":"SMITH"},{"floor":24,"key":"REST"},{"floor":32,"key":"REST"}],"neow_cost":"NONE","seed_source_timestamp":506357000906219,"circlet_count":0,"master_deck":["Strike_B+1","Strike_B+1","Strike_B+1","Strike_B+1","Defend_B+1","Defend_B+1","Defend_B+1","Defend_B+1","Zap","Dualcast","AscendersBane","Hologram+1","Glacier+1","Streamline+1","Coolheaded+1","Reprogram+1","Electrodynamics","FTL+1","Sweeping Beam+1","Conserve Battery+1","Undo","Defragment"],"relics":["Cracked Core","Juzu Bracelet","MawBank","Bag of Preparation","Darkstone Periapt","Eternal Feather","Red Mask","Pen Nib","Bottled Lightning","Strawberry","Bird Faced Urn","Medical Kit","Whetstone","Orichalcum"],"potions_floor_usage":[14,23,23,31],"damage_taken":[{"damage":2,"enemies":"Small Slimes","floor":1,"turns":3},{"damage":2,"enemies":"Jaw Worm","floor":2,"turns":3},{"damage":1,"enemies":"Cultist","floor":3,"turns":3},{"damage":32,"enemies":"Gremlin Nob","floor":7,"turns":6},{"damage":16,"enemies":"3 Sentries","floor":14,"turns":9},{"damage":12,"enemies":"The Guardian","floor":16,"turns":12},{"damage":21,"enemies":"3 Byrds","floor":18,"turns":3},{"damage":0,"enemies":"Spheric Guardian","floor":20,"turns":3},{"damage":12,"floor":22,"turns":2},{"damage":6,"enemies":"Slavers","floor":23,"turns":5},{"damage":15,"enemies":"Gremlin Leader","floor":27,"turns":6},{"damage":46,"enemies":"Book of Stabbing","floor":31,"turns":9},{"damage":65,"enemies":"Automaton","floor":33,"turns":6}],"seed_played":"3455672073369285655","potions_obtained":[{"floor":2,"key":"Regen Potion"},{"floor":7,"key":"PowerPotion"},{"floor":20,"key":"SpeedPotion"},{"floor":22,"key":"Weak Potion"},{"floor":27,"key":"SteroidPotion"}],"is_trial":false,"path_per_floor":["M","M","M","?","?","R","E","R","T","?","R","$","R","E","R","B",null,"M","?","M","?","?","E","R","T","T","E","$","?","?","E","R"],"character_chosen":"DEFECT","items_purchased":["Medical Kit","Whetstone","Defragment"],"campfire_rested":4,"item_purchase_floors":[28,28,28],"current_hp_per_floor":[66,64,63,68,52,76,44,44,44,44,68,68,68,67,67,55,74,53,53,53,53,41,35,71,71,78,63,63,63,63,19,57,0],"gold":511,"neow_bonus":"RANDOM_COMMON_RELIC","is_prod":false,"is_daily":false,"chose_seed":false,"campfire_upgraded":3,"win_rate":0,"timestamp":1534618205,"path_taken":["M","M","M","?","?","R","E","R","T","?","R","?","R","E","R","BOSS","M","?","M","?","?","E","R","?","T","E","?","?","?","E","R","BOSS"],"build_version":"2018-08-16","purchased_purges":0,"victory":false,"max_hp_per_floor":[75,75,75,80,80,80,80,80,80,80,80,80,80,80,80,80,80,80,80,80,80,80,80,80,80,87,87,87,87,87,87,87,87],"card_choices":[{"not_picked":["Steam","Rebound"],"picked":"Hologram","floor":1},{"not_picked":["Conserve Battery","Genetic Algorithm"],"picked":"Glacier","floor":2},{"not_picked":["Cold Snap","Redo"],"picked":"Streamline","floor":3},{"not_picked":["Genetic Algorithm","Consume"],"picked":"Coolheaded","floor":7},{"not_picked":["Recycle","Consume"],"picked":"Reprogram","floor":14},{"not_picked":["Creative AI","Machine Learning"],"picked":"Electrodynamics","floor":16},{"not_picked":["Lockon+1","Force Field+1"],"picked":"FTL","floor":18},{"not_picked":["Genetic Algorithm","Coolheaded"],"picked":"Sweeping Beam+1","floor":20},{"not_picked":["Hologram","Leap+1"],"picked":"Conserve Battery+1","floor":23},{"not_picked":["Cold Snap","Stack"],"picked":"Undo","floor":27},{"not_picked":["Tempest","Scrape","Rebound"],"picked":"SKIP","floor":31}],"player_experience":452966,"relics_obtained":[{"floor":7,"key":"MawBank"},{"floor":9,"key":"Bag of Preparation"},{"floor":14,"key":"Darkstone Periapt"},{"floor":22,"key":"Red Mask"},{"floor":23,"key":"Pen Nib"},{"floor":25,"key":"Bottled Lightning"},{"floor":26,"key":"Strawberry"},{"floor":27,"key":"Bird Faced Urn"},{"floor":31,"key":"Orichalcum"}],"event_choices":[{"event_name":"Big Fish","player_choice":"Donut","floor":4,"damage_taken":0},{"event_name":"Shining Light","player_choice":"Entered Light","floor":5,"damage_taken":0},{"event_name":"Living Wall","player_choice":"Grow","floor":10,"damage_taken":0},{"event_name":"Back to Basics","player_choice":"Simplicity","floor":19,"damage_taken":0},{"event_name":"The Joust","player_choice":"Bet on Murderer","floor":21,"damage_taken":0},{"event_name":"Masked Bandits","player_choice":"Fought Bandits","floor":22,"damage_taken":0},{"event_name":"Drug Dealer","player_choice":"Ignored","floor":29,"damage_taken":0},{"event_name":"Wheel of Change","player_choice":"Gold","floor":30,"damage_taken":0}],"is_beta":false,"boss_relics":[{"not_picked":["Coffee Dripper","Snecko Eye"],"picked":"Eternal Feather"}],"items_purged_floors":[],"is_endless":false,"potions_floor_spawned":[2,7,20,22,27],"killed_by":"Automaton","ascension_level":11}