{"gold_per_floor":[112,112,124,140,158,192,192,221,221,221,255,255,275,310,310,409,409,423,437,447,467,467,499,499,524,524,524,524,544,577,609,609,714,714,725,737,737,787,887,921,938,966,966,1001,1036,835,243,261,261,261,261,261,2,32,32],"floor_reached":56,"playtime":3159,"items_purged":["True Grit","Pommel Strike","Feed"],"score":1633,"play_id":"cb9e7402-b1a8-4a5a-9fae-d002809a0bdf","local_time":"20190112153429","daily_mods":["SealedDeck"],"is_ascension_mode":true,"campfire_choices":[{"data":"Battle Trance","floor":7,"key":"SMITH"},{"data":"Searing Blow","floor":10,"key":"SMITH"},{"data":"Armaments","floor":12,"key":"SMITH"},{"data":"Searing Blow+1","floor":15,"key":"SMITH"},{"floor":24,"key":"RECALL"},{"data":"Searing Blow+2","floor":27,"key":"SMITH"},{"data":"Searing Blow+3","floor":32,"key":"SMITH"},{"data":"Searing Blow+4","floor":49,"key":"SMITH"},{"data":"Searing Blow+5","floor":52,"key":"SMITH"}],"neow_cost":"","seed_source_timestamp":0,"circlet_count":0,"master_deck":["Thunderclap","Battle Trance+1","Inflame","Shrug It Off","Combust","True Grit","Armaments+1","Searing Blow+7","Madness","Disarm","Double Tap","Uppercut+1","Flash of Steel+1"],"relics":["Burning Blood","Happy Flower","Paper Frog","Pear","Lantern","Centennial Puzzle","Coffee Dripper","Mummified Hand","Bronze Scales","Red Mask","WingedGreaves","Black Star","Shovel","Girya","Dream Catcher","Vajra","Omamori","Smiling Mask","Mercury Hourglass","Blood Vial","Regal Pillow","Unceasing Top","Pen Nib","Bag of Marbles","Magic Flower","Ancient Tea Set","OrangePellets","Whetstone","Torii"],"potions_floor_usage":[5,5,6,8,33,38,38,50,55],"damage_taken":[{"damage":0,"enemies":"Small Slimes","floor":1,"turns":4},{"damage":3,"enemies":"Cultist","floor":3,"turns":4},{"damage":0,"enemies":"Jaw Worm","floor":4,"turns":5},{"damage":9,"enemies":"Exordium Wildlife","floor":5,"turns":4},{"damage":36,"enemies":"Gremlin Nob","floor":6,"turns":4},{"damage":8,"enemies":"3 Sentries","floor":8,"turns":5},{"damage":1,"enemies":"Lagavulin","floor":11,"turns":5},{"damage":0,"enemies":"Red Slaver","floor":13,"turns":4},{"damage":4,"enemies":"Gremlin Nob","floor":14,"turns":3},{"damage":29,"enemies":"Hexaghost","floor":16,"turns":7},{"damage":2,"enemies":"3 Byrds","floor":18,"turns":3},{"damage":0,"enemies":"Shell Parasite","floor":19,"turns":1},{"damage":0,"enemies":"Shelled Parasite and Fungi","floor":20,"turns":3},{"damage":0,"enemies":"Snecko","floor":21,"turns":3},{"damage":0,"enemies":"Book of Stabbing","floor":23,"turns":3},{"damage":21,"enemies":"Slavers","floor":25,"turns":5},{"damage":5,"enemies":"Cultist and Chosen","floor":29,"turns":3},{"damage":2,"enemies":"Masked Bandits","floor":30,"turns":2},{"damage":31,"enemies":"Gremlin Leader","floor":31,"turns":3},{"damage":11,"enemies":"Automaton","floor":33,"turns":5},{"damage":1,"enemies":"3 Shapes","floor":35,"turns":2},{"damage":0,"enemies":"Orb Walker","floor":36,"turns":1},{"damage":18,"enemies":"2 Orb Walkers","floor":38,"turns":3},{"damage":12,"enemies":"Mind Bloom Boss Battle","floor":39,"turns":5},{"damage":12,"enemies":"Nemesis","floor":40,"turns":3},{"damage":0,"enemies":"3 Darklings","floor":41,"turns":5},{"damage":11,"enemies":"Giant Head","floor":42,"turns":5},{"damage":9,"enemies":"Reptomancer","floor":44,"turns":6},{"damage":4,"enemies":"Giant Head","floor":45,"turns":4},{"damage":22,"enemies":"Writhing Mass","floor":48,"turns":4},{"damage":30,"enemies":"Awakened One","floor":50,"turns":4},{"damage":22,"enemies":"Shield and Spear","floor":54,"turns":3},{"damage":94,"enemies":"The Heart","floor":55,"turns":8}],"seed_played":"-9021549630838142287","potions_obtained":[{"floor":4,"key":"EntropicBrew"},{"floor":5,"key":"Fruit Juice"},{"floor":6,"key":"FairyPotion"},{"floor":8,"key":"PowerPotion"},{"floor":19,"key":"GamblersBrew"},{"floor":33,"key":"FearPotion"},{"floor":38,"key":"SpeedPotion"},{"floor":40,"key":"Weak Potion"},{"floor":44,"key":"GamblersBrew"},{"floor":54,"key":"SpeedPotion"}],"is_trial":true,"path_per_floor":["M","?","M","M","M","E","R","E","T","R","E","R","M","E","R","B",null,"M","M","M","M","?","E","R","E","T","R","?","M","?","E","R","B",null,"M","M","?","?","?","E","M","E","T","E","E","$","$","M","R","B",null,"R","$","E","B",null],"character_chosen":"IRONCLAD","items_purchased":["Bag of Marbles","Magic Flower","Ancient Tea Set","Flash of Steel","OrangePellets"],"campfire_rested":0,"item_purchase_floors":[46,47,47,47,53],"current_hp_per_floor":[80,80,80,80,82,52,52,50,60,60,65,65,71,73,73,50,95,95,95,95,95,95,95,95,80,80,80,80,81,85,60,60,55,95,98,102,102,94,92,89,99,98,98,99,103,103,103,99,99,87,133,133,133,120,38],"gold":32,"neow_bonus":"","is_prod":false,"is_daily":false,"chose_seed":false,"campfire_upgraded":8,"win_rate":0,"timestamp":1547325269,"path_taken":["M","?","?","M","M","E","R","E","T","R","E","R","M","E","R","BOSS","M","M","?","M","?","E","R","E","T","R","?","?","?","E","R","BOSS","M","M","?","?","?","E","?","E","T","E","E","$","$","M","R","BOSS","R","$","E","BOSS"],"build_version":"2019-01-10","purchased_purges":3,"victory":true,"max_hp_per_floor":[80,80,80,80,85,85,85,85,95,95,95,95,95,95,95,95,95,95,95,95,95,95,95,95,95,95,95,95,95,95,95,95,95,95,98,102,102,106,110,113,117,121,121,125,125,125,125,129,129,133,133,133,133,133,133],"card_choices":[{"not_picked":["Armaments","Bloodletting"],"picked":"Iron Wave","floor":1},{"not_picked":["Fire Breathing","Headbutt","Rage"],"picked":"SKIP","floor":3},{"not_picked":["Wild Strike","Body Slam","True Grit"],"picked":"SKIP","floor":4},{"not_picked":["Sever Soul","Pommel Strike","Shrug It Off"],"picked":"SKIP","floor":5},{"not_picked":["Sever Soul","Shrug It Off"],"picked":"Pommel Strike","floor":5},{"not_picked":["Shrug It Off","Brutality","Cleave"],"picked":"SKIP","floor":6},{"not_picked":["Sword Boomerang","Armaments","Iron Wave"],"picked":"SKIP","floor":8},{"not_picked":["Thunderclap","Dropkick","Armaments"],"picked":"SKIP","floor":11},{"not_picked":["Battle Trance","Cleave"],"picked":"Disarm","floor":13},{"not_picked":["Clash","Combust","Flame Barrier"],"picked":"SKIP","floor":14},{"not_picked":["Bludgeon","Juggernaut"],"picked":"Double Tap","floor":16},{"not_picked":["Armaments+1","Power Through+1","Perfected Strike"],"picked":"SKIP","floor":18},{"not_picked":["Body Slam","Entrench+1","Warcry+1"],"picked":"SKIP","floor":19},{"not_picked":["Body Slam","Entrench+1","Warcry+1"],"picked":"SKIP","floor":19},{"not_picked":["Iron Wave","Clash"],"picked":"Uppercut+1","floor":20},{"not_picked":["Feel No Pain","Rupture","Ghostly Armor"],"picked":"SKIP","floor":21},{"not_picked":["Feel No Pain","True Grit","Shrug It Off"],"picked":"SKIP","floor":23},{"not_picked":["Fire Breathing+1","Clash","Clothesline"],"picked":"SKIP","floor":25},{"not_picked":["Body Slam","Flex+1","Rupture"],"picked":"SKIP","floor":29},{"not_picked":["Intimidate","Double Tap","True Grit"],"picked":"SKIP","floor":31},{"not_picked":["Offering","Dark Embrace"],"picked":"Feed","floor":33},{"not_picked":["Heavy Blade","Rampage","Clash"],"picked":"SKIP","floor":35},{"not_picked":["Ghostly Armor+1","Clothesline+1","Body Slam"],"picked":"SKIP","floor":36},{"not_picked":["Power Through+1","Warcry+1","Whirlwind+1"],"picked":"SKIP","floor":40},{"not_picked":["Battle Trance+1","Brutality","Sword Boomerang"],"picked":"SKIP","floor":41},{"not_picked":["Pummel+1","Uppercut","Anger"],"picked":"SKIP","floor":42},{"not_picked":["Uppercut","Wild Strike","Whirlwind"],"picked":"SKIP","floor":44},{"not_picked":["Clothesline+1","Second Wind","Armaments+1"],"picked":"SKIP","floor":45},{"not_picked":["Sentinel+1","Cleave","Battle Trance+1"],"picked":"SKIP","floor":48},{"not_picked":["Havoc+1","Entrench","Carnage+1"],"picked":"SKIP","floor":54}],"player_experience":726720,"relics_obtained":[{"floor":6,"key":"Happy Flower"},{"floor":8,"key":"Paper Frog"},{"floor":9,"key":"Pear"},{"floor":11,"key":"Lantern"},{"floor":14,"key":"Centennial Puzzle"},{"floor":23,"key":"Mummified Hand"},{"floor":25,"key":"Bronze Scales"},{"floor":30,"key":"Red Mask"},{"floor":31,"key":"WingedGreaves"},{"floor":38,"key":"Shovel"},{"floor":39,"key":"Girya"},{"floor":40,"key":"Dream Catcher"},{"floor":40,"key":"Vajra"},{"floor":42,"key":"Omamori"},{"floor":42,"key":"Smiling Mask"},{"floor":43,"key":"Mercury Hourglass"},{"floor":44,"key":"Blood Vial"},{"floor":44,"key":"Regal Pillow"},{"floor":45,"key":"Unceasing Top"},{"floor":45,"key":"Pen Nib"},{"floor":54,"key":"Whetstone"},{"floor":54,"key":"Torii"}],"event_choices":[{"cards_removed":["Iron Wave"],"damage_healed":0,"gold_gain":0,"player_choice":"Took Card","damage_taken":0,"max_hp_gain":0,"max_hp_loss":0,"event_name":"NoteForYourself","floor":2,"gold_loss":0,"cards_obtained":["Madness"]},{"cards_removed":["Armaments"],"damage_healed":0,"gold_gain":0,"player_choice":"Elegance","damage_taken":0,"max_hp_gain":0,"max_hp_loss":0,"event_name":"Back to Basics","floor":22,"gold_loss":0},{"damage_healed":0,"gold_gain":0,"player_choice":"0 cards matched","damage_taken":0,"max_hp_gain":0,"max_hp_loss":0,"event_name":"Match and Keep!","floor":28,"gold_loss":0,"cards_obtained":[]},{"damage_healed":0,"gold_gain":0,"player_choice":"Fought Bandits","damage_taken":0,"max_hp_gain":0,"max_hp_loss":0,"event_name":"Masked Bandits","floor":30,"gold_loss":0},{"damage_healed":0,"gold_gain":0,"player_choice":"Memory 1","damage_taken":0,"max_hp_gain":0,"max_hp_loss":0,"event_name":"SensoryStone","floor":37,"gold_loss":0},{"damage_healed":0,"gold_gain":0,"player_choice":"Fight","damage_taken":0,"max_hp_gain":0,"max_hp_loss":0,"event_name":"Mysterious Sphere","floor":38,"gold_loss":0},{"damage_healed":0,"gold_gain":0,"player_choice":"Fight","damage_taken":0,"max_hp_gain":0,"max_hp_loss":0,"event_name":"MindBloom","floor":39,"gold_loss":0}],"is_beta":false,"boss_relics":[{"not_picked":["Fusion Hammer","Lizard Tail"],"picked":"Coffee Dripper"},{"not_picked":["Busted Crown","Empty Cage"],"picked":"Black Star"}],"items_purged_floors":[46,47,53],"is_endless":false,"potions_floor_spawned":[4,5,6,8,19,20,21,33,38,40,42,44,54],"ascension_level":1}