{"gold_per_floor":[109,28,28,28,4,4,34,34,60,60,85,85,10,23,23,128,128,147,147,147,165,165,165],"floor_reached":23,"playtime":1258,"items_purged":["Strike_R"],"score":340,"play_id":"fb84fb27-04bb-47dd-b404-2d0816f1cf98","local_time":"20190216133905","is_ascension_mode":true,"campfire_choices":[{"data":"Searing Blow","floor":6.0,"key":"SMITH"},{"data":"Searing Blow+1","floor":8.0,"key":"SMITH"},{"data":"Searing Blow+2","floor":10.0,"key":"SMITH"},{"data":"Searing Blow+3","floor":12.0,"key":"SMITH"},{"data":"True Grit","floor":15.0,"key":"SMITH"}],"neow_cost":"NONE","seed_source_timestamp":85371094438559,"circlet_count":0,"master_deck":["Strike_R","Strike_R","Strike_R","Defend_R","Defend_R","Defend_R","Defend_R","Bash","Flame Barrier","Searing Blow+4","Warcry","Pommel Strike","Headbutt","True Grit+1","Barricade","Iron Wave","Rupture","Entrench"],"special_seed":0,"relics":["Burning Blood","NeowsBlessing","Boot","Letter Opener","Centennial Puzzle","Gremlin Horn","Eternal Feather"],"potions_floor_usage":[23,23],"damage_taken":[{"damage":0.0,"enemies":"Small Slimes","floor":1.0,"turns":1.0},{"damage":0.0,"enemies":"3 Sentries","floor":7.0,"turns":2.0},{"damage":0.0,"enemies":"Lagavulin","floor":11.0,"turns":2.0},{"damage":0.0,"enemies":"2 Louse","floor":14.0,"turns":2.0},{"damage":47.0,"enemies":"Hexaghost","floor":16.0,"turns":8.0},{"damage":0.0,"enemies":"3 Byrds","floor":18.0,"turns":3.0},{"damage":17,"enemies":"2 Thieves","floor":21,"turns":5},{"damage":51,"enemies":"Gremlin Leader","floor":23,"turns":6}],"seed_played":"-1866136741460125726","potions_obtained":[{"floor":11.0,"key":"Poison Potion"},{"floor":16.0,"key":"Explosive Potion"},{"floor":21,"key":"PowerPotion"}],"is_trial":false,"path_per_floor":["M","$","?","?","$","R","E","R","T","R","E","R","$","M","R","B",null,"M","?","$","M","?","E"],"character_chosen":"IRONCLAD","items_purchased":["Searing Blow","Warcry"],"campfire_rested":0,"item_purchase_floors":[2,5],"current_hp_per_floor":[78,78,45,45,45,45,51,51,51,51,57,57,57,63,63,22,66,72,72,72,61,46,0],"gold":165,"neow_bonus":"THREE_ENEMY_KILL","is_prod":false,"is_daily":false,"chose_seed":false,"campfire_upgraded":5,"win_rate":0,"timestamp":1550299145,"path_taken":["M","$","?","?","$","R","E","R","T","R","E","R","$","M","R","BOSS","M","?","$","?","?","E"],"build_version":"2019-01-23","purchased_purges":1,"victory":false,"max_hp_per_floor":[80,80,80,80,80,80,80,80,80,80,80,80,80,80,80,80,80,80,80,80,80,85,85],"card_choices":[{"not_picked":["Flex","Body Slam"],"picked":"Flame Barrier","floor":1.0},{"not_picked":["Feel No Pain","Perfected Strike"],"picked":"Pommel Strike","floor":7.0},{"not_picked":["Inflame","Sever Soul"],"picked":"Headbutt","floor":11.0},{"not_picked":["Clothesline","Cleave"],"picked":"True Grit","floor":14.0},{"not_picked":["Juggernaut","Brutality"],"picked":"Barricade","floor":16.0},{"not_picked":["Perfected Strike+1","Wild Strike"],"picked":"Iron Wave","floor":18.0},{"not_picked":["Burning Pact","Pummel"],"picked":"Entrench","floor":21}],"player_experience":342406,"relics_obtained":[{"floor":7.0,"key":"Letter Opener"},{"floor":9.0,"key":"Centennial Puzzle"},{"floor":11.0,"key":"Gremlin Horn"}],"event_choices":[{"damage_healed":0.0,"max_hp_gain":0.0,"max_hp_loss":0.0,"gold_gain":0.0,"event_name":"Scrap Ooze","player_choice":"Success","floor":3.0,"gold_loss":0.0,"damage_taken":33.0,"relics_obtained":["Boot"]},{"damage_healed":0.0,"max_hp_gain":0.0,"max_hp_loss":0.0,"gold_gain":0.0,"event_name":"The Cleric","player_choice":"Leave","floor":4.0,"gold_loss":0.0,"damage_taken":0.0},{"damage_healed":0.0,"max_hp_gain":0.0,"max_hp_loss":0.0,"gold_gain":0.0,"cards_transformed":["Strike_R"],"event_name":"Transmorgrifier","player_choice":"Transformed","floor":19.0,"gold_loss":0.0,"damage_taken":0.0,"cards_obtained":["Rupture"]},{"damage_healed":0,"gold_gain":0,"player_choice":"Shed Blood","damage_taken":20,"max_hp_gain":5,"max_hp_loss":0,"event_name":"Forgotten Altar","floor":22,"gold_loss":0}],"is_beta":false,"boss_relics":[{"not_picked":["White Beast Statue","Tiny House"],"picked":"Eternal Feather"}],"items_purged_floors":[13],"is_endless":false,"potions_floor_spawned":[11,16,21],"killed_by":"Gremlin Leader","ascension_level":8}