{"gold_per_floor":[19,19,87,105,205,205,238,249,249,265,292,292,352,381,381,453,503,521,521],"floor_reached":19,"playtime":918,"items_purged":[],"score":369,"play_id":"80095b37-63b5-469e-af2b-356ae4e06376","local_time":"20190223222004","is_ascension_mode":true,"campfire_choices":[{"data":"Deadly Poison","floor":6.0,"key":"SMITH"},{"floor":12.0,"key":"REST"},{"floor":15,"key":"REST"}],"neow_cost":"NO_GOLD","seed_source_timestamp":87504556619600,"circlet_count":0,"master_deck":["AscendersBane","Defend_G","Defend_G","Defend_G","Defend_G","Strike_G","Strike_G","Strike_G+1","Strike_G","Survivor","Neutralize","Infinite Blades","Cloak And Dagger","Deadly Poison+1","Flying Knee","Backstab","Dagger Throw","Leg Sweep","Corpse Explosion","Backflip","Noxious Fumes"],"special_seed":0,"relics":["Ring of the Snake","SsserpentHead","Pen Nib","Boot","Mercury Hourglass","Calipers","Tiny House"],"potions_floor_usage":[14,16,18],"damage_taken":[{"damage":0.0,"enemies":"Cultist","floor":1.0,"turns":4.0},{"damage":0.0,"enemies":"2 Louse","floor":3.0,"turns":4.0},{"damage":0.0,"enemies":"Small Slimes","floor":4.0,"turns":5.0},{"damage":20.0,"enemies":"Lagavulin","floor":7.0,"turns":5.0},{"damage":11.0,"enemies":"3 Louse","floor":8.0,"turns":4.0},{"damage":0.0,"enemies":"Looter","floor":10.0,"turns":2.0},{"damage":20.0,"enemies":"3 Sentries","floor":11.0,"turns":8.0},{"damage":0.0,"enemies":"Large Slime","floor":13.0,"turns":4.0},{"damage":5,"enemies":"Gremlin Nob","floor":14,"turns":3},{"damage":36,"enemies":"Hexaghost","floor":16,"turns":10},{"damage":21,"enemies":"2 Thieves","floor":18,"turns":3},{"damage":35,"enemies":"Spheric Guardian","floor":19,"turns":7}],"seed_played":"6611327746190414514","potions_obtained":[{"floor":1.0,"key":"Block Potion"},{"floor":4.0,"key":"FearPotion"},{"floor":10.0,"key":"Poison Potion"},{"floor":14,"key":"AttackPotion"},{"floor":16,"key":"PowerPotion"},{"floor":17,"key":"SkillPotion"},{"floor":18,"key":"FearPotion"}],"is_trial":false,"path_per_floor":["M","?","M","M","?","R","E","M","T","M","E","R","M","E","R","B",null,"M","M"],"character_chosen":"THE_SILENT","items_purchased":[],"campfire_rested":2,"item_purchase_floors":[],"current_hp_per_floor":[59,59,59,59,59,59,39,28,28,28,8,27,27,22,41,5,56,35,0],"gold":521,"neow_bonus":"REMOVE_TWO","is_prod":false,"is_daily":false,"chose_seed":false,"campfire_upgraded":1,"win_rate":0,"timestamp":1550978404,"path_taken":["M","?","?","M","?","R","E","M","T","M","E","R","?","E","R","BOSS","M","M"],"build_version":"2019-01-23","purchased_purges":0,"victory":false,"max_hp_per_floor":[66,66,66,66,66,66,66,66,66,66,66,66,66,66,66,66,71,71,71],"card_choices":[{"not_picked":["Distraction","Tactician"],"picked":"Infinite Blades","floor":1.0},{"not_picked":["Well Laid Plans","Blur"],"picked":"Cloak And Dagger","floor":3.0},{"not_picked":["Backflip","Bane"],"picked":"Deadly Poison","floor":4.0},{"not_picked":["Finisher","Terror"],"picked":"Flying Knee","floor":7.0},{"not_picked":["Setup","Bane"],"picked":"Backstab","floor":8.0},{"not_picked":["Reflex","Blade Dance"],"picked":"Dagger Throw","floor":10.0},{"not_picked":["Flying Knee","Catalyst","Concentrate"],"picked":"SKIP","floor":11.0},{"not_picked":["Night Terror","Bane"],"picked":"Leg Sweep","floor":13.0},{"not_picked":["Distraction","Endless Agony","Skewer"],"picked":"SKIP","floor":14},{"not_picked":["Grand Finale","Tools of the Trade"],"picked":"Corpse Explosion","floor":16},{"not_picked":["Underhanded Strike","Blade Dance"],"picked":"Backflip","floor":17},{"not_picked":["Slice","Bane"],"picked":"Noxious Fumes","floor":18}],"player_experience":1261284,"relics_obtained":[{"floor":7.0,"key":"Pen Nib"},{"floor":9.0,"key":"Boot"},{"floor":11.0,"key":"Mercury Hourglass"},{"floor":14,"key":"Calipers"}],"event_choices":[{"damage_healed":0.0,"max_hp_gain":0.0,"max_hp_loss":0.0,"gold_gain":0.0,"event_name":"FaceTrader","player_choice":"Trade","floor":2.0,"gold_loss":0.0,"damage_taken":0.0,"relics_obtained":["SsserpentHead"]},{"damage_healed":0.0,"max_hp_gain":0.0,"max_hp_loss":0.0,"gold_gain":50.0,"event_name":"Golden Shrine","player_choice":"Pray","floor":5.0,"gold_loss":0.0,"damage_taken":0.0}],"is_beta":false,"boss_relics":[{"not_picked":["HoveringKite","Calling Bell"],"picked":"Tiny House"}],"items_purged_floors":[],"is_endless":false,"potions_floor_spawned":[1,4,10,14,16,18],"killed_by":"Spheric Guardian","ascension_level":19}