{"path_per_floor":["M","$","T","$","?","M","?","M","T","M","?","E","R","M","R","B",null,"M","M","?","?","M"],"character_chosen":"IRONCLAD","items_purchased":["Headbutt","Pommel Strike","Rampage"],"gold_per_floor":[210,42,42,4,4,14,35,46,95,105,105,137,137,150,150,246,246,258,269,269,269,287],"floor_reached":23,"campfire_rested":0,"playtime":876,"current_hp_per_floor":[72,72,72,72,72,66,63,66,66,68,52,51,51,46,46,30,78,67,45,45,45,54],"items_purged":["Strike_R"],"gold":287,"score":274,"play_id":"54ac5ae4-8ee1-4f9a-8a4e-f14764056552","is_prod":false,"is_daily":false,"is_ascension_mode":true,"campfire_upgraded":2,"path_taken":["M","$","?","?","?","M","?","M","T","?","?","E","R","M","R","BOSS","M","M","?","?","M","E"],"build_version":"2018-02-22-PROD2","purchased_purges":1,"victory":false,"master_deck":["Defend_R","Defend_R","Defend_R","Defend_R","Bash+1","Hemokinesis+1","Headbutt","Pommel Strike","Rampage+1","Feel No Pain","Seeing Red+1","Shrug It Off","Exhume","Warcry","Bite","Bite","Bite","Bite","Bite","Wild Strike+1"],"max_hp_per_floor":[80,80,80,80,80,80,80,80,80,80,80,94,94,94,94,94,94,94,94,94,65,65],"relics":["Black Blood","Lantern","Odd Mushroom","Bag of Marbles","Mango","Self Forming Clay"],"card_choices":[{"not_picked":["Anger","Wild Strike"],"picked":"Hemokinesis"},{"not_picked":["Wild Strike","Iron Wave"],"picked":"Seeing Red"},{"not_picked":["Wild Strike","Carnage"],"picked":"Shrug It Off"},{"not_picked":["Impervious","Fiend Fire"],"picked":"Exhume"},{"not_picked":["Clash","Iron Wave"],"picked":"Warcry"},{"not_picked":["Juggernaut","Clothesline"],"picked":"Wild Strike"}],"player_experience":146144,"potions_floor_usage":[7,16,16,23,23],"damage_taken":[{"damage":6,"enemies":"Cultist","floor":1,"turns":3},{"damage":12,"enemies":"Jaw Worm","floor":6,"turns":2},{"damage":9,"enemies":"The Mushroom Lair","floor":7,"turns":3},{"damage":3,"enemies":"Small Slimes","floor":8,"turns":3},{"damage":4,"enemies":"2 Fungi Beasts","floor":10,"turns":2},{"damage":21,"enemies":"3 Sentries","floor":12,"turns":6},{"damage":11,"enemies":"Exordium Thugs","floor":14,"turns":4},{"damage":22,"enemies":"Slime Boss","floor":16,"turns":8},{"damage":21,"enemies":"Shell Parasite","floor":18,"turns":3},{"damage":32,"enemies":"Spheric Guardian","floor":19,"turns":4},{"damage":9,"enemies":"Snecko","floor":22,"turns":4},{"damage":69,"enemies":"Gremlin Leader","floor":23,"turns":4}],"event_choices":[{"event_name":"Transmorgrifier","player_choice":"Transform","floor":5,"damage_taken":0},{"event_name":"Mushrooms","player_choice":"Fought Mushrooms","floor":7,"damage_taken":0},{"event_name":"Shining Light","player_choice":"Entered Light","floor":11,"damage_taken":0},{"event_name":"Accursed Blacksmith","player_choice":"Rummage","floor":20,"damage_taken":0},{"event_name":"Vampires","player_choice":"Became a vampire","floor":21,"damage_taken":0}],"boss_relics":[{"not_picked":["Question Card","Runic Cube"],"picked":"Black Blood"}],"potions_floor_spawned":[1,6,10,12,19],"seed_played":"-3498358594605975333","killed_by":"Gremlin Leader","ascension_level":6,"is_trial":false}