{"gold_per_floor":[112,123,123,137,137,137,137,168,227,239,176,202,224,264,276,288],"floor_reached":16,"playtime":524,"items_purged":[],"score":220,"play_id":"62fb4529-1b21-45f3-9f2c-9c8fccf04790","local_time":"20190220073935","is_ascension_mode":true,"campfire_choices":[{"data":"Neutralize","floor":6,"key":"SMITH"},{"data":"A Thousand Cuts","floor":10,"key":"SMITH"},{"data":"A Thousand Cuts","floor":15,"key":"SMITH"}],"neow_cost":"TEN_PERCENT_HP_LOSS","seed_source_timestamp":511785115646687,"circlet_count":0,"master_deck":["AscendersBane","Defend_G","Defend_G","Defend_G","Defend_G","Defend_G","Strike_G","Strike_G","Strike_G","Strike_G","Survivor","Neutralize+1","Flash of Steel","Purity","Dagger Throw","Poisoned Stab+1","All Out Attack","A Thousand Cuts+1","Dodge and Roll","Bouncing Flask","A Thousand Cuts+1"],"relics":["Ring of the Snake","MawBank","Art of War","Pantograph"],"potions_floor_usage":[14],"damage_taken":[{"damage":1,"enemies":"Jaw Worm","floor":1,"turns":4},{"damage":0,"enemies":"2 Louse","floor":2,"turns":3},{"damage":0,"enemies":"Small Slimes","floor":4,"turns":3},{"damage":19,"enemies":"3 Sentries","floor":8,"turns":7},{"damage":16,"enemies":"Exordium Thugs","floor":12,"turns":4},{"damage":7,"enemies":"Large Slime","floor":13,"turns":5},{"damage":12,"enemies":"Lagavulin","floor":14,"turns":6},{"damage":32,"enemies":"The Guardian","floor":16,"turns":2}],"seed_played":"-5910423447588842902","potions_obtained":[{"floor":1,"key":"Strength Potion"},{"floor":2,"key":"GamblersBrew"}],"is_trial":false,"path_per_floor":["M","M","?","M","?","R","?","E","T","R","?","M","M","E","R","B"],"character_chosen":"THE_SILENT","items_purchased":[],"campfire_rested":0,"item_purchase_floors":[],"current_hp_per_floor":[58,58,58,58,58,58,58,39,39,39,39,23,16,4,4,0],"gold":288,"neow_bonus":"RANDOM_COLORLESS_2","is_prod":false,"is_daily":false,"chose_seed":false,"campfire_upgraded":3,"win_rate":0,"timestamp":1550666375,"path_taken":["M","M","?","M","?","R","?","E","T","R","?","M","M","E","R","BOSS"],"build_version":"2019-01-23","purchased_purges":0,"victory":false,"max_hp_per_floor":[60,60,60,60,60,60,60,60,60,60,60,60,60,60,60,60],"card_choices":[{"not_picked":["Flying Knee","Deflect"],"picked":"Dagger Throw","floor":1},{"not_picked":["Quick Slash","Backflip"],"picked":"Poisoned Stab","floor":2},{"not_picked":["Expertise","Cloak And Dagger"],"picked":"All Out Attack","floor":4},{"not_picked":["Poisoned Stab","Sucker Punch"],"picked":"A Thousand Cuts","floor":8},{"not_picked":["Acrobatics","Bane"],"picked":"Dodge and Roll","floor":12},{"not_picked":["A Thousand Cuts","All Out Attack"],"picked":"Bouncing Flask","floor":13},{"not_picked":["Predator","Outmaneuver"],"picked":"A Thousand Cuts","floor":14}],"player_experience":858350,"relics_obtained":[{"floor":8,"key":"MawBank"},{"floor":9,"key":"Art of War"},{"floor":14,"key":"Pantograph"}],"event_choices":[{"damage_healed":0,"gold_gain":0,"player_choice":"Ignored","damage_taken":0,"max_hp_gain":0,"max_hp_loss":0,"event_name":"Golden Idol","floor":3,"gold_loss":0},{"damage_healed":0,"gold_gain":0,"player_choice":"Grow","damage_taken":0,"max_hp_gain":0,"max_hp_loss":0,"event_name":"Living Wall","floor":5,"gold_loss":0,"cards_upgraded":["Poisoned Stab"]},{"damage_healed":0,"gold_gain":0,"player_choice":"Searched \u00270\u0027 times","damage_taken":0,"max_hp_gain":0,"max_hp_loss":0,"event_name":"Dead Adventurer","floor":7,"gold_loss":0},{"cards_removed":["Strike_G"],"damage_healed":0,"gold_gain":0,"player_choice":"Card Removal","damage_taken":0,"max_hp_gain":0,"max_hp_loss":0,"event_name":"The Cleric","floor":11,"gold_loss":75}],"is_beta":false,"boss_relics":[],"items_purged_floors":[],"is_endless":false,"potions_floor_spawned":[1,2,8],"killed_by":"The Guardian","ascension_level":20}