{"gold_per_floor":[109,123,138,63,75,108,108,108,133,133,133,160,160,176,176,248,248,259,259,259,259,259,259,279,279,279,297,297,309,36,71,71,71],"floor_reached":33,"playtime":1218,"items_purged":[],"score":546,"play_id":"8d4e4c7d-6ea7-4a63-b24c-43a807e4295a","local_time":"20190113115824","is_ascension_mode":true,"campfire_choices":[{"floor":7,"key":"REST"},{"data":"Zap","floor":11,"key":"SMITH"},{"data":"Sweeping Beam","floor":13,"key":"SMITH"},{"floor":15,"key":"REST"},{"data":"Dualcast","floor":23,"key":"SMITH"},{"data":"Conserve Battery","floor":25,"key":"SMITH"},{"data":"Seek","floor":32,"key":"SMITH"}],"neow_cost":"NONE","seed_source_timestamp":1047841009389974,"circlet_count":0,"master_deck":["AscendersBane","Strike_B+1","Strike_B+1","Strike_B+1","Defend_B+1","Defend_B+1","Defend_B+1","Defend_B+1","Zap+1","Dualcast+1","Ball Lightning+1","Cold Snap","Conserve Battery+1","Sweeping Beam+1","All For One","Cold Snap","Necronomicurse","Go for the Eyes+1","Gash+1","RitualDagger+1","Hologram+1","FTL+1","Fission+1","Doom and Gloom+1","Seek+1"],"relics":["Cracked Core","Pen Nib","Meat on the Bone","Blood Vial","Torii","Coffee Dripper","Necronomicon","Molten Egg 2","War Paint"],"potions_floor_usage":[6,12,16,31],"damage_taken":[{"damage":1,"enemies":"Cultist","floor":1,"turns":3},{"damage":4,"enemies":"Jaw Worm","floor":2,"turns":3},{"damage":2,"enemies":"2 Louse","floor":3,"turns":2},{"damage":4,"enemies":"Looter","floor":5,"turns":4},{"damage":35,"enemies":"Gremlin Nob","floor":6,"turns":4},{"damage":11,"enemies":"3 Sentries","floor":12,"turns":6},{"damage":19,"enemies":"Exordium Wildlife","floor":14,"turns":4},{"damage":8,"enemies":"Slime Boss","floor":16,"turns":7},{"damage":17,"enemies":"Spheric Guardian","floor":18,"turns":4},{"damage":0,"enemies":"Chosen","floor":24,"turns":3},{"damage":6,"enemies":"3 Cultists","floor":27,"turns":5},{"damage":18,"enemies":"Snake Plant","floor":29,"turns":5},{"damage":23,"enemies":"Slavers","floor":31,"turns":4},{"damage":38,"enemies":"Automaton","floor":33,"turns":6}],"seed_played":"2380584369294638203","potions_obtained":[{"floor":3,"key":"Strength Potion"},{"floor":5,"key":"FocusPotion"},{"floor":6,"key":"Block Potion"},{"floor":27,"key":"Ancient Potion"},{"floor":29,"key":"Energy Potion"}],"is_trial":false,"path_per_floor":["M","M","M","?","M","E","R","T","T","?","R","E","R","M","R","B",null,"M","?","?","?","T","R","M","R","T","M","?","M","$","E","R","B"],"character_chosen":"DEFECT","items_purchased":["FTL+1","Fission","Doom and Gloom+1"],"campfire_rested":2,"item_purchase_floors":[30,30,30],"current_hp_per_floor":[70,66,64,64,60,25,48,48,48,25,25,28,28,23,46,40,69,54,54,33,33,33,33,47,47,47,43,37,33,33,24,24,0],"gold":71,"neow_bonus":"TEN_PERCENT_HP_BONUS","is_prod":false,"is_daily":false,"chose_seed":false,"campfire_upgraded":5,"win_rate":0,"timestamp":1547398704,"path_taken":["M","?","M","?","M","E","R","?","T","?","R","E","R","M","R","BOSS","M","?","?","?","?","R","M","R","T","M","?","?","$","E","R","BOSS"],"build_version":"2019-01-10","purchased_purges":0,"victory":false,"max_hp_per_floor":[78,78,78,78,78,78,78,78,78,78,78,78,78,78,78,78,78,78,78,78,78,78,78,78,78,78,78,78,78,78,78,78,78],"card_choices":[{"not_picked":["Chaos","Scrape"],"picked":"Ball Lightning","floor":1},{"not_picked":["Redo","Double Energy","Stack"],"picked":"SKIP","floor":2},{"not_picked":["Turbo","Rebound"],"picked":"Cold Snap","floor":3},{"not_picked":["Redo","Rebound"],"picked":"Conserve Battery","floor":5},{"not_picked":["All For One","Go for the Eyes"],"picked":"Sweeping Beam","floor":6},{"not_picked":["BootSequence","Force Field","Turbo"],"picked":"SKIP","floor":12},{"not_picked":["Beam Cell","Barrage","Stack"],"picked":"SKIP","floor":14},{"not_picked":["Hyperbeam","Thunder Strike"],"picked":"All For One","floor":16},{"not_picked":["Barrage","Lockon"],"picked":"Cold Snap","floor":18},{"not_picked":["Undo","Double Energy"],"picked":"Go for the Eyes+1","floor":24},{"not_picked":["Redo","Static Discharge+1"],"picked":"Gash+1","floor":27},{"not_picked":["Chill","Static Discharge+1"],"picked":"Hologram","floor":29},{"not_picked":["Hologram","Scrape+1"],"picked":"Seek","floor":31}],"player_experience":732844,"relics_obtained":[{"floor":6,"key":"Pen Nib"},{"floor":8,"key":"Meat on the Bone"},{"floor":9,"key":"Blood Vial"},{"floor":12,"key":"Torii"},{"floor":20,"key":"Necronomicon"},{"floor":26,"key":"Molten Egg 2"},{"floor":31,"key":"War Paint"}],"event_choices":[{"cards_removed":["Strike_B"],"damage_healed":0,"gold_gain":0,"player_choice":"Card Removal","damage_taken":0,"max_hp_gain":0,"max_hp_loss":0,"event_name":"The Cleric","floor":4,"gold_loss":75},{"damage_healed":0,"gold_gain":0,"player_choice":"Entered Light","damage_taken":23,"max_hp_gain":0,"max_hp_loss":0,"event_name":"Shining Light","floor":10,"gold_loss":0,"cards_upgraded":["Strike_B","Ball Lightning"]},{"damage_healed":0,"gold_gain":0,"player_choice":"Ignored","damage_taken":0,"max_hp_gain":0,"max_hp_loss":0,"event_name":"The Mausoleum","floor":19,"gold_loss":0},{"damage_healed":0,"gold_gain":0,"player_choice":"Obtained Book","damage_taken":21,"max_hp_gain":0,"max_hp_loss":0,"event_name":"Cursed Tome","floor":20,"gold_loss":0},{"damage_healed":0,"gold_gain":0,"player_choice":"Simplicity","damage_taken":0,"max_hp_gain":0,"max_hp_loss":0,"event_name":"Back to Basics","floor":21,"gold_loss":0,"cards_upgraded":["Strike_B","Strike_B","Defend_B","Defend_B","Defend_B","Defend_B"]},{"damage_healed":0,"gold_gain":0,"player_choice":"Joined the Cult","damage_taken":6,"max_hp_gain":0,"max_hp_loss":0,"event_name":"Nest","floor":28,"gold_loss":0,"cards_obtained":["RitualDagger"]}],"is_beta":false,"boss_relics":[{"not_picked":["Sozu","Runic Dome"],"picked":"Coffee Dripper"}],"items_purged_floors":[],"is_endless":false,"potions_floor_spawned":[3,5,6,27,29],"killed_by":"Automaton","ascension_level":20}