{"gold_per_floor":[115,115,133,148,168,194,209,178,178,143,318,328,101,116,116,219,219,237,68,68,86,98,123,123,223,247,261,279,291,311,311,311,311],"floor_reached":33,"playtime":2581,"items_purged":["Doubt"],"score":275,"play_id":"1ea6f309-6202-4a05-bbf5-74697fcecb22","local_time":"20190125133450","is_ascension_mode":false,"campfire_choices":[{"floor":15,"key":"REST"},{"floor":24,"key":"RECALL"},{"floor":32,"key":"REST"}],"neow_cost":"CURSE","seed_source_timestamp":283358308953100,"circlet_count":0,"master_deck":["Strike_B","Strike_B","Strike_B","Strike_B","Defend_B","Defend_B","Defend_B","Defend_B","Zap","Dualcast","Injury","Cold Snap","Cold Snap","Beam Cell","Gash","Go for the Eyes+1","FTL+1","Apotheosis","Defragment","Gash+1","Beam Cell+1","Chill+1","Loop"],"relics":["FrozenCore","Ice Cream","Bottled Flame","Molten Egg 2","Lantern","Enchiridion","Vajra","MutagenicStrength"],"potions_floor_usage":[18,33,33],"damage_taken":[{"damage":0,"enemies":"2 Louse","floor":1,"turns":3},{"damage":1,"enemies":"Cultist","floor":3,"turns":3},{"damage":1,"enemies":"Jaw Worm","floor":4,"turns":3},{"damage":6,"enemies":"Lots of Slimes","floor":5,"turns":6},{"damage":35,"enemies":"Gremlin Nob","floor":6,"turns":5},{"damage":7,"enemies":"Looter","floor":7,"turns":3},{"damage":11,"enemies":"Exordium Thugs","floor":8,"turns":6},{"damage":5,"enemies":"Blue Slaver","floor":12,"turns":3},{"damage":0,"enemies":"Large Slime","floor":14,"turns":5},{"damage":23,"enemies":"Slime Boss","floor":16,"turns":18},{"damage":8,"enemies":"Chosen","floor":18,"turns":8},{"damage":5,"enemies":"Spheric Guardian","floor":21,"turns":6},{"damage":1,"enemies":"Snecko","floor":22,"turns":7},{"damage":14,"enemies":"Book of Stabbing","floor":23,"turns":6},{"damage":13,"enemies":"Shelled Parasite and Fungi","floor":27,"turns":5},{"damage":8,"enemies":"Centurion and Healer","floor":28,"turns":7},{"damage":10,"enemies":"Snecko","floor":29,"turns":7},{"damage":1,"enemies":"Cultist and Chosen","floor":30,"turns":8},{"damage":46,"enemies":"Automaton","floor":33,"turns":6}],"seed_played":"8365906889991128484","potions_obtained":[{"floor":1,"key":"FearPotion"},{"floor":3,"key":"GamblersBrew"},{"floor":8,"key":"Explosive Potion"},{"floor":18,"key":"Fruit Juice"},{"floor":29,"key":"AttackPotion"}],"is_trial":false,"path_per_floor":["M","?","M","M","M","E","M","M","T","?","?","M","$","M","R","B",null,"M","$","?","M","M","E","R","?","T","M","M","M","M","?","R","B"],"character_chosen":"DEFECT","items_purchased":["Lantern","Apotheosis"],"campfire_rested":2,"item_purchase_floors":[13,19],"current_hp_per_floor":[75,75,74,73,67,32,25,14,14,32,32,27,27,27,49,26,75,72,72,56,51,50,36,36,36,36,23,15,5,4,4,28,0],"gold":311,"neow_bonus":"ONE_RARE_RELIC","is_prod":false,"is_daily":false,"chose_seed":false,"campfire_upgraded":0,"win_rate":0,"timestamp":1548419690,"path_taken":["M","?","?","M","M","E","M","M","T","?","?","M","?","M","R","BOSS","M","?","?","M","M","E","R","?","T","M","M","?","M","?","R","BOSS"],"build_version":"2019-01-23","purchased_purges":1,"victory":false,"max_hp_per_floor":[75,75,75,75,75,75,75,75,75,75,75,75,75,75,75,75,75,80,80,80,80,80,80,80,80,80,80,80,80,80,80,80,80],"card_choices":[{"not_picked":["Tempest","Sunder","Conserve Battery"],"picked":"SKIP","floor":1},{"not_picked":["Turbo","Barrage","Stack"],"picked":"SKIP","floor":3},{"not_picked":["Streamline","Hello World"],"picked":"Cold Snap","floor":4},{"not_picked":["Rip and Tear","Streamline","Sweeping Beam"],"picked":"SKIP","floor":5},{"not_picked":["Redo","Melter"],"picked":"Cold Snap","floor":6},{"not_picked":["Self Repair","Undo"],"picked":"Beam Cell","floor":7},{"not_picked":["Rebound","Conserve Battery"],"picked":"Gash","floor":8},{"not_picked":["Sweeping Beam+1","Biased Cognition"],"picked":"Go for the Eyes+1","floor":12},{"not_picked":["White Noise","Streamline+1"],"picked":"FTL+1","floor":14},{"not_picked":["Barrage+1","Streamline+1","Steam"],"picked":"SKIP","floor":18},{"not_picked":["Compile Driver+1","Darkness+1","Cold Snap+1"],"picked":"SKIP","floor":21},{"not_picked":["Skim","Aggregate+1"],"picked":"Defragment","floor":22},{"not_picked":["Hello World+1","Conserve Battery"],"picked":"Gash+1","floor":23},{"not_picked":["Biased Cognition","Melter+1"],"picked":"Beam Cell+1","floor":27},{"not_picked":["Ball Lightning+1","Sweeping Beam+1","Compile Driver+1"],"picked":"SKIP","floor":28},{"not_picked":["Rebound+1","Stack"],"picked":"Chill+1","floor":29},{"not_picked":["Redo","Streamline+1"],"picked":"Loop","floor":30}],"player_experience":156169,"relics_obtained":[{"floor":6,"key":"Bottled Flame"},{"floor":9,"key":"Molten Egg 2"},{"floor":20,"key":"Enchiridion"},{"floor":23,"key":"Vajra"}],"event_choices":[{"damage_healed":0,"gold_gain":0,"player_choice":"Ignored","damage_taken":0,"max_hp_gain":0,"max_hp_loss":0,"event_name":"Transmorgrifier","floor":2,"gold_loss":0},{"damage_healed":18,"gold_gain":0,"player_choice":"Healed","damage_taken":0,"max_hp_gain":0,"max_hp_loss":0,"event_name":"The Cleric","floor":10,"gold_loss":35},{"damage_healed":0,"gold_gain":175,"player_choice":"AGREE","damage_taken":0,"max_hp_gain":0,"max_hp_loss":0,"event_name":"Liars Game","floor":11,"gold_loss":0,"cards_obtained":["Doubt"]},{"damage_healed":0,"gold_gain":0,"player_choice":"Obtained Book","damage_taken":16,"max_hp_gain":0,"max_hp_loss":0,"event_name":"Cursed Tome","floor":20,"gold_loss":0},{"damage_healed":0,"gold_gain":100,"player_choice":"Pray","damage_taken":0,"max_hp_gain":0,"max_hp_loss":0,"event_name":"Golden Shrine","floor":25,"gold_loss":0},{"damage_healed":0,"gold_gain":0,"player_choice":"Inject Mutagens","damage_taken":0,"relics_obtained":["MutagenicStrength"],"max_hp_gain":0,"max_hp_loss":0,"event_name":"Drug Dealer","floor":31,"gold_loss":0}],"is_beta":true,"boss_relics":[{"not_picked":["Velvet Choker","Black Star"],"picked":"FrozenCore"}],"items_purged_floors":[13],"is_endless":false,"potions_floor_spawned":[1,3,8,12,18,29,30],"killed_by":"Automaton","ascension_level":0}