{"gold_per_floor":[11,26,44,44,59,59,70,70,93,121,121,86,100,100,100,100],"floor_reached":16,"playtime":521,"items_purged":[],"score":204,"play_id":"2b9469bc-1774-4781-b24c-ecf4db18d652","local_time":"20190201085835","is_ascension_mode":true,"campfire_choices":[{"floor":6,"key":"REST"},{"data":"Zap","floor":8,"key":"SMITH"},{"data":"Genetic Algorithm","floor":11,"key":"SMITH"},{"data":"Sweeping Beam","floor":15,"key":"SMITH"}],"neow_cost":"NO_GOLD","seed_source_timestamp":805515151882428,"circlet_count":0,"master_deck":["AscendersBane","Strike_B","Strike_B","Strike_B","Strike_B","Defend_B","Defend_B","Defend_B","Defend_B","Zap+1","Dualcast","Core Surge","Coolheaded+1","Cold Snap","Sweeping Beam+1","Genetic Algorithm+1","Undo"],"relics":["Cracked Core","NlothsMask","Bag of Marbles"],"potions_floor_usage":[5],"damage_taken":[{"damage":1,"enemies":"Cultist","floor":1,"turns":3},{"damage":1,"enemies":"2 Louse","floor":2,"turns":3},{"damage":14,"enemies":"Small Slimes","floor":3,"turns":3},{"damage":15,"enemies":"Exordium Thugs","floor":5,"turns":7},{"damage":11,"enemies":"Blue Slaver","floor":7,"turns":3},{"damage":24,"enemies":"3 Sentries","floor":10,"turns":7},{"damage":0,"enemies":"3 Louse","floor":13,"turns":2},{"damage":43,"enemies":"Slime Boss","floor":16,"turns":8}],"seed_played":"-1638107150331614197","potions_obtained":[{"floor":2,"key":"LiquidBronze"},{"floor":3,"key":"Dexterity Potion"}],"is_trial":false,"path_per_floor":["M","M","M","?","M","R","M","R","T","E","R","?","M","?","R","B"],"character_chosen":"DEFECT","items_purchased":[],"campfire_rested":1,"item_purchase_floors":[],"current_hp_per_floor":[63,62,48,48,33,54,43,43,43,19,19,36,36,36,36,0],"gold":100,"neow_bonus":"THREE_RARE_CARDS","is_prod":false,"is_daily":false,"chose_seed":false,"campfire_upgraded":3,"win_rate":0,"timestamp":1549029515,"path_taken":["M","M","M","?","?","R","M","R","T","E","R","?","M","?","R","BOSS"],"build_version":"2019-01-23","purchased_purges":0,"victory":false,"max_hp_per_floor":[71,71,71,71,71,71,71,71,71,71,71,71,71,71,71,71],"card_choices":[{"not_picked":["Echo Form","Meteor Strike"],"picked":"Core Surge","floor":0},{"not_picked":["Beam Cell","Force Field"],"picked":"Coolheaded","floor":1},{"not_picked":["Leap","Coolheaded"],"picked":"Cold Snap","floor":2},{"not_picked":["Rebound","Barrage","Go for the Eyes"],"picked":"SKIP","floor":3},{"not_picked":["Steam Power","Streamline","Lockon"],"picked":"SKIP","floor":5},{"not_picked":["Redo","Loop"],"picked":"Sweeping Beam","floor":7},{"not_picked":["Seek","Undo"],"picked":"Genetic Algorithm","floor":10},{"not_picked":["Hologram","Melter"],"picked":"Undo","floor":13}],"player_experience":786423,"relics_obtained":[{"floor":10,"key":"Bag of Marbles"}],"event_choices":[{"damage_healed":0,"gold_gain":0,"player_choice":"Trade","damage_taken":0,"relics_obtained":["NlothsMask"],"max_hp_gain":0,"max_hp_loss":0,"event_name":"FaceTrader","floor":4,"gold_loss":0},{"damage_healed":17,"gold_gain":0,"player_choice":"Healed","damage_taken":0,"max_hp_gain":0,"max_hp_loss":0,"event_name":"The Cleric","floor":12,"gold_loss":35},{"damage_healed":0,"gold_gain":0,"player_choice":"Grow","damage_taken":0,"max_hp_gain":0,"max_hp_loss":0,"event_name":"Living Wall","floor":14,"gold_loss":0,"cards_upgraded":["Coolheaded"]}],"is_beta":false,"boss_relics":[],"items_purged_floors":[],"is_endless":false,"potions_floor_spawned":[2,3],"killed_by":"Slime Boss","ascension_level":20}