{"gold_per_floor":[118,118,118,118,131,160,160,173,228,228,247,167,167,92,92,163,163,181,0,13,23,40,40,40,40,89,103,119,133,133,233,233,233],"floor_reached":33,"playtime":1894,"items_purged":["Regret"],"score":449,"play_id":"c9a25ac1-5ecc-4b94-a217-2baa2395e9bf","local_time":"20190110190657","is_ascension_mode":true,"campfire_choices":[{"data":"Dualcast","floor":7.0,"key":"SMITH"},{"data":"Leap","floor":10.0,"key":"SMITH"},{"data":"Defragment","floor":15.0,"key":"SMITH"},{"floor":23,"key":"REST"},{"floor":25,"key":"REST"},{"data":"Coolheaded","floor":30,"key":"SMITH"},{"floor":32,"key":"REST"}],"neow_cost":"NONE","seed_source_timestamp":65382903277274,"circlet_count":0,"master_deck":["AscendersBane","Strike_B","Strike_B","Strike_B","Strike_B","Defend_B+1","Defend_B+1","Defend_B+1","Defend_B","Zap+1","Dualcast+1","Leap+1","Hologram+1","Coolheaded+1","Leap","Defragment+1","Core Surge","Coolheaded","Cold Snap","Seek","Chill","Blizzard","BootSequence","Compile Driver","Cold Snap+1"],"special_seed":0,"relics":["Cracked Core","NeowsBlessing","Lantern","DataDisk","War Paint","Happy Flower","Inserter","Enchiridion","Oddly Smooth Stone","Turnip","Bottled Lightning"],"potions_floor_usage":[18,27,31,33],"damage_taken":[{"damage":0.0,"enemies":"Jaw Worm","floor":1.0,"turns":1.0},{"damage":0.0,"enemies":"Small Slimes","floor":5.0,"turns":1.0},{"damage":0.0,"enemies":"3 Sentries","floor":6.0,"turns":2.0},{"damage":0.0,"enemies":"2 Louse","floor":8.0,"turns":2.0},{"damage":4.0,"enemies":"Large Slime","floor":11.0,"turns":8.0},{"damage":11.0,"enemies":"The Guardian","floor":16.0,"turns":14.0},{"damage":15,"enemies":"2 Thieves","floor":18,"turns":5},{"damage":0,"enemies":"Spheric Guardian","floor":20,"turns":5},{"damage":11,"enemies":"Snake Plant","floor":21,"turns":7},{"damage":4,"enemies":"Cultist and Chosen","floor":22,"turns":8},{"damage":0,"enemies":"Snecko","floor":27,"turns":5},{"damage":3,"enemies":"3 Cultists","floor":28,"turns":8},{"damage":1,"enemies":"Snake Plant","floor":29,"turns":5},{"damage":0,"enemies":"Colosseum Slavers","floor":31,"turns":5},{"damage":61,"enemies":"Colosseum Nobs","floor":31,"turns":5},{"damage":29,"enemies":"Champ","floor":33,"turns":13}],"seed_played":"1839878948358380623","potions_obtained":[{"floor":5.0,"key":"Regen Potion"},{"floor":6.0,"key":"SteroidPotion"},{"floor":20,"key":"Ancient Potion"},{"floor":22,"key":"FocusPotion"},{"floor":27,"key":"FairyPotion"},{"floor":31,"key":"Poison Potion"}],"is_trial":false,"path_per_floor":["M","?","?","?","M","E","R","M","T","R","M","$","?","$","R","B",null,"M","?","M","M","M","R","?","R","T","M","M","M","R","?","R","B"],"character_chosen":"DEFECT","items_purchased":["Defragment"],"campfire_rested":3,"item_purchase_floors":[12],"current_hp_per_floor":[68,56,41,41,41,41,41,41,41,41,37,37,37,37,37,41,67,52,52,52,41,37,59,43,65,65,65,62,61,61,7,29,0],"gold":233,"neow_bonus":"THREE_ENEMY_KILL","is_prod":false,"is_daily":false,"chose_seed":false,"campfire_upgraded":4,"win_rate":0,"timestamp":1547118417,"path_taken":["M","?","?","?","M","E","R","M","T","R","M","?","?","$","R","BOSS","M","?","M","M","M","R","?","R","T","M","M","M","R","?","R","BOSS"],"build_version":"2019-01-03v4","purchased_purges":1,"victory":false,"max_hp_per_floor":[75,75,75,75,75,75,75,75,75,75,75,75,75,75,75,75,75,75,75,75,75,75,75,75,75,75,75,75,75,75,75,75,75],"card_choices":[{"not_picked":["Steam","Stack"],"picked":"Leap","floor":1.0},{"not_picked":["Gash","Loop"],"picked":"Hologram","floor":5.0},{"not_picked":["Lockon","Blizzard","Static Discharge"],"picked":"SKIP","floor":6.0},{"not_picked":["Streamline","Beam Cell"],"picked":"Coolheaded","floor":8.0},{"not_picked":["Consume","Compile Driver"],"picked":"Leap","floor":11.0},{"not_picked":["Machine Learning","Fission"],"picked":"Core Surge","floor":16.0},{"not_picked":["Aggregate","Compile Driver"],"picked":"Coolheaded","floor":18},{"not_picked":["Steam","Compile Driver+1"],"picked":"Cold Snap","floor":20},{"not_picked":["Scrape","Ball Lightning"],"picked":"Seek","floor":21},{"not_picked":["Genetic Algorithm","Turbo"],"picked":"Chill","floor":22},{"not_picked":["Stack","Double Energy"],"picked":"Blizzard","floor":27},{"not_picked":["Compile Driver","Steam Power"],"picked":"BootSequence","floor":28},{"not_picked":["Recycle","Sweeping Beam"],"picked":"Compile Driver","floor":29},{"not_picked":["Scrape","Gash+1"],"picked":"Cold Snap+1","floor":31}],"player_experience":254418,"relics_obtained":[{"floor":6.0,"key":"DataDisk"},{"floor":9.0,"key":"War Paint"},{"floor":24,"key":"Enchiridion"},{"floor":26,"key":"Oddly Smooth Stone"},{"floor":31,"key":"Turnip"},{"floor":31,"key":"Bottled Lightning"}],"event_choices":[{"damage_healed":0.0,"max_hp_gain":0.0,"max_hp_loss":0.0,"gold_gain":0.0,"event_name":"Scrap Ooze","player_choice":"Success","floor":2.0,"gold_loss":0.0,"damage_taken":12.0,"relics_obtained":["Lantern"]},{"damage_healed":0.0,"max_hp_gain":0.0,"max_hp_loss":0.0,"gold_gain":0.0,"event_name":"Shining Light","player_choice":"Entered Light","floor":3.0,"gold_loss":0.0,"damage_taken":15.0,"cards_upgraded":["Defend_B","Defend_B"]},{"damage_healed":0.0,"max_hp_gain":0.0,"max_hp_loss":0.0,"gold_gain":0.0,"event_name":"Living Wall","player_choice":"Grow","floor":4.0,"gold_loss":0.0,"damage_taken":0.0,"cards_upgraded":["Zap"]},{"damage_healed":0.0,"max_hp_gain":0.0,"max_hp_loss":0.0,"gold_gain":0.0,"event_name":"Big Fish","player_choice":"Box","floor":13.0,"gold_loss":0.0,"damage_taken":0.0,"relics_obtained":["Happy Flower"],"cards_obtained":["Regret"]},{"damage_healed":0,"gold_gain":0,"player_choice":"Paid Fearfully","damage_taken":0,"max_hp_gain":0,"max_hp_loss":0,"event_name":"Masked Bandits","floor":19,"gold_loss":181},{"damage_healed":0,"gold_gain":0,"player_choice":"Obtained Book","damage_taken":16,"max_hp_gain":0,"max_hp_loss":0,"event_name":"Cursed Tome","floor":24,"gold_loss":0},{"damage_healed":0,"gold_gain":0,"player_choice":"Fight","damage_taken":0,"max_hp_gain":0,"max_hp_loss":0,"event_name":"Colosseum","floor":31,"gold_loss":0},{"damage_healed":0,"gold_gain":0,"player_choice":"Fought Nobs","damage_taken":0,"max_hp_gain":0,"max_hp_loss":0,"event_name":"Colosseum","floor":31,"gold_loss":0}],"is_beta":false,"boss_relics":[{"not_picked":["Astrolabe","White Beast Statue"],"picked":"Inserter"}],"items_purged_floors":[14],"is_endless":false,"potions_floor_spawned":[5,6,11,20,22,27,29,31,31],"killed_by":"Champ","ascension_level":13}