{"gold_per_floor":[116,93,155,155,175,175,195,215,215,215,141,161,161,171,171,171],"floor_reached":16,"playtime":1066,"items_purged":[],"score":106,"play_id":"c2c5f8d8-22c9-425a-9e2d-b3e3422afb75","local_time":"20190203221932","is_ascension_mode":true,"campfire_choices":[{"data":"Footwork","floor":6,"key":"SMITH"},{"data":"Phantasmal Killer","floor":10,"key":"SMITH"},{"floor":13,"key":"REST"},{"data":"Accuracy","floor":15,"key":"SMITH"}],"neow_cost":"NONE","seed_source_timestamp":951239729993893,"circlet_count":0,"master_deck":["Defend_G","Defend_G","Defend_G","Defend_G","Defend_G","Strike_G","Strike_G","Strike_G","Strike_G","Survivor","Neutralize","Storm of Steel","Dash","PiercingWail","Phantasmal Killer+1","Footwork+1","Leg Sweep","Dodge and Roll","Accuracy+1","Prepared"],"relics":["Ring of the Snake","Boot"],"potions_floor_usage":[16,16],"damage_taken":[{"damage":0,"enemies":"2 Louse","floor":1,"turns":2},{"damage":10,"enemies":"Cultist","floor":5,"turns":5},{"damage":13,"enemies":"Jaw Worm","floor":7,"turns":4},{"damage":0,"enemies":"Large Slime","floor":8,"turns":11},{"damage":8,"enemies":"Looter","floor":12,"turns":3},{"damage":2,"enemies":"3 Louse","floor":14,"turns":4},{"damage":48,"enemies":"Slime Boss","floor":16,"turns":15}],"seed_played":"3923908910788517799","potions_obtained":[{"floor":5,"key":"LiquidBronze"},{"floor":12,"key":"Swift Potion"},{"floor":14,"key":"Swift Potion"}],"is_trial":false,"path_per_floor":["M","$","?","?","M","R","M","M","T","R","$","M","R","M","R","B"],"character_chosen":"THE_SILENT","items_purchased":["PiercingWail","Accuracy"],"campfire_rested":1,"item_purchase_floors":[2,11],"current_hp_per_floor":[70,70,70,70,60,60,47,47,47,47,47,39,60,58,58,10],"gold":171,"neow_bonus":"ONE_RANDOM_RARE_CARD","is_prod":false,"is_daily":false,"chose_seed":false,"campfire_upgraded":3,"win_rate":0,"timestamp":1549207172,"path_taken":["M","$","?","?","M","R","?","M","T","R","?","M","R","M","R","BOSS"],"build_version":"2019-01-23","purchased_purges":0,"victory":false,"max_hp_per_floor":[70,70,70,70,70,70,70,70,70,70,70,70,70,70,70,70],"card_choices":[{"not_picked":["Sucker Punch","Prepared"],"picked":"Dash","floor":1},{"not_picked":["Blade Dance","Heel Hook"],"picked":"Footwork","floor":5},{"not_picked":["Predator","Outmaneuver"],"picked":"Leg Sweep","floor":7},{"not_picked":["Bane","Prepared"],"picked":"Dodge and Roll","floor":8},{"not_picked":["Bane","Tactician","Slice"],"picked":"SKIP","floor":12},{"not_picked":["Crippling Poison","Quick Slash"],"picked":"Prepared","floor":14}],"player_experience":318429,"relics_obtained":[{"floor":9,"key":"Boot"}],"event_choices":[{"damage_healed":0,"gold_gain":62,"player_choice":"Gained Gold","damage_taken":0,"max_hp_gain":0,"max_hp_loss":0,"event_name":"Golden Wing","floor":3,"gold_loss":0},{"damage_healed":0,"gold_gain":0,"cards_transformed":["Strike_G"],"player_choice":"Transformed","damage_taken":0,"max_hp_gain":0,"max_hp_loss":0,"event_name":"Transmorgrifier","floor":4,"gold_loss":0,"cards_obtained":["Phantasmal Killer"]}],"is_beta":false,"boss_relics":[],"items_purged_floors":[],"is_endless":false,"potions_floor_spawned":[5,12,14],"killed_by":"Slime Boss","ascension_level":3}