{"gold_per_floor":[118,133,208,208,227,258,258,302,329,329,352,17,42,217,217,217],"floor_reached":16,"playtime":551,"items_purged":["Strike_B"],"score":132,"play_id":"2c1f87a8-568d-48b6-94e3-5567b1ddcf14","local_time":"20190125165854","is_ascension_mode":true,"campfire_choices":[{"floor":7.0,"key":"REST"},{"floor":10,"key":"REST"},{"floor":15,"key":"REST"}],"neow_cost":"NONE","seed_source_timestamp":0,"circlet_count":0,"master_deck":["Strike_B","Strike_B","Strike_B","Defend_B","Defend_B","Defend_B","Defend_B","Zap","Dualcast","Cold Snap","Turbo","Go for the Eyes","Glacier","Cold Snap","Skim"],"special_seed":0,"relics":["Cracked Core","Golden Idol","Boot","Omamori","Happy Flower","Frozen Egg 2"],"potions_floor_usage":[8,16],"damage_taken":[{"damage":0.0,"enemies":"2 Louse","floor":1.0,"turns":2.0},{"damage":8.0,"enemies":"Small Slimes","floor":2.0,"turns":3.0},{"damage":7.0,"enemies":"Jaw Worm","floor":5.0,"turns":3.0},{"damage":45.0,"enemies":"Lagavulin","floor":6.0,"turns":7.0},{"damage":8,"enemies":"3 Sentries","floor":8,"turns":6},{"damage":0,"enemies":"Large Slime","floor":11,"turns":4},{"damage":0,"enemies":"2 Fungi Beasts","floor":13,"turns":3},{"damage":70,"enemies":"Hexaghost","floor":16,"turns":16}],"seed_played":"-7832605522841312039","potions_obtained":[{"floor":1.0,"key":"EssenceOfSteel"},{"floor":2.0,"key":"AttackPotion"}],"is_trial":false,"path_per_floor":["M","M","?","?","M","E","R","E","T","R","M","$","M","?","R","B"],"character_chosen":"DEFECT","items_purchased":["Frozen Egg 2"],"campfire_rested":3,"item_purchase_floors":[12],"current_hp_per_floor":[82,74,63,63,56,11,33,25,25,47,47,47,47,47,69,0],"gold":217,"neow_bonus":"TEN_PERCENT_HP_BONUS","is_prod":false,"is_daily":false,"chose_seed":false,"campfire_upgraded":0,"win_rate":0,"timestamp":1548453534,"path_taken":["M","M","?","?","M","E","R","E","T","R","M","$","M","?","R","BOSS"],"build_version":"2019-01-23","purchased_purges":1,"victory":false,"max_hp_per_floor":[82,82,82,76,76,76,76,76,76,76,76,76,76,76,76,76],"card_choices":[{"not_picked":["Steam Power","Go for the Eyes"],"picked":"Cold Snap","floor":1.0},{"not_picked":["Sweeping Beam","Streamline"],"picked":"Turbo","floor":2.0},{"not_picked":["Lockon","Fusion","Gash"],"picked":"SKIP","floor":5.0},{"not_picked":["Steam","Ball Lightning"],"picked":"Go for the Eyes","floor":6.0},{"not_picked":["Consume","Cold Snap"],"picked":"Glacier","floor":8},{"not_picked":["Stack","Rip and Tear"],"picked":"Cold Snap","floor":11},{"not_picked":["Rebound","Turbo"],"picked":"Skim","floor":13}],"player_experience":141583,"relics_obtained":[{"floor":6.0,"key":"Boot"},{"floor":8,"key":"Omamori"},{"floor":9,"key":"Happy Flower"}],"event_choices":[{"damage_healed":0.0,"max_hp_gain":0.0,"max_hp_loss":0.0,"gold_gain":75.0,"event_name":"World of Goop","player_choice":"Gather Gold","floor":3.0,"gold_loss":0.0,"damage_taken":11.0},{"damage_healed":0.0,"max_hp_gain":0.0,"max_hp_loss":6.0,"gold_gain":0.0,"event_name":"Golden Idol","player_choice":"Lose Max HP","floor":4.0,"gold_loss":0.0,"damage_taken":0.0,"relics_obtained":["Golden Idol"]},{"damage_healed":0,"gold_gain":175,"player_choice":"AGREE","damage_taken":0,"max_hp_gain":0,"max_hp_loss":0,"event_name":"Liars Game","floor":14,"gold_loss":0,"cards_obtained":["Doubt"]}],"is_beta":false,"boss_relics":[],"items_purged_floors":[12],"is_endless":false,"potions_floor_spawned":[1,2],"killed_by":"Hexaghost","ascension_level":4}