{"gold_per_floor":[109,129,129,142,154,154,170,170,170,185,360,360,376,395,395,395],"floor_reached":16,"playtime":539,"items_purged":[],"score":115,"play_id":"ae424b9c-1180-4d5b-87c8-1c52d58621a7","local_time":"20181208151608","is_ascension_mode":true,"campfire_choices":[{"data":"Bash","floor":6,"key":"SMITH"},{"data":"Perfected Strike","floor":8,"key":"SMITH"},{"data":"Twin Strike","floor":12,"key":"SMITH"},{"floor":15,"key":"REST"}],"neow_cost":"NONE","seed_source_timestamp":857759326351913,"circlet_count":0,"master_deck":["Strike_R","Strike_R","Strike_R","Strike_R","Strike_R","Defend_R","Defend_R","Defend_R","Defend_R","Bash+1","Perfected Strike+1","Twin Strike+1","Pain","Doubt","Warcry"],"relics":["Burning Blood","Happy Flower","WarpedTongs","Bag of Marbles"],"potions_floor_usage":[],"damage_taken":[{"damage":6,"enemies":"Cultist","floor":1,"turns":3},{"damage":15,"enemies":"Small Slimes","floor":2,"turns":3},{"damage":10,"enemies":"Jaw Worm","floor":4,"turns":3},{"damage":19,"enemies":"Blue Slaver","floor":5,"turns":3},{"damage":24,"enemies":"Exordium Wildlife","floor":7,"turns":5},{"damage":3,"enemies":"Large Slime","floor":10,"turns":2},{"damage":2,"enemies":"2 Fungi Beasts","floor":13,"turns":2},{"damage":23,"enemies":"Gremlin Gang","floor":14,"turns":5},{"damage":64,"enemies":"Slime Boss","floor":16,"turns":8}],"seed_played":"-7950804007246565110","potions_obtained":[{"floor":4,"key":"SkillPotion"},{"floor":5,"key":"Dexterity Potion"},{"floor":10,"key":"Swift Potion"}],"is_trial":false,"path_per_floor":["M","M","?","M","M","R","M","R","T","M","?","R","M","M","R","B"],"character_chosen":"IRONCLAD","items_purchased":[],"campfire_rested":1,"item_purchase_floors":[],"current_hp_per_floor":[80,71,71,67,54,54,36,36,36,39,39,39,43,26,50,0],"gold":395,"neow_bonus":"RANDOM_COMMON_RELIC","is_prod":false,"is_daily":false,"chose_seed":false,"campfire_upgraded":3,"win_rate":0,"timestamp":1544256968,"path_taken":["M","M","?","M","M","R","?","R","T","M","?","R","M","M","R","BOSS"],"build_version":"2018-12-06","purchased_purges":0,"victory":false,"max_hp_per_floor":[80,80,80,80,80,80,80,80,80,80,80,80,80,80,80,80],"card_choices":[{"not_picked":["Twin Strike","Feel No Pain"],"picked":"Perfected Strike","floor":1},{"not_picked":["Second Wind","Heavy Blade"],"picked":"Twin Strike","floor":2},{"not_picked":["Combust","Whirlwind","Anger"],"picked":"SKIP","floor":4},{"not_picked":["Feel No Pain","Reckless Charge","Sword Boomerang"],"picked":"SKIP","floor":5},{"not_picked":["Cleave","Thunderclap","Rupture"],"picked":"SKIP","floor":7},{"not_picked":["Carnage","Havoc","Clash"],"picked":"SKIP","floor":10},{"not_picked":["Anger","Wild Strike"],"picked":"Warcry","floor":13},{"not_picked":["Pummel","Spot Weakness","Havoc"],"picked":"SKIP","floor":14}],"player_experience":190806,"relics_obtained":[{"floor":9,"key":"Bag of Marbles"}],"event_choices":[{"damage_healed":0,"gold_gain":0,"player_choice":"Rummage","damage_taken":0,"relics_obtained":["WarpedTongs"],"max_hp_gain":0,"max_hp_loss":0,"event_name":"Accursed Blacksmith","floor":3,"gold_loss":0,"cards_obtained":["Pain"]},{"damage_healed":0,"gold_gain":175,"player_choice":"AGREE","damage_taken":0,"max_hp_gain":0,"max_hp_loss":0,"event_name":"Liars Game","floor":11,"gold_loss":0,"cards_obtained":["Doubt"]}],"is_beta":false,"boss_relics":[],"items_purged_floors":[],"is_endless":false,"potions_floor_spawned":[4,5,10],"killed_by":"Slime Boss","ascension_level":4}