{"path_per_floor":["M","?","M","M","M","R","E","R","T","R","E","?","M","?","R","B",null,"M","?","?","M","$","R","E","R","T","E","M","R","$","E","R","B",null,"M","M","?","?","M","R","E","M","T","M","$","R","M"],"character_chosen":"IRONCLAD","items_purchased":["Omamori","Singing Bowl","Inflame"],"gold_per_floor":[118,118,136,153,170,170,202,202,202,202,232,232,247,247,247,344,344,363,288,288,305,2,2,31,31,55,87,102,102,27,56,56,153,153,168,181,0,0,16,16,45,62,62,82,22,22,32],"floor_reached":48,"campfire_rested":2,"playtime":2140,"current_hp_per_floor":[80,47,53,59,64,64,70,70,70,70,72,77,81,81,81,64,85,72,72,72,62,62,62,27,67,67,68,85,85,85,47,85,85,85,64,72,72,72,87,87,56,64,64,65,65,65,63],"items_purged":["Strike_R"],"gold":32,"score":604,"play_id":"c41d9709-7f8d-45f8-b001-2b069018b211","is_prod":false,"is_daily":false,"is_ascension_mode":true,"campfire_upgraded":8,"path_taken":["M","?","M","?","M","R","E","R","T","R","E","?","M","?","R","BOSS","M","?","?","M","$","R","E","R","T","E","M","R","$","E","R","BOSS","M","M","?","?","M","R","E","M","T","M","$","R","M","E"],"build_version":"2018-02-15-PROD1","purchased_purges":1,"victory":false,"master_deck":["Strike_R","Strike_R","Defend_R","Defend_R","Defend_R","Defend_R","Bash","Dark Embrace","Spot Weakness+1","Sword Boomerang","Evolve+1","Ghostly Armor","Whirlwind+1","Thunderclap","Barricade+1","Reaper","Spot Weakness","Entrench+1","Shockwave+1","Metallicize+1","Warcry","Blood for Blood+1","Limit Break+1","Demon Form+1","Searing Blow","Sword Boomerang+1","Headbutt+1"],"max_hp_per_floor":[80,80,80,80,80,80,80,80,80,80,80,85,85,85,85,85,85,85,85,85,85,85,85,85,85,85,85,85,85,85,85,85,85,85,87,87,87,87,87,87,89,89,89,91,91,91,93],"relics":["Black Blood","Thread and Needle","Regal Pillow","Sundial","Kunai","Velvet Choker","Omamori","Singing Bowl","Shuriken","Juzu Bracelet","Ice Cream","The Courier","Red Mask","Meat on the Bone","Ginger"],"card_choices":[{"not_picked":["Wild Strike","Rampage"],"picked":"Spot Weakness"},{"not_picked":["Havoc","Body Slam"],"picked":"Sword Boomerang"},{"not_picked":["Iron Wave","Fire Breathing"],"picked":"Evolve"},{"not_picked":["Dual Wield","Havoc"],"picked":"Ghostly Armor"},{"not_picked":["Iron Wave","Body Slam"],"picked":"Whirlwind"},{"not_picked":["Blood for Blood","Uppercut"],"picked":"Thunderclap"},{"not_picked":["Bloodletting","Thunderclap"],"picked":"Barricade"},{"not_picked":["Brutality","Fiend Fire"],"picked":"Reaper"},{"not_picked":["Anger","Hemokinesis"],"picked":"Spot Weakness"},{"not_picked":["Perfected Strike","Sentinel"],"picked":"Shockwave"},{"not_picked":["Bloodletting","Warcry"],"picked":"Metallicize"},{"not_picked":["Rampage","Intimidate"],"picked":"Warcry"},{"not_picked":["Iron Wave","Inflame"],"picked":"Blood for Blood"},{"not_picked":["Brutality","Impervious"],"picked":"Limit Break"},{"not_picked":["Anger","Rupture"],"picked":"Demon Form"},{"not_picked":["Body Slam","Clothesline"],"picked":"Sword Boomerang"},{"not_picked":["Intimidate","Searing Blow"],"picked":"Headbutt"}],"player_experience":126581,"potions_floor_usage":[7,16,16,27,42,48],"damage_taken":[{"damage":2,"enemies":"2 Louse","floor":1,"turns":3},{"damage":0,"enemies":"Cultist","floor":3,"turns":4},{"damage":0,"enemies":"Small Slimes","floor":4,"turns":3},{"damage":1,"enemies":"Looter","floor":5,"turns":3},{"damage":0,"enemies":"Lagavulin","floor":7,"turns":7},{"damage":4,"enemies":"3 Sentries","floor":11,"turns":4},{"damage":2,"enemies":"2 Fungi Beasts","floor":13,"turns":3},{"damage":23,"enemies":"Slime Boss","floor":16,"turns":10},{"damage":19,"enemies":"2 Thieves","floor":18,"turns":3},{"damage":16,"enemies":"Spheric Guardian","floor":21,"turns":4},{"damage":41,"enemies":"Book of Stabbing","floor":24,"turns":6},{"damage":17,"enemies":"Slavers","floor":27,"turns":4},{"damage":7,"enemies":"Snecko","floor":28,"turns":6},{"damage":75,"enemies":"Gremlin Leader","floor":31,"turns":5},{"damage":6,"enemies":"Automaton","floor":33,"turns":13},{"damage":44,"enemies":"3 Darklings","floor":35,"turns":6},{"damage":2,"enemies":"Orb Walker","floor":36,"turns":5},{"damage":25,"enemies":"3 Darklings","floor":39,"turns":5},{"damage":43,"enemies":"Giant Head","floor":41,"turns":8},{"damage":61,"enemies":"Sphere and 2 Shapes","floor":42,"turns":5},{"damage":33,"enemies":"Maw","floor":44,"turns":7},{"damage":59,"enemies":"4 Shapes","floor":47,"turns":4},{"damage":70,"enemies":"2 Orb Walkers","floor":48,"turns":3}],"event_choices":[{"event_name":"Scrap Ooze","player_choice":"success","floor":2,"damage_taken":33},{"event_name":"Big Fish","player_choice":"Donut","floor":12,"damage_taken":0},{"event_name":"Purifier","player_choice":"One Purge","floor":14,"damage_taken":0},{"event_name":"Beggar","player_choice":"Gave Gold","floor":19,"damage_taken":0},{"event_name":"The Library","player_choice":"Read","floor":20,"damage_taken":0},{"event_name":"Tomb of Lord Red Mask","player_choice":"Paid","floor":37,"damage_taken":0},{"event_name":"Transmorgrifier","player_choice":"Transform","floor":38,"damage_taken":0}],"boss_relics":[{"not_picked":["Ectoplasm","White Beast Statue"],"picked":"Velvet Choker"},{"not_picked":["Philosopher\u0027s Stone","Snecko Eye"],"picked":"Black Blood"}],"potions_floor_spawned":[4,5,7,24,28,31,35,36,41],"seed_played":"-3804599594427722594","killed_by":"2 Orb Walkers","ascension_level":4,"is_trial":false}