{"path_per_floor":["M","$","?","M","M","E","M","R","T","R","E","R","M","M","R","B",null,"M","?","?","?","M","R","E","?","T","M","E","M","R","?","R"],"character_chosen":"IRONCLAD","items_purchased":[],"gold_per_floor":[111,36,36,53,64,98,114,114,114,114,143,143,162,179,179,277,277,293,293,293,218,232,232,264,164,190,201,226,243,243,243,243],"floor_reached":33,"campfire_rested":3,"playtime":1338,"current_hp_per_floor":[67,67,67,71,72,61,55,55,62,95,76,76,75,73,73,9,95,86,86,70,70,52,90,74,74,74,71,53,52,94,80,80],"items_purged":["Writhe"],"gold":243,"score":434,"play_id":"c25fc103-b050-4fcd-a6b1-455c7136bdcb","is_prod":false,"is_daily":false,"is_ascension_mode":true,"campfire_upgraded":4,"path_taken":["M","$","?","M","M","E","M","R","T","R","E","R","M","M","R","BOSS","M","?","?","?","M","R","E","?","T","?","E","M","R","?","R","BOSS"],"build_version":"2018-02-22-PROD2","purchased_purges":1,"victory":false,"master_deck":["Strike_R","Strike_R","Strike_R","Strike_R","Defend_R","Defend_R","Defend_R","Defend_R","Bash+1","Feed+1","Fire Breathing+1","Pummel","Iron Wave","Headbutt","Offering","Exhume+1","Metallicize+1","Inflame","Necronomicurse","Shrug It Off","J.A.X.","Shrug It Off+1","Spot Weakness+1","Flex+1"],"max_hp_per_floor":[83,83,83,86,89,102,105,105,112,112,116,116,120,124,124,124,124,128,128,128,128,128,128,132,132,132,136,136,143,143,143,143],"relics":["Burning Blood","Pear","Strawberry","Pen Nib","Black Star","Necronomicon","Frozen Eye","Dead Branch","Bag of Marbles","Toxic Egg 2","Self Forming Clay"],"card_choices":[{"not_picked":["Reaper","Immolate"],"picked":"Feed"},{"not_picked":["Reckless Charge","Power Through"],"picked":"Fire Breathing"},{"not_picked":["Sword Boomerang","Rage"],"picked":"Pummel"},{"not_picked":["Heavy Blade","Clash"],"picked":"Iron Wave"},{"not_picked":["Cleave","Heavy Blade"],"picked":"Headbutt"},{"not_picked":["Armaments","Shockwave"],"picked":"Offering"},{"not_picked":["Bludgeon","Reaper"],"picked":"Exhume"},{"not_picked":["Spot Weakness","Havoc"],"picked":"Metallicize"},{"not_picked":["Heavy Blade","Wild Strike"],"picked":"Shrug It Off"},{"not_picked":["True Grit","Cleave"],"picked":"Shrug It Off"},{"not_picked":["Heavy Blade","Entrench"],"picked":"Spot Weakness"},{"not_picked":["Bloodletting","Hemokinesis"],"picked":"Flex"}],"player_experience":141908,"potions_floor_usage":[11,16,16,24,24,33],"damage_taken":[{"damage":14,"enemies":"Jaw Worm","floor":1,"turns":3},{"damage":5,"enemies":"Cultist","floor":4,"turns":4},{"damage":8,"enemies":"Small Slimes","floor":5,"turns":3},{"damage":30,"enemies":"Gremlin Nob","floor":6,"turns":5},{"damage":15,"enemies":"3 Louse","floor":7,"turns":3},{"damage":41,"enemies":"Lagavulin","floor":11,"turns":7},{"damage":11,"enemies":"Exordium Wildlife","floor":13,"turns":3},{"damage":12,"enemies":"Blue Slaver","floor":14,"turns":4},{"damage":70,"enemies":"Hexaghost","floor":16,"turns":9},{"damage":19,"enemies":"3 Byrds","floor":18,"turns":5},{"damage":24,"enemies":"Chosen","floor":22,"turns":5},{"damage":26,"enemies":"Book of Stabbing","floor":24,"turns":4},{"damage":13,"enemies":"Centurion and Healer","floor":27,"turns":3},{"damage":24,"enemies":"Gremlin Leader","floor":28,"turns":4},{"damage":14,"enemies":"Chosen and Byrds","floor":29,"turns":6},{"damage":91,"enemies":"Collector","floor":33,"turns":5}],"event_choices":[{"event_name":"Match and Keep!","player_choice":"0 cards matched","floor":3,"damage_taken":0},{"event_name":"The Library","player_choice":"Read","floor":19,"damage_taken":0},{"event_name":"Cursed Tome","player_choice":"Obtained Book","floor":20,"damage_taken":0},{"event_name":"Beggar","player_choice":"Gave Gold","floor":21,"damage_taken":0},{"event_name":"Drug Dealer","player_choice":"Got JAXXED","floor":25,"damage_taken":0},{"event_name":"Wheel of Change","player_choice":"Damage","floor":31,"damage_taken":0}],"boss_relics":[{"not_picked":["Lizard Tail","Calling Bell"],"picked":"Black Star"}],"potions_floor_spawned":[1,5,11,18,22,28],"seed_played":"6274997605574161322","killed_by":"Collector","ascension_level":6,"is_trial":false}