{"gold_per_floor":[110,385,404,419,29,29,60,60,85,97,97,97,97,132,132,208,208,218,230,7,7,7],"floor_reached":22,"playtime":830,"items_purged":["Regret"],"score":434,"play_id":"26ab2677-2567-45eb-a88f-3daa86131d50","local_time":"20190219183216","is_ascension_mode":true,"campfire_choices":[{"data":"Ball Lightning","floor":6.0,"key":"SMITH"},{"data":"Dualcast","floor":8.0,"key":"SMITH"},{"floor":13.0,"key":"REST"},{"data":"Rip and Tear","floor":15.0,"key":"SMITH"}],"neow_cost":"NONE","seed_source_timestamp":0,"circlet_count":0,"master_deck":["AscendersBane","Strike_B","Defend_B","Defend_B","Defend_B","Defend_B","Zap","Dualcast+1","Darkness","FTL","Skim","Ball Lightning+1","Coolheaded","Sunder+1","Rip and Tear+1","Electrodynamics","Stack+1","Go for the Eyes","Writhe"],"special_seed":0,"relics":["Cracked Core","Orichalcum","Strawberry","Juzu Bracelet","Bronze Scales","Pocketwatch","Empty Cage","PreservedInsect","Frozen Egg 2"],"potions_floor_usage":[22],"damage_taken":[{"damage":9.0,"enemies":"Small Slimes","floor":1.0,"turns":3.0},{"damage":3.0,"enemies":"Cultist","floor":3.0,"turns":3.0},{"damage":0.0,"enemies":"2 Louse","floor":4.0,"turns":2.0},{"damage":25.0,"enemies":"Lagavulin","floor":7.0,"turns":6.0},{"damage":13.0,"enemies":"Gremlin Gang","floor":10.0,"turns":3.0},{"damage":0.0,"enemies":"Gremlin Nob","floor":14.0,"turns":3.0},{"damage":17.0,"enemies":"Hexaghost","floor":16.0,"turns":7.0},{"damage":5.0,"enemies":"Spheric Guardian","floor":18.0,"turns":3.0},{"damage":25.0,"enemies":"2 Thieves","floor":19.0,"turns":5.0},{"damage":38,"enemies":"Shelled Parasite and Fungi","floor":22,"turns":3}],"seed_played":"-5745986000714842243","potions_obtained":[{"floor":4.0,"key":"Swift Potion"},{"floor":10.0,"key":"LiquidBronze"},{"floor":12.0,"key":"Swift Potion"},{"floor":18.0,"key":"PowerPotion"}],"is_trial":false,"path_per_floor":["M","?","M","M","$","R","E","R","T","M","?","?","R","E","R","B",null,"M","M","$","?","M"],"character_chosen":"DEFECT","items_purchased":["Orichalcum","Strawberry","PreservedInsect","Go for the Eyes"],"campfire_rested":1,"item_purchase_floors":[5,5,20,20],"current_hp_per_floor":[55,55,52,52,59,59,34,34,34,21,21,21,44,44,44,27,65,60,35,35,35,0],"gold":7,"neow_bonus":"TRANSFORM_CARD","is_prod":false,"is_daily":false,"chose_seed":false,"campfire_upgraded":3,"win_rate":0,"timestamp":1550619136,"path_taken":["M","?","?","M","$","R","E","R","T","M","?","?","R","E","R","BOSS","M","M","$","?","M"],"build_version":"2019-01-23","purchased_purges":1,"victory":false,"max_hp_per_floor":[71,71,71,71,78,78,78,78,78,78,78,78,78,78,78,78,78,78,78,78,78,78],"card_choices":[{"not_picked":["Streamline","Redo"],"picked":"FTL","floor":1.0},{"not_picked":["Static Discharge","Double Energy"],"picked":"Skim","floor":3.0},{"not_picked":["Turbo","Sweeping Beam"],"picked":"Ball Lightning","floor":4.0},{"not_picked":["Rebound","Leap"],"picked":"Coolheaded","floor":7.0},{"not_picked":["Scrape","Gash"],"picked":"Sunder","floor":10.0},{"not_picked":["Gash","Recycle"],"picked":"Rip and Tear","floor":14.0},{"not_picked":["Multi-Cast","Reboot"],"picked":"Electrodynamics","floor":16.0},{"not_picked":["Compile Driver","Redo","Cold Snap"],"picked":"SKIP","floor":18.0},{"not_picked":["Heatsinks","Loop"],"picked":"Stack+1","floor":19.0}],"player_experience":310419,"relics_obtained":[{"floor":7.0,"key":"Juzu Bracelet"},{"floor":9.0,"key":"Bronze Scales"},{"floor":14.0,"key":"Pocketwatch"}],"event_choices":[{"damage_healed":0.0,"max_hp_gain":0.0,"max_hp_loss":0.0,"gold_gain":275.0,"event_name":"Golden Shrine","player_choice":"Desecrate","floor":2.0,"gold_loss":0.0,"damage_taken":0.0,"cards_obtained":["Regret"]},{"damage_healed":0.0,"max_hp_gain":0.0,"max_hp_loss":0.0,"gold_gain":0.0,"event_name":"Living Wall","player_choice":"Grow","floor":11.0,"gold_loss":0.0,"damage_taken":0.0,"cards_upgraded":["Sunder"]},{"damage_healed":0.0,"max_hp_gain":0.0,"max_hp_loss":0.0,"gold_gain":0.0,"event_name":"Lab","player_choice":"Got Potions","floor":12.0,"gold_loss":0.0,"damage_taken":0.0},{"damage_healed":0,"gold_gain":0,"player_choice":"Opened","damage_taken":0,"relics_obtained":["Frozen Egg 2"],"max_hp_gain":0,"max_hp_loss":0,"event_name":"The Mausoleum","floor":21,"gold_loss":0,"cards_obtained":["Writhe"]}],"is_beta":false,"boss_relics":[{"not_picked":["Runic Dome","FrozenCore"],"picked":"Empty Cage"}],"items_purged_floors":[5],"is_endless":false,"potions_floor_spawned":[4,10,18],"killed_by":"Shelled Parasite and Fungi","ascension_level":20}