{"gold_per_floor":[118,135,60,60,60,60,89,89,112,112,122,122,136,136,136,237,237,256,275,293,293,304,304,337,355,379,391,403,415,443,5,5,101,101,114,14,14,28,47,47,65,65,65,75,95,95,114,114],"floor_reached":48,"playtime":6064,"items_purged":["Strike_B","Regret"],"score":522,"play_id":"edc8b3dd-53b5-4b53-a75a-441505b65dbd","local_time":"20181130000430","is_ascension_mode":true,"campfire_choices":[{"data":"Zap","floor":6.0,"key":"SMITH"},{"floor":8.0,"key":"REST"},{"data":"Dualcast","floor":10.0,"key":"SMITH"},{"data":"Turbo","floor":12.0,"key":"SMITH"},{"floor":15.0,"key":"REST"},{"floor":23.0,"key":"REST"},{"floor":29.0,"key":"REST"},{"floor":32.0,"key":"REST"},{"data":"Apotheosis","floor":40.0,"key":"SMITH"},{"floor":42.0,"key":"REST"},{"data":"Echo Form","floor":46.0,"key":"SMITH"}],"neow_cost":"NONE","seed_source_timestamp":98559690638864,"circlet_count":0,"master_deck":["Defend_B","Defend_B","Defend_B","Zap+1","Dualcast+1","Tempest","BootSequence","Turbo+1","Ball Lightning","Steam","Coolheaded","Seek","Echo Form+1","Cold Snap","Cold Snap","Leap","Coolheaded","Apotheosis+1","Loop","Ball Lightning","Amplify","Stack+1","Self Repair+1","Darkness+1"],"special_seed":0,"relics":["Cracked Core","Bag of Marbles","Boot","DataDisk","Busted Crown","Ornamental Fan","MawBank","MutagenicStrength","GremlinMask","Black Star","Meat on the Bone"],"potions_floor_usage":[48,48],"damage_taken":[{"damage":5.0,"enemies":"Small Slimes","floor":1.0,"turns":3.0},{"damage":6.0,"enemies":"Cultist","floor":2.0,"turns":3.0},{"damage":48.0,"enemies":"3 Sentries","floor":7.0,"turns":8.0},{"damage":0.0,"enemies":"2 Louse","floor":11.0,"turns":1.0},{"damage":1.0,"enemies":"Lots of Slimes","floor":13.0,"turns":2.0},{"damage":21.0,"enemies":"Slime Boss","floor":16.0,"turns":7.0},{"damage":2.0,"enemies":"Spheric Guardian","floor":18.0,"turns":4.0},{"damage":14.0,"enemies":"3 Byrds","floor":19.0,"turns":4.0},{"damage":39.0,"enemies":"3 Cultists","floor":20.0,"turns":5.0},{"damage":11.0,"enemies":"Sentry and Sphere","floor":22.0,"turns":6.0},{"damage":15.0,"enemies":"Slavers","floor":24.0,"turns":5.0},{"damage":7.0,"enemies":"Shelled Parasite and Fungi","floor":25.0,"turns":10.0},{"damage":24.0,"enemies":"Chosen and Byrds","floor":30.0,"turns":7.0},{"damage":2.0,"enemies":"Champ","floor":33.0,"turns":12.0},{"damage":0.0,"enemies":"3 Shapes","floor":35.0,"turns":3.0},{"damage":15.0,"enemies":"3 Darklings","floor":38.0,"turns":7.0},{"damage":10.0,"enemies":"Writhing Mass","floor":39.0,"turns":7.0},{"damage":28.0,"enemies":"Jaw Worm Horde","floor":41.0,"turns":7.0},{"damage":29.0,"enemies":"Transient","floor":44.0,"turns":5.0},{"damage":0.0,"enemies":"Maw","floor":45.0,"turns":8.0},{"damage":31,"enemies":"3 Darklings","floor":47,"turns":7},{"damage":60,"enemies":"Reptomancer","floor":48,"turns":2}],"seed_played":"-5954743422293820595","potions_obtained":[{"floor":1.0,"key":"Dexterity Potion"},{"floor":2.0,"key":"Strength Potion"},{"floor":16.0,"key":"GamblersBrew"},{"floor":25.0,"key":"GamblersBrew"},{"floor":44.0,"key":"Ancient Potion"},{"floor":47,"key":"Fire Potion"}],"is_trial":false,"path_per_floor":["M","M","$","?","?","R","E","R","T","R","M","R","M","?","R","B",null,"M","M","M","?","M","R","E","M","T","?","?","R","M","$","R","B",null,"M","$","?","M","M","R","M","R","T","M","M","R","M","E"],"character_chosen":"DEFECT","items_purchased":["Apotheosis","Fire Potion","Loop","Ball Lightning","SkillPotion","FearPotion"],"campfire_rested":6,"item_purchase_floors":[31,31,31,31,36,36],"current_hp_per_floor":[70,64,64,64,57,57,9,31,31,31,31,31,30,30,52,31,75,73,59,20,20,9,31,16,9,9,9,9,31,7,7,29,27,75,75,75,75,60,50,50,32,54,54,37,69,69,48,0],"gold":114,"neow_bonus":"TRANSFORM_CARD","is_prod":false,"is_daily":false,"chose_seed":false,"campfire_upgraded":5,"win_rate":0,"timestamp":1543503870,"path_taken":["M","M","$","?","?","R","E","R","T","R","M","R","M","?","R","BOSS","M","M","?","?","?","R","E","M","T","?","?","R","?","?","R","BOSS","M","$","?","M","?","R","M","R","T","M","M","R","M","E"],"build_version":"2018-11-15","purchased_purges":2,"victory":false,"max_hp_per_floor":[75,75,75,75,75,75,75,75,75,75,75,75,75,75,75,75,75,75,75,75,75,75,75,75,75,75,75,75,75,75,75,75,75,75,75,75,75,75,75,75,75,75,75,75,75,75,75,75],"card_choices":[{"not_picked":["Stack","Scrape"],"picked":"BootSequence","floor":1.0},{"not_picked":["Stack","Ball Lightning"],"picked":"Turbo","floor":2.0},{"not_picked":["Barrage","Compile Driver"],"picked":"Ball Lightning","floor":7.0},{"not_picked":["Blizzard","Beam Cell"],"picked":"Steam","floor":11.0},{"not_picked":["Tempest","Recycle"],"picked":"Coolheaded","floor":13.0},{"not_picked":["Amplify","Rainbow"],"picked":"Echo Form","floor":16.0},{"not_picked":["Streamline"],"picked":"SKIP","floor":18.0},{"not_picked":[],"picked":"Cold Snap","floor":19.0},{"not_picked":["Blizzard"],"picked":"SKIP","floor":20.0},{"not_picked":[],"picked":"Leap","floor":22.0},{"not_picked":["Gash+1"],"picked":"SKIP","floor":24.0},{"not_picked":["Melter"],"picked":"SKIP","floor":25.0},{"not_picked":[],"picked":"Coolheaded","floor":30.0},{"not_picked":[],"picked":"Amplify","floor":33.0},{"not_picked":[],"picked":"Stack+1","floor":35.0},{"not_picked":["Compile Driver+1"],"picked":"SKIP","floor":38.0},{"not_picked":[],"picked":"Self Repair+1","floor":39.0},{"not_picked":["Rebound"],"picked":"SKIP","floor":41.0},{"not_picked":["Streamline+1"],"picked":"SKIP","floor":44.0},{"not_picked":["Beam Cell"],"picked":"SKIP","floor":45.0},{"not_picked":[],"picked":"Darkness+1","floor":47}],"player_experience":125232,"relics_obtained":[{"floor":7.0,"key":"Boot"},{"floor":9.0,"key":"DataDisk"},{"floor":24.0,"key":"Ornamental Fan"},{"floor":26.0,"key":"MawBank"},{"floor":43.0,"key":"Meat on the Bone"}],"event_choices":[{"damage_healed":0.0,"max_hp_gain":0.0,"max_hp_loss":0.0,"gold_gain":0.0,"event_name":"Big Fish","player_choice":"Box","floor":4.0,"gold_loss":0.0,"damage_taken":0.0,"relics_obtained":["Bag of Marbles"],"cards_obtained":["Regret"]},{"cards_removed":["Strike_B"],"damage_healed":0.0,"max_hp_gain":0.0,"max_hp_loss":0.0,"gold_gain":0.0,"event_name":"Golden Wing","player_choice":"Card Removal","floor":5.0,"gold_loss":0.0,"damage_taken":7.0},{"damage_healed":0.0,"max_hp_gain":0.0,"max_hp_loss":0.0,"gold_gain":0.0,"cards_transformed":["Strike_B"],"event_name":"Transmorgrifier","player_choice":"Transformed","floor":14.0,"gold_loss":0.0,"damage_taken":0.0,"cards_obtained":["Seek"]},{"damage_healed":0.0,"max_hp_gain":0.0,"max_hp_loss":0.0,"gold_gain":0.0,"event_name":"Match and Keep!","player_choice":"1 cards matched","floor":21.0,"gold_loss":0.0,"damage_taken":0.0,"cards_obtained":["Cold Snap"]},{"damage_healed":0.0,"max_hp_gain":0.0,"max_hp_loss":0.0,"gold_gain":0.0,"event_name":"Drug Dealer","player_choice":"Inject Mutagens","floor":27.0,"gold_loss":0.0,"damage_taken":0.0,"relics_obtained":["MutagenicStrength"]},{"damage_healed":0.0,"max_hp_gain":0.0,"max_hp_loss":0.0,"gold_gain":0.0,"event_name":"FaceTrader","player_choice":"Trade","floor":28.0,"gold_loss":0.0,"damage_taken":0.0,"relics_obtained":["GremlinMask"]},{"cards_removed":["Defend_B"],"damage_healed":0.0,"max_hp_gain":0.0,"max_hp_loss":0.0,"gold_gain":0.0,"event_name":"Purifier","player_choice":"Purged","floor":37.0,"gold_loss":0.0,"damage_taken":0.0}],"is_beta":false,"boss_relics":[{"not_picked":["Ectoplasm","White Beast Statue"],"picked":"Busted Crown"},{"not_picked":["Runic Dome","Velvet Choker"],"picked":"Black Star"}],"items_purged_floors":[3,31],"is_endless":false,"potions_floor_spawned":[1,2,16,22,25,44,47],"killed_by":"Reptomancer","ascension_level":3}