{"gold_per_floor":[112,112,131,63,63,92,92,127,152,152,178,189,189,201,201,274,274,287,300,25,40,40,53,53,3,3,17,17,35,35,63,63,63],"floor_reached":33,"playtime":1787,"items_purged":[],"score":556,"play_id":"8f5aee98-4866-4924-b328-37a949f646e6","local_time":"20190224182604","is_ascension_mode":true,"campfire_choices":[{"floor":7.0,"key":"REST"},{"floor":10.0,"key":"REST"},{"data":"Streamline","floor":13.0,"key":"SMITH"},{"floor":15.0,"key":"REST"},{"data":"Zap","floor":24.0,"key":"SMITH"},{"data":"Go for the Eyes","floor":30.0,"key":"SMITH"},{"floor":32.0,"key":"REST"}],"neow_cost":"NONE","seed_source_timestamp":0,"circlet_count":0,"master_deck":["AscendersBane","Strike_B","Strike_B","Defend_B","Defend_B","Defend_B","Defend_B","Zap+1","Dualcast","Beam Cell","Streamline+1","Conserve Battery","Ball Lightning","Biased Cognition","Darkness","Hologram","All For One","Coolheaded+1","Go for the Eyes+1","BootSequence","Sweeping Beam","Capacitor"],"special_seed":0,"relics":["Cracked Core","Orichalcum","Meat on the Bone","Pen Nib","Regal Pillow","Black Star","Bag of Preparation","Strawberry","Torii","Unceasing Top","Bronze Scales"],"potions_floor_usage":[33],"damage_taken":[{"damage":4.0,"enemies":"Small Slimes","floor":1.0,"turns":3.0},{"damage":0.0,"enemies":"Cultist","floor":3.0,"turns":3.0},{"damage":50.0,"enemies":"3 Sentries","floor":6.0,"turns":8.0},{"damage":33.0,"enemies":"Lagavulin","floor":8.0,"turns":7.0},{"damage":17.0,"enemies":"3 Sentries","floor":11.0,"turns":7.0},{"damage":2.0,"enemies":"Jaw Worm","floor":12.0,"turns":2.0},{"damage":8.0,"enemies":"3 Louse","floor":14.0,"turns":3.0},{"damage":40.0,"enemies":"Hexaghost","floor":16.0,"turns":7.0},{"damage":10.0,"enemies":"Chosen","floor":18.0,"turns":5.0},{"damage":26.0,"enemies":"3 Byrds","floor":19.0,"turns":5.0},{"damage":30.0,"enemies":"Shelled Parasite and Fungi","floor":21.0,"turns":9.0},{"damage":13.0,"enemies":"Snake Plant","floor":23.0,"turns":4.0},{"damage":17.0,"enemies":"3 Cultists","floor":27.0,"turns":5.0},{"damage":1.0,"enemies":"Centurion and Healer","floor":29.0,"turns":5.0},{"damage":29.0,"enemies":"Book of Stabbing","floor":31.0,"turns":6.0},{"damage":83,"enemies":"Champ","floor":33,"turns":10}],"seed_played":"3823742975209642948","potions_obtained":[{"floor":8.0,"key":"SkillPotion"},{"floor":11.0,"key":"FearPotion"},{"floor":14.0,"key":"Strength Potion"},{"floor":19.0,"key":"Weak Potion"},{"floor":21.0,"key":"SpeedPotion"},{"floor":23.0,"key":"Block Potion"},{"floor":29.0,"key":"SteroidPotion"},{"floor":31.0,"key":"EssenceOfSteel"}],"is_trial":false,"path_per_floor":["M","?","M","?","?","E","R","E","T","R","E","M","R","M","R","B",null,"M","M","$","M","?","M","R","?","T","M","$","M","R","E","R","B"],"character_chosen":"DEFECT","items_purchased":["Bag of Preparation","BootSequence","Sweeping Beam"],"campfire_rested":4,"item_purchase_floors":[20,20,20],"current_hp_per_floor":[67,67,67,67,67,17,40,7,7,30,25,35,35,39,77,49,71,61,47,47,29,29,28,28,35,35,30,30,41,41,24,64,0],"gold":63,"neow_bonus":"TEN_PERCENT_HP_BONUS","is_prod":false,"is_daily":false,"chose_seed":false,"campfire_upgraded":3,"win_rate":0,"timestamp":1551050764,"path_taken":["M","?","?","?","?","E","R","E","T","R","E","M","R","M","R","BOSS","M","?","$","M","?","M","R","?","T","?","?","M","R","E","R","BOSS"],"build_version":"2019-01-23","purchased_purges":0,"victory":false,"max_hp_per_floor":[78,78,78,78,78,78,78,78,78,78,78,78,78,78,78,78,78,78,78,78,78,78,78,78,85,85,85,85,85,85,85,85,85],"card_choices":[{"not_picked":["Stack","BootSequence"],"picked":"Beam Cell","floor":1.0},{"not_picked":["Conserve Battery","Consume"],"picked":"Streamline","floor":3.0},{"not_picked":["Rebound","Beam Cell"],"picked":"Conserve Battery","floor":6.0},{"not_picked":["Stack","Recycle"],"picked":"Ball Lightning","floor":8.0},{"not_picked":["Recycle","Reprogram"],"picked":"Biased Cognition","floor":11.0},{"not_picked":["Conserve Battery","Force Field"],"picked":"Darkness","floor":12.0},{"not_picked":["Blizzard","Beam Cell"],"picked":"Hologram","floor":14.0},{"not_picked":["Seek","Fission"],"picked":"All For One","floor":16.0},{"not_picked":["Turbo","Stack"],"picked":"Coolheaded+1","floor":18.0},{"not_picked":["Multi-Cast","Recycle"],"picked":"Go for the Eyes","floor":19.0},{"not_picked":["Sweeping Beam","Static Discharge","Beam Cell"],"picked":"SKIP","floor":21.0},{"not_picked":["Rip and Tear","Redo","Stack"],"picked":"SKIP","floor":23.0},{"not_picked":["Ball Lightning","Streamline"],"picked":"Capacitor","floor":27.0},{"not_picked":["Reboot","Sweeping Beam","Storm"],"picked":"SKIP","floor":29.0},{"not_picked":["Go for the Eyes","Coolheaded","Compile Driver"],"picked":"SKIP","floor":31.0}],"player_experience":1262920,"relics_obtained":[{"floor":6.0,"key":"Orichalcum"},{"floor":8.0,"key":"Meat on the Bone"},{"floor":9.0,"key":"Pen Nib"},{"floor":11.0,"key":"Regal Pillow"},{"floor":26.0,"key":"Torii"},{"floor":31.0,"key":"Unceasing Top"},{"floor":31.0,"key":"Bronze Scales"}],"event_choices":[{"cards_removed":["Strike_B"],"damage_healed":0.0,"max_hp_gain":0.0,"max_hp_loss":0.0,"gold_gain":0.0,"event_name":"Purifier","player_choice":"Purged","floor":2.0,"gold_loss":0.0,"damage_taken":0.0},{"damage_healed":0.0,"max_hp_gain":0.0,"max_hp_loss":0.0,"gold_gain":0.0,"event_name":"World of Goop","player_choice":"Left Gold","floor":4.0,"gold_loss":68.0,"damage_taken":0.0},{"cards_removed":["Strike_B"],"damage_healed":0.0,"max_hp_gain":0.0,"max_hp_loss":0.0,"gold_gain":0.0,"event_name":"Bonfire Elementals","player_choice":"Offered Basic","floor":5.0,"gold_loss":0.0,"damage_taken":0.0},{"damage_healed":0.0,"max_hp_gain":0.0,"max_hp_loss":0.0,"gold_gain":0.0,"event_name":"Vampires","player_choice":"Ignored","floor":22.0,"gold_loss":0.0,"damage_taken":0.0},{"damage_healed":0.0,"max_hp_gain":0.0,"max_hp_loss":0.0,"gold_gain":0.0,"event_name":"WeMeetAgain","player_choice":"Paid Gold","floor":25.0,"gold_loss":50.0,"damage_taken":0.0,"relics_obtained":["Strawberry"]}],"is_beta":false,"boss_relics":[{"not_picked":["Empty Cage","Ectoplasm"],"picked":"Black Star"}],"items_purged_floors":[],"is_endless":false,"potions_floor_spawned":[8,11,14,19,21,23,29,31],"killed_by":"Champ","ascension_level":19}