{"gold_per_floor":[20,20,36,5,20,20,20,20,20,38,58,87,87,105,105,178,178,188,188,203,203],"floor_reached":21,"playtime":793,"items_purged":[],"score":326,"play_id":"b6419f2d-88ab-46f3-a874-c1bbb91057e6","local_time":"20180903222753","is_ascension_mode":true,"campfire_choices":[{"data":"1","floor":6,"key":"LIFT"},{"data":"2","floor":8,"key":"LIFT"},{"floor":13,"key":"REST"},{"data":"Demon Form","floor":15,"key":"SMITH"}],"neow_cost":"NO_GOLD","seed_source_timestamp":535978899840574,"circlet_count":0,"master_deck":["Strike_R","Strike_R","Strike_R","Strike_R","Strike_R","Defend_R","Defend_R","Defend_R","Defend_R","Bash","AscendersBane","Metallicize","Shockwave+1","Armaments+1","Combust","Demon Form+1","Anger","Twin Strike","Juggernaut","Whirlwind","Havoc"],"relics":["Black Blood","Girya","Gremlin Horn","Potion Belt"],"potions_floor_usage":[10,12,12,12,18,18],"damage_taken":[{"damage":2,"enemies":"Jaw Worm","floor":1,"turns":3},{"damage":3,"enemies":"Cultist","floor":3,"turns":3},{"damage":3,"enemies":"Small Slimes","floor":5,"turns":4},{"damage":20,"enemies":"Exordium Thugs","floor":10,"turns":7},{"damage":15,"enemies":"2 Fungi Beasts","floor":11,"turns":4},{"damage":24,"enemies":"3 Sentries","floor":12,"turns":6},{"damage":0,"enemies":"3 Louse","floor":14,"turns":4},{"damage":20,"enemies":"The Guardian","floor":16,"turns":9},{"damage":37,"enemies":"2 Thieves","floor":18,"turns":5},{"damage":0,"enemies":"3 Byrds","floor":20,"turns":4},{"damage":24,"enemies":"Centurion and Healer","floor":21,"turns":4}],"seed_played":"-2181191665168802865","potions_obtained":[{"floor":1,"key":"Weak Potion"},{"floor":11,"key":"EntropicBrew"},{"floor":16,"key":"EntropicBrew"},{"floor":20,"key":"SteroidPotion"}],"is_trial":false,"path_per_floor":["M","?","M","$","M","R","?","R","T","M","M","E","R","M","R","B",null,"M","?","M"],"character_chosen":"IRONCLAD","items_purchased":["Armaments"],"campfire_rested":1,"item_purchase_floors":[4],"current_hp_per_floor":[72,61,64,64,67,67,44,44,44,30,21,10,32,38,38,24,62,35,14,24,0],"gold":203,"neow_bonus":"ONE_RARE_RELIC","is_prod":false,"is_daily":false,"chose_seed":false,"campfire_upgraded":1,"win_rate":0,"timestamp":1536028073,"path_taken":["M","?","M","?","M","R","?","R","T","M","M","E","R","M","R","BOSS","M","?","M","M"],"build_version":"2018-08-30","purchased_purges":0,"victory":false,"max_hp_per_floor":[75,75,75,75,75,75,75,75,75,75,75,75,75,75,75,75,75,75,80,80,80],"card_choices":[{"not_picked":["Cleave","True Grit"],"picked":"Metallicize","floor":1},{"not_picked":["Anger","Clash"],"picked":"Shockwave","floor":3},{"not_picked":["Warcry","Armaments"],"picked":"Combust","floor":5},{"not_picked":["Ghostly Armor","Metallicize"],"picked":"Demon Form","floor":10},{"not_picked":["Perfected Strike","Armaments","Sever Soul"],"picked":"SKIP","floor":11},{"not_picked":["Body Slam","Headbutt"],"picked":"Anger","floor":12},{"not_picked":["True Grit","Carnage"],"picked":"Twin Strike","floor":14},{"not_picked":["Exhume","Brutality"],"picked":"Juggernaut","floor":16},{"not_picked":["Pommel Strike","Wild Strike"],"picked":"Whirlwind","floor":18},{"not_picked":["Pommel Strike","Second Wind+1"],"picked":"Havoc","floor":20}],"player_experience":487290,"relics_obtained":[{"floor":9,"key":"Gremlin Horn"},{"floor":12,"key":"Potion Belt"}],"event_choices":[{"event_name":"Wheel of Change","player_choice":"Damage","floor":2,"damage_taken":0},{"event_name":"Shining Light","player_choice":"Entered Light","floor":7,"damage_taken":0},{"event_name":"Forgotten Altar","player_choice":"Shed Blood","floor":19,"damage_taken":0}],"is_beta":false,"boss_relics":[{"not_picked":["Runic Pyramid","Mark of Pain"],"picked":"Black Blood"}],"items_purged_floors":[],"is_endless":false,"potions_floor_spawned":[1,11,16,20],"killed_by":"Centurion and Healer","ascension_level":16}