{"gold_per_floor":[116,116,131,131,148,173,173,173,203,203,230,230,243,243,243,243],"floor_reached":16,"playtime":615,"items_purged":[],"score":211,"play_id":"4c965a5c-d059-4a60-8160-8c948a7b4463","local_time":"20190222213127","is_ascension_mode":true,"campfire_choices":[{"floor":7.0,"key":"REST"},{"data":"Cleave","floor":10.0,"key":"SMITH"},{"data":"Uppercut","floor":12,"key":"SMITH"},{"floor":15,"key":"REST"}],"neow_cost":"NONE","seed_source_timestamp":0,"circlet_count":0,"master_deck":["AscendersBane","Strike_R","Strike_R","Strike_R","Strike_R","Strike_R","Defend_R","Defend_R","Defend_R","Defend_R","Bash","Headbutt","Shrug It Off","Cleave+1","Shrug It Off","Uppercut+1","Body Slam"],"special_seed":0,"relics":["Burning Blood","Shuriken","Tiny Chest","Bottled Flame"],"potions_floor_usage":[16],"damage_taken":[{"damage":9.0,"enemies":"Small Slimes","floor":1.0,"turns":4.0},{"damage":8.0,"enemies":"2 Louse","floor":3.0,"turns":3.0},{"damage":0.0,"enemies":"Cultist","floor":5.0,"turns":3.0},{"damage":52.0,"enemies":"Gremlin Nob","floor":6.0,"turns":5.0},{"damage":36.0,"enemies":"3 Sentries","floor":11.0,"turns":11.0},{"damage":7,"enemies":"2 Fungi Beasts","floor":13,"turns":2},{"damage":52,"enemies":"Hexaghost","floor":16,"turns":9}],"seed_played":"708119899735531369","potions_obtained":[{"floor":3.0,"key":"GamblersBrew"},{"floor":11,"key":"GamblersBrew"},{"floor":13,"key":"EssenceOfSteel"}],"is_trial":false,"path_per_floor":["M","?","M","?","M","E","R","?","T","R","E","R","M","?","R","B"],"character_chosen":"IRONCLAD","items_purchased":[],"campfire_rested":2,"item_purchase_floors":[],"current_hp_per_floor":[72,72,70,70,76,30,54,54,54,54,24,24,23,23,47,0],"gold":243,"neow_bonus":"TEN_PERCENT_HP_BONUS","is_prod":false,"is_daily":false,"chose_seed":false,"campfire_upgraded":2,"win_rate":0,"timestamp":1550889087,"path_taken":["M","?","M","?","M","E","R","?","T","R","E","R","?","?","R","BOSS"],"build_version":"2019-01-23","purchased_purges":0,"victory":false,"max_hp_per_floor":[82,82,82,82,82,82,82,82,82,82,82,82,82,82,82,82],"card_choices":[{"not_picked":["Heavy Blade","Evolve"],"picked":"Headbutt","floor":1.0},{"not_picked":["Armaments","Power Through"],"picked":"Shrug It Off","floor":3.0},{"not_picked":["Thunderclap","Headbutt"],"picked":"Cleave","floor":5.0},{"not_picked":["Evolve","Thunderclap"],"picked":"Shrug It Off","floor":6.0},{"not_picked":["Rampage","Juggernaut"],"picked":"Uppercut","floor":11},{"not_picked":["Blood for Blood","Fire Breathing"],"picked":"Body Slam","floor":13}],"player_experience":326216,"relics_obtained":[{"floor":6.0,"key":"Shuriken"},{"floor":9.0,"key":"Tiny Chest"},{"floor":11,"key":"Bottled Flame"}],"event_choices":[{"damage_healed":0.0,"max_hp_gain":0.0,"max_hp_loss":0.0,"gold_gain":0.0,"event_name":"Shining Light","player_choice":"Ignored","floor":2.0,"gold_loss":0.0,"damage_taken":0.0},{"damage_healed":0.0,"max_hp_gain":0.0,"max_hp_loss":0.0,"gold_gain":0.0,"event_name":"Golden Wing","player_choice":"Ignored","floor":4.0,"gold_loss":0.0,"damage_taken":0.0},{"damage_healed":0.0,"max_hp_gain":0.0,"max_hp_loss":0.0,"gold_gain":0.0,"event_name":"Match and Keep!","player_choice":"0 cards matched","floor":8.0,"gold_loss":0.0,"damage_taken":0.0,"cards_obtained":[]},{"damage_healed":0,"gold_gain":0,"player_choice":"Ignored","damage_taken":0,"max_hp_gain":0,"max_hp_loss":0,"event_name":"Golden Idol","floor":14,"gold_loss":0}],"is_beta":false,"boss_relics":[],"items_purged_floors":[],"is_endless":false,"potions_floor_spawned":[3,11,13],"killed_by":"Hexaghost","ascension_level":19}