{"path_per_floor":["M","$","?","?","?","R","M","E","T","R","M","M","R","?","R","B",null,"M","?","?","?","$","R","E","M","T","M","?","R","E","M","R","B",null,"M","?","$","?","M","R","E","R","T","E","?","M","R","M","R","B"],"character_chosen":"THE_SILENT","items_purchased":["Dash","A Thousand Cuts","Bag of Marbles","Blood Vial","Panache"],"gold_per_floor":[112,31,31,31,31,31,51,89,112,112,135,148,148,148,148,269,269,293,293,218,218,55,55,96,110,110,124,124,124,157,175,175,300,300,325,658,71,71,83,83,108,108,133,167,167,178,178,193,193,193],"floor_reached":51,"campfire_rested":2,"playtime":2245,"current_hp_per_floor":[69,69,55,55,37,58,58,41,41,41,41,41,41,41,41,23,70,62,62,62,62,62,62,53,53,67,65,65,65,49,42,42,1,91,91,91,91,91,91,91,77,77,77,77,77,65,65,63,90,54],"items_purged":["Defend_G"],"gold":193,"score":952,"play_id":"1212a3e5-be74-4fc2-ae7b-aea3373c3041","local_time":"20180313145011","is_prod":false,"is_daily":false,"is_ascension_mode":true,"campfire_upgraded":9,"timestamp":1520970611,"path_taken":["M","$","?","?","?","R","?","E","T","R","M","M","R","?","R","BOSS","M","?","?","?","?","R","E","M","T","?","?","R","E","M","R","BOSS","M","?","$","?","M","R","E","R","T","E","?","?","R","M","R","BOSS"],"build_version":"2018-03-09","purchased_purges":2,"victory":true,"master_deck":["Defend_G+1","Defend_G","Defend_G+1","Defend_G+1","Strike_G+1","Strike_G+1","Survivor","Neutralize","Eviscerate","Dash+1","Terror","Footwork+1","After Image+1","Wraith Form+1","Footwork+1","Dash+1","A Thousand Cuts+1","Crippling Poison+1","Riddle With Holes","Envenom","Wraith Form+1","Panache","Cloak And Dagger+1","Regret","Dodge and Roll","Infinite Blades","Malaise+1"],"max_hp_per_floor":[70,70,70,70,70,70,70,70,70,70,70,70,70,70,70,70,70,70,70,70,70,70,70,70,70,84,84,84,84,91,91,91,91,91,91,91,91,91,91,91,91,91,91,91,91,91,91,91,91,91],"relics":["Snecko Eye","Snake Skull","Torii","Whetstone","Black Star","Ninja Scroll","Mummified Hand","Mango","Dream Catcher","Strawberry","Cursed Key","Bag of Marbles","Blood Vial","Shuriken","Pantograph","War Paint","Sundial","Unceasing Top"],"card_choices":[{"not_picked":["Reflex","Outmaneuver"],"picked":"Eviscerate"},{"not_picked":["Dodge and Roll","Catalyst"],"picked":"Terror"},{"not_picked":["Underhanded Strike","Flying Knee"],"picked":"Footwork"},{"not_picked":["Venomology","Doppelganger"],"picked":"Wraith Form"},{"not_picked":["Acrobatics","Dodge and Roll"],"picked":"Footwork"},{"not_picked":["Bane","Expertise"],"picked":"Crippling Poison"},{"not_picked":["Underhanded Strike","Malaise"],"picked":"Riddle With Holes"},{"not_picked":["Flechettes","Deflect"],"picked":"Envenom"},{"not_picked":["Phantasmal Killer","Burst"],"picked":"Wraith Form"},{"not_picked":["Calculated Gamble","PiercingWail"],"picked":"Cloak And Dagger"},{"not_picked":["Poisoned Stab","Choke"],"picked":"Dodge and Roll"},{"not_picked":["Slice","Deflect"],"picked":"Malaise"}],"player_experience":195249,"potions_floor_usage":[24,30,33,33,50,50,50],"damage_taken":[{"damage":1,"enemies":"Small Slimes","floor":1,"turns":4},{"damage":0,"enemies":"Jaw Worm","floor":7,"turns":2},{"damage":17,"enemies":"3 Sentries","floor":8,"turns":9},{"damage":0,"enemies":"2 Louse","floor":11,"turns":2},{"damage":0,"enemies":"Large Slime","floor":12,"turns":5},{"damage":18,"enemies":"Slime Boss","floor":16,"turns":10},{"damage":8,"enemies":"3 Byrds","floor":18,"turns":5},{"damage":9,"enemies":"Slavers","floor":24,"turns":8},{"damage":0,"enemies":"Spheric Guardian","floor":25,"turns":3},{"damage":2,"enemies":"Centurion and Healer","floor":27,"turns":5},{"damage":23,"enemies":"Gremlin Leader","floor":30,"turns":6},{"damage":7,"enemies":"3 Cultists","floor":31,"turns":4},{"damage":56,"enemies":"Champ","floor":33,"turns":11},{"damage":0,"enemies":"3 Shapes","floor":35,"turns":2},{"damage":0,"enemies":"Orb Walker","floor":39,"turns":2},{"damage":14,"enemies":"Nemesis","floor":41,"turns":4},{"damage":2,"enemies":"Giant Head","floor":44,"turns":5},{"damage":14,"enemies":"4 Shapes","floor":46,"turns":6},{"damage":4,"enemies":"Maw","floor":48,"turns":4},{"damage":37,"enemies":"Donu and Deca","floor":50,"turns":7}],"event_choices":[{"event_name":"Shining Light","player_choice":"Entered Light","floor":3,"damage_taken":0},{"event_name":"Golden Idol","player_choice":"Take Wound","floor":4,"damage_taken":0},{"event_name":"Scrap Ooze","player_choice":"success","floor":5,"damage_taken":18},{"event_name":"Living Wall","player_choice":"Change","floor":14,"damage_taken":0},{"event_name":"Duplicator","player_choice":"One dupe","floor":19,"damage_taken":0},{"event_name":"Beggar","player_choice":"Gave Gold","floor":20,"damage_taken":0},{"event_name":"Back to Basics","player_choice":"Elegance","floor":21,"damage_taken":0},{"event_name":"Vampires","player_choice":"Ignored","floor":28,"damage_taken":0},{"event_name":"The Moai Head","player_choice":"Gave Idol","floor":36,"damage_taken":0},{"event_name":"Match and Keep!","player_choice":"1 cards matched","floor":45,"damage_taken":0}],"boss_relics":[{"not_picked":["Question Card","Runic Dome"],"picked":"Black Star"},{"not_picked":["Lizard Tail","Velvet Choker"],"picked":"Cursed Key"}],"potions_floor_spawned":[1,7,11,16,25,31,35,41,46,48],"seed_played":"-3655949642500435145","ascension_level":4,"is_trial":false}