{"gold_per_floor":[114,114,128,144,144,144,159,159,182,182,194,194,213,50,50,155,155,174,174,174,191,106,106,141,170,215,38,56,66,81,98,98,201,201,216,176,196,196,207,207,482,358,358,376,390,405,423,1,1,1],"floor_reached":51,"playtime":5499,"items_purged":["Regret"],"score":886,"play_id":"f2635982-2c71-46df-b3fd-834525d28396","local_time":"20190129204455","is_ascension_mode":true,"campfire_choices":[{"data":"True Grit","floor":6.0,"key":"SMITH"},{"data":"Shockwave","floor":8.0,"key":"SMITH"},{"data":"Blood for Blood","floor":10.0,"key":"SMITH"},{"data":"Chrysalis","floor":15.0,"key":"SMITH"},{"data":"Offering","floor":23.0,"key":"SMITH"},{"floor":32.0,"key":"REST"},{"data":"Apotheosis","floor":40,"key":"SMITH"},{"floor":49,"key":"REST"}],"neow_cost":"NONE","seed_source_timestamp":0,"circlet_count":0,"master_deck":["Bash","True Grit+1","Blood for Blood+1","Shockwave+1","Iron Wave+1","Headbutt","Metallicize","Chrysalis+1","Offering+1","Fire Breathing","Uppercut","Rampage","Sentinel","Power Through","Dual Wield+1","Headbutt+1","Rupture","Warcry+1","Apotheosis+1","Exhume","Reaper+1","Discovery"],"special_seed":0,"relics":["Burning Blood","Bronze Scales","PreservedInsect","Pandora\u0027s Box","Bag of Preparation","Centennial Puzzle","Red Mask","Orichalcum","Busted Crown","Darkstone Periapt","Membership Card","Lantern","Potion Belt"],"potions_floor_usage":[44,47,50,50,50],"damage_taken":[{"damage":10.0,"enemies":"Small Slimes","floor":1.0,"turns":4.0},{"damage":4.0,"enemies":"Cultist","floor":3.0,"turns":5.0},{"damage":5.0,"enemies":"Jaw Worm","floor":4.0,"turns":4.0},{"damage":9.0,"enemies":"Blue Slaver","floor":7.0,"turns":4.0},{"damage":6.0,"enemies":"Looter","floor":11.0,"turns":3.0},{"damage":3.0,"enemies":"2 Fungi Beasts","floor":13.0,"turns":3.0},{"damage":39.0,"enemies":"Slime Boss","floor":16.0,"turns":10.0},{"damage":9.0,"enemies":"Chosen","floor":18.0,"turns":3.0},{"damage":24.0,"enemies":"Shell Parasite","floor":21.0,"turns":6.0},{"damage":6.0,"enemies":"Book of Stabbing","floor":24.0,"turns":4.0},{"damage":11.0,"enemies":"Masked Bandits","floor":25.0,"turns":5.0},{"damage":16.0,"enemies":"Sentry and Sphere","floor":28.0,"turns":4.0},{"damage":12.0,"enemies":"Centurion and Healer","floor":29.0,"turns":6.0},{"damage":8.0,"enemies":"Snecko","floor":30.0,"turns":3.0},{"damage":16.0,"enemies":"Shelled Parasite and Fungi","floor":31.0,"turns":4.0},{"damage":25.0,"enemies":"Collector","floor":33.0,"turns":7.0},{"damage":18.0,"enemies":"3 Darklings","floor":35.0,"turns":3.0},{"damage":12.0,"enemies":"Orb Walker","floor":37.0,"turns":3.0},{"damage":12,"enemies":"Maw","floor":39,"turns":7},{"damage":15,"enemies":"4 Shapes","floor":44,"turns":9},{"damage":21,"enemies":"Writhing Mass","floor":45,"turns":3},{"damage":25,"enemies":"Jaw Worm Horde","floor":46,"turns":4},{"damage":25,"enemies":"Sphere and 2 Shapes","floor":47,"turns":6},{"damage":23,"enemies":"Donu and Deca","floor":50,"turns":6}],"seed_played":"-2818108604173033363","potions_obtained":[{"floor":3.0,"key":"Fruit Juice"},{"floor":7.0,"key":"Fire Potion"},{"floor":13.0,"key":"Block Potion"},{"floor":16.0,"key":"Explosive Potion"},{"floor":25.0,"key":"AttackPotion"},{"floor":28.0,"key":"Dexterity Potion"},{"floor":31.0,"key":"AttackPotion"},{"floor":39,"key":"Regen Potion"},{"floor":45,"key":"Weak Potion"},{"floor":46,"key":"Strength Potion"}],"is_trial":false,"path_per_floor":["M","?","M","M","?","R","M","R","T","R","M","?","M","$","R","B",null,"M","?","?","M","?","R","E","?","T","$","M","M","M","M","R","B",null,"M","?","M","?","M","R","?","$","T","M","M","M","M","$","R","B",null],"character_chosen":"IRONCLAD","items_purchased":["Chrysalis","Apotheosis","PowerPotion","Membership Card","Lantern","Discovery","Potion Belt","Dexterity Potion"],"campfire_rested":2,"item_purchase_floors":[14,27,42,48,48,48,48,48],"current_hp_per_floor":[68,68,70,71,64,64,61,61,61,61,61,61,64,64,64,36,73,70,70,85,67,67,67,67,62,62,62,52,46,44,34,59,40,74,77,77,71,71,72,72,72,72,72,78,63,84,72,72,85,83],"gold":1,"neow_bonus":"RANDOM_COMMON_RELIC","is_prod":false,"is_daily":false,"chose_seed":false,"campfire_upgraded":6,"win_rate":0,"timestamp":1548776695,"path_taken":["M","?","M","?","?","R","M","R","T","R","M","?","M","$","R","BOSS","M","?","?","?","?","R","E","?","T","$","M","M","M","M","R","BOSS","M","?","?","?","M","R","?","$","T","?","M","?","M","$","R","BOSS"],"build_version":"2019-01-23","purchased_purges":1,"victory":true,"max_hp_per_floor":[80,80,80,80,80,80,80,80,80,80,80,80,80,80,80,85,85,85,85,85,85,85,85,85,85,85,85,85,85,85,85,85,85,85,85,85,85,85,85,85,85,85,85,85,85,85,85,85,85,85],"card_choices":[{"not_picked":["Cleave","Armaments"],"picked":"True Grit","floor":1.0},{"not_picked":["Shrug It Off","Pummel"],"picked":"Shockwave","floor":3.0},{"not_picked":["Rage","Thunderclap","Clothesline"],"picked":"SKIP","floor":4.0},{"not_picked":["Twin Strike","Rupture"],"picked":"Iron Wave","floor":7.0},{"not_picked":["Immolate","Heavy Blade"],"picked":"Headbutt","floor":11.0},{"not_picked":["Twin Strike","Clash","Clothesline"],"picked":"SKIP","floor":13.0},{"not_picked":["Limit Break","Barricade"],"picked":"Offering","floor":16.0},{"not_picked":["Searing Blow","Body Slam"],"picked":"Dual Wield+1","floor":18.0},{"not_picked":["Flex","Body Slam"],"picked":"Headbutt+1","floor":21.0},{"not_picked":["Heavy Blade","Twin Strike+1"],"picked":"Rupture","floor":24.0},{"not_picked":["Searing Blow+1","Rage+1"],"picked":"Warcry+1","floor":25.0},{"not_picked":["True Grit","Second Wind"],"picked":"Exhume","floor":28.0},{"not_picked":["Reckless Charge","Clothesline","Rage"],"picked":"SKIP","floor":29.0},{"not_picked":["Burning Pact","Fire Breathing+1","Clothesline"],"picked":"SKIP","floor":30.0},{"not_picked":["Clash","Reckless Charge","Headbutt"],"picked":"SKIP","floor":31.0},{"not_picked":["Fiend Fire","Feed"],"picked":"Reaper","floor":33.0},{"not_picked":["Shockwave"],"picked":"SKIP","floor":35.0},{"not_picked":["Perfected Strike+1"],"picked":"SKIP","floor":37.0},{"not_picked":["Anger+1"],"picked":"SKIP","floor":39},{"not_picked":["Clash+1"],"picked":"SKIP","floor":44},{"not_picked":["Armaments+1"],"picked":"SKIP","floor":45},{"not_picked":["Flex+1"],"picked":"SKIP","floor":46},{"not_picked":["Iron Wave+1"],"picked":"SKIP","floor":47}],"player_experience":280705,"relics_obtained":[{"floor":9.0,"key":"PreservedInsect"},{"floor":24.0,"key":"Centennial Puzzle"},{"floor":25.0,"key":"Red Mask"},{"floor":26.0,"key":"Orichalcum"},{"floor":43,"key":"Darkstone Periapt"}],"event_choices":[{"damage_healed":0.0,"max_hp_gain":0.0,"max_hp_loss":0.0,"gold_gain":0.0,"cards_transformed":["Defend_R"],"event_name":"Transmorgrifier","player_choice":"Transformed","floor":2.0,"gold_loss":0.0,"damage_taken":0.0,"cards_obtained":["Blood for Blood"]},{"cards_removed":["Defend_R"],"damage_healed":0.0,"max_hp_gain":0.0,"max_hp_loss":0.0,"gold_gain":0.0,"event_name":"Golden Wing","player_choice":"Card Removal","floor":5.0,"gold_loss":0.0,"damage_taken":7.0},{"damage_healed":0.0,"max_hp_gain":0.0,"max_hp_loss":0.0,"gold_gain":0.0,"cards_transformed":["Defend_R"],"event_name":"Living Wall","player_choice":"Change","floor":12.0,"gold_loss":0.0,"damage_taken":0.0,"cards_obtained":["Metallicize"]},{"damage_healed":0.0,"max_hp_gain":0.0,"max_hp_loss":0.0,"gold_gain":0.0,"event_name":"Vampires","player_choice":"Ignored","floor":19.0,"gold_loss":0.0,"damage_taken":0.0},{"cards_removed":["Rampage"],"damage_healed":15.0,"max_hp_gain":0.0,"max_hp_loss":0.0,"gold_gain":0.0,"event_name":"Bonfire Elementals","player_choice":"Offered Uncommon","floor":20.0,"gold_loss":0.0,"damage_taken":0.0},{"damage_healed":0.0,"max_hp_gain":0.0,"max_hp_loss":0.0,"gold_gain":0.0,"event_name":"Addict","player_choice":"Obtained Relic","floor":22.0,"gold_loss":85.0,"damage_taken":0.0,"relics_obtained":["Bag of Preparation"]},{"damage_healed":0.0,"max_hp_gain":0.0,"max_hp_loss":0.0,"gold_gain":0.0,"event_name":"Masked Bandits","player_choice":"Fought Bandits","floor":25.0,"gold_loss":0.0,"damage_taken":0.0},{"damage_healed":0.0,"max_hp_gain":0.0,"max_hp_loss":0.0,"gold_gain":0.0,"event_name":"Designer","player_choice":"Upgraded Two","floor":36.0,"gold_loss":40.0,"damage_taken":0.0,"cards_upgraded":["Reaper","Iron Wave"]},{"damage_healed":0.0,"max_hp_gain":0.0,"max_hp_loss":0.0,"gold_gain":0.0,"event_name":"SensoryStone","player_choice":"Memory 1","floor":38.0,"gold_loss":0.0,"damage_taken":0.0},{"damage_healed":0,"gold_gain":275,"player_choice":"Desecrate","damage_taken":0,"max_hp_gain":0,"max_hp_loss":0,"event_name":"Golden Shrine","floor":41,"gold_loss":0,"cards_obtained":["Regret"]}],"is_beta":false,"boss_relics":[{"not_picked":["Astrolabe","Empty Cage"],"picked":"Pandora\u0027s Box"},{"not_picked":["Coffee Dripper","Tiny House"],"picked":"Busted Crown"}],"items_purged_floors":[42],"is_endless":false,"potions_floor_spawned":[3,7,13,16,25,28,31,39,45,46],"ascension_level":7}