{"gold_per_floor":[109,34,54,54,64,96,96,122,122,122,172,172,12,12,12,108,108,126,126,47,47,47,47],"floor_reached":23,"playtime":960,"items_purged":[],"score":415,"play_id":"bf5fa55f-7a09-4e4e-87cf-e561b3c1e7eb","local_time":"20181210224609","is_ascension_mode":true,"campfire_choices":[{"floor":7.0,"key":"REST"},{"data":"Zap","floor":10.0,"key":"SMITH"},{"data":"Streamline","floor":12.0,"key":"SMITH"},{"data":"Capacitor","floor":15.0,"key":"SMITH"}],"neow_cost":"NONE","seed_source_timestamp":0,"circlet_count":0,"master_deck":["AscendersBane","Defend_B","Defend_B","Defend_B","Defend_B","Zap+1","Dualcast","Conserve Battery","FTL","Rip and Tear","Streamline+1","Compile Driver","Capacitor+1","Go for the Eyes","Sweeping Beam","Buffer","Chill+1","Core Surge","Bite","Bite","Bite","Bite","Bite"],"special_seed":0,"relics":["Cracked Core","Singing Bowl","Unceasing Top","Ice Cream","Golden Idol","Runic Dome"],"potions_floor_usage":[],"damage_taken":[{"damage":0.0,"enemies":"Cultist","floor":1.0,"turns":3.0},{"damage":2.0,"enemies":"Jaw Worm","floor":3.0,"turns":3.0},{"damage":0.0,"enemies":"Small Slimes","floor":5.0,"turns":2.0},{"damage":36.0,"enemies":"3 Sentries","floor":6.0,"turns":9.0},{"damage":4.0,"enemies":"Gremlin Nob","floor":8.0,"turns":3.0},{"damage":18.0,"enemies":"Hexaghost","floor":16.0,"turns":9.0},{"damage":3.0,"enemies":"Chosen","floor":18.0,"turns":5.0},{"damage":17.0,"enemies":"Spheric Guardian","floor":20.0,"turns":4.0},{"damage":53,"enemies":"Book of Stabbing","floor":23,"turns":4}],"seed_played":"-5398415808032808388","potions_obtained":[{"floor":1.0,"key":"SkillPotion"},{"floor":5.0,"key":"FearPotion"},{"floor":16.0,"key":"GamblersBrew"}],"is_trial":false,"path_per_floor":["M","$","M","?","M","E","R","E","T","R","?","R","$","?","R","B",null,"M","?","M","$","?","$","E"],"character_chosen":"DEFECT","items_purchased":["FTL","Capacitor","Go for the Eyes","Sweeping Beam","Core Surge"],"campfire_rested":1,"item_purchase_floors":[2,13,13,13,20],"current_hp_per_floor":[71,71,69,69,69,33,56,54,54,54,54,54,54,26,26,8,62,59,59,42,42,42,0],"gold":47,"neow_bonus":"TEN_PERCENT_HP_BONUS","is_prod":false,"is_daily":false,"chose_seed":false,"campfire_upgraded":3,"win_rate":0,"timestamp":1544499969,"path_taken":["M","$","M","?","?","E","R","E","T","R","?","R","?","?","R","BOSS","M","?","?","?","$","E"],"build_version":"2018-12-06","purchased_purges":0,"victory":false,"max_hp_per_floor":[78,78,78,78,78,78,78,80,80,80,80,80,80,80,80,80,80,80,80,80,56,56,56],"card_choices":[{"not_picked":["Heatsinks","Barrage"],"picked":"Conserve Battery","floor":1.0},{"not_picked":["Leap","FTL"],"picked":"Rip and Tear","floor":3.0},{"not_picked":["Sunder","Double Energy"],"picked":"Streamline","floor":5.0},{"not_picked":["Skim","Undo"],"picked":"Compile Driver","floor":6.0},{"not_picked":["Stack","Lockon","Hello World"],"picked":"Singing Bowl","floor":8.0},{"not_picked":["Fission","Machine Learning"],"picked":"Buffer","floor":16.0},{"not_picked":["Ball Lightning","Streamline+1"],"picked":"Chill","floor":18.0}],"player_experience":676511,"relics_obtained":[{"floor":6.0,"key":"Singing Bowl"},{"floor":8.0,"key":"Unceasing Top"},{"floor":9.0,"key":"Ice Cream"}],"event_choices":[{"cards_removed":["Strike_B"],"damage_healed":0.0,"max_hp_gain":0.0,"max_hp_loss":0.0,"gold_gain":0.0,"event_name":"Bonfire Elementals","player_choice":"Offered Basic","floor":4.0,"gold_loss":0.0,"damage_taken":0.0},{"damage_healed":0.0,"max_hp_gain":0.0,"max_hp_loss":0.0,"gold_gain":50.0,"event_name":"Golden Shrine","player_choice":"Pray","floor":11.0,"gold_loss":0.0,"damage_taken":0.0},{"damage_healed":0.0,"max_hp_gain":0.0,"max_hp_loss":0.0,"gold_gain":0.0,"event_name":"Golden Idol","player_choice":"Take Damage","floor":14.0,"gold_loss":0.0,"damage_taken":28.0,"relics_obtained":["Golden Idol"]},{"damage_healed":0.0,"max_hp_gain":0.0,"max_hp_loss":0.0,"gold_gain":0.0,"event_name":"Upgrade Shrine","player_choice":"Upgraded","floor":19.0,"gold_loss":0.0,"damage_taken":0.0,"cards_upgraded":["Chill"]},{"damage_healed":0,"gold_gain":0,"player_choice":"Became a vampire","damage_taken":0,"max_hp_gain":0,"max_hp_loss":24,"event_name":"Vampires","floor":21,"gold_loss":0,"cards_obtained":["Bite","Bite","Bite","Bite","Bite"]}],"is_beta":false,"boss_relics":[{"not_picked":["Velvet Choker","Coffee Dripper"],"picked":"Runic Dome"}],"items_purged_floors":[],"is_endless":false,"potions_floor_spawned":[1,5,16,20],"killed_by":"Book of Stabbing","ascension_level":20}