{"gold_per_floor":[12,112,112,128,139,167,180,206,206,236,236,248,260,274,274,370,420,440,87,57,83,35,35,35,35,35,64,64,80,80,91,91,91],"floor_reached":33,"playtime":1445,"items_purged":["Strike_B"],"score":547,"play_id":"b796ba82-a215-46de-a6e7-4faa47a53442","local_time":"20180802033956","is_ascension_mode":true,"campfire_choices":[{"floor":11,"key":"REST"},{"floor":15,"key":"REST"},{"floor":23,"key":"REST"},{"data":"Hologram","floor":28,"key":"SMITH"},{"floor":30,"key":"REST"},{"data":"Go for the Eyes","floor":32,"key":"SMITH"}],"neow_cost":"NO_GOLD","seed_source_timestamp":3317556561404127,"circlet_count":0,"master_deck":["Strike_B+1","Strike_B","Strike_B","Defend_B+1","Defend_B+1","Defend_B","Defend_B","Zap+1","Dualcast+1","AscendersBane","Streamline","Gash","Beam Cell","Rebound","Hologram+1","Go for the Eyes+1","Auto Shields+1","Steam+1","Creative AI+1","Stack+1","Reinforced Body+1","Trip+1","Skim+1","Gash","BootSequence+1","Gash","Redo+1","Biased Cognition"],"relics":["Cracked Core","War Paint","Omamori","Blood Vial","Toxic Egg 2","Tiny House","Orichalcum","Happy Flower","Blue Candle","Oddly Smooth Stone"],"potions_floor_usage":[6,8,10,16,16,18,27,27],"damage_taken":[{"damage":0,"enemies":"2 Louse","floor":1,"turns":1},{"damage":6,"enemies":"Cultist","floor":4,"turns":4},{"damage":0,"enemies":"Small Slimes","floor":5,"turns":3},{"damage":4,"enemies":"Gremlin Nob","floor":6,"turns":3},{"damage":16,"enemies":"Exordium Wildlife","floor":7,"turns":5},{"damage":21,"enemies":"3 Sentries","floor":8,"turns":6},{"damage":16,"enemies":"Gremlin Nob","floor":10,"turns":3},{"damage":11,"enemies":"Red Slaver","floor":12,"turns":2},{"damage":8,"enemies":"Exordium Thugs","floor":13,"turns":4},{"damage":3,"enemies":"Blue Slaver","floor":14,"turns":3},{"damage":0,"enemies":"Slime Boss","floor":16,"turns":7},{"damage":19,"enemies":"Shell Parasite","floor":18,"turns":6},{"damage":19,"enemies":"2 Thieves","floor":20,"turns":5},{"damage":9,"enemies":"Slavers","floor":27,"turns":9},{"damage":29,"enemies":"Slaver and Parasite","floor":29,"turns":9},{"damage":0,"enemies":"Centurion and Healer","floor":31,"turns":8},{"damage":77,"enemies":"Champ","floor":33,"turns":10}],"seed_played":"8615859076336061182","potions_obtained":[{"floor":1,"key":"Strength Potion"},{"floor":5,"key":"Poison Potion"},{"floor":6,"key":"SkillPotion"},{"floor":10,"key":"Fire Potion"},{"floor":14,"key":"Fire Potion"},{"floor":16,"key":"Dexterity Potion"},{"floor":17,"key":"AttackPotion"},{"floor":18,"key":"Ancient Potion"},{"floor":29,"key":"SkillPotion"},{"floor":31,"key":"Ancient Potion"}],"is_trial":false,"path_per_floor":["M","?","?","M","M","E","M","E","T","E","R","M","M","M","R","B",null,"M","$","M","T","$","R","?","?","T","E","R","M","R","M","R"],"character_chosen":"DEFECT","items_purchased":["Trip+1","Orichalcum","Skim+1","Gash"],"campfire_rested":4,"item_purchase_floors":[19,19,19,22],"current_hp_per_floor":[82,82,64,58,58,54,38,17,17,3,29,20,14,13,39,41,82,65,65,48,48,48,76,76,76,76,69,69,42,70,72,72,0],"gold":91,"neow_bonus":"TWENTY_PERCENT_HP_BONUS","is_prod":false,"is_daily":false,"chose_seed":false,"campfire_upgraded":2,"win_rate":0,"timestamp":1533199196,"path_taken":["M","?","?","M","M","E","M","E","T","E","R","M","M","M","R","BOSS","M","$","M","?","?","R","?","?","T","E","R","M","R","M","R","BOSS"],"build_version":"2018-07-26","purchased_purges":1,"victory":false,"max_hp_per_floor":[89,89,89,89,89,89,89,89,89,89,89,89,89,89,89,89,94,94,94,94,94,94,94,94,94,94,94,94,94,94,94,94,94],"card_choices":[{"not_picked":["Storm","Aggregate"],"picked":"Streamline","floor":1},{"not_picked":["Blizzard","Leap"],"picked":"Gash","floor":4},{"not_picked":["Hologram","Steam"],"picked":"Beam Cell","floor":5},{"not_picked":["Beam Cell","Leap"],"picked":"Rebound","floor":6},{"not_picked":["Leap","Redo"],"picked":"Hologram","floor":7},{"not_picked":["Capacitor","Rip and Tear"],"picked":"Go for the Eyes","floor":8},{"not_picked":["Force Field","Chaos"],"picked":"Auto Shields","floor":10},{"not_picked":["Rip and Tear","Sweeping Beam","Coolheaded+1"],"picked":"SKIP","floor":12},{"not_picked":["Streamline","Multi-Cast+1","Cold Snap"],"picked":"SKIP","floor":13},{"not_picked":["Steam Power+1","Stack+1"],"picked":"Steam+1","floor":14},{"not_picked":["Thunder Strike","Amplify+1"],"picked":"Creative AI","floor":16},{"not_picked":["Turbo+1","Go for the Eyes"],"picked":"Stack+1","floor":17},{"not_picked":["Rebound","Leap+1"],"picked":"Reinforced Body+1","floor":18},{"not_picked":["Steam Power+1","Streamline","Undo+1"],"picked":"SKIP","floor":20},{"not_picked":["Rebound+1","Meteor Strike"],"picked":"Gash","floor":27},{"not_picked":["Reinforced Body+1","Hologram+1"],"picked":"Redo+1","floor":29},{"not_picked":["Leap+1","Barrage"],"picked":"Biased Cognition","floor":31}],"player_experience":439212,"relics_obtained":[{"floor":6,"key":"War Paint"},{"floor":8,"key":"Omamori"},{"floor":9,"key":"Blood Vial"},{"floor":10,"key":"Toxic Egg 2"},{"floor":21,"key":"Happy Flower"},{"floor":26,"key":"Blue Candle"},{"floor":27,"key":"Oddly Smooth Stone"}],"event_choices":[{"event_name":"Golden Shrine","player_choice":"Pray","floor":2,"damage_taken":0},{"event_name":"Shining Light","player_choice":"Entered Light","floor":3,"damage_taken":0},{"event_name":"Upgrade Shrine","player_choice":"Upgraded","floor":24,"damage_taken":0},{"event_name":"The Library","player_choice":"Read","floor":25,"damage_taken":0}],"is_beta":false,"boss_relics":[{"not_picked":["Fusion Hammer","Snecko Eye"],"picked":"Tiny House"}],"items_purged_floors":[19],"is_endless":false,"potions_floor_spawned":[1,5,6,10,14,16,18,29,31],"killed_by":"Champ","ascension_level":11}