{"path_per_floor":["M","?","?","?","?","E","M","E","T","M","R","M","M","$","R","B",null,"M","?","M","M","?","E","?","R","T","M","E"],"character_chosen":"THE_SILENT","items_purchased":["Whetstone"],"gold_per_floor":[111,111,111,111,111,144,158,186,210,224,224,240,260,39,39,142,142,160,160,170,184,184,211,211,211,211,221,251],"floor_reached":29,"campfire_rested":2,"playtime":1409,"current_hp_per_floor":[63,63,63,63,49,30,30,29,29,29,50,50,50,50,50,26,70,68,55,53,61,61,13,13,30,30,30,10],"items_purged":["Doubt"],"gold":251,"score":313,"play_id":"c029b246-2591-4bee-9938-d7e0cd1457b7","is_prod":false,"is_daily":false,"is_ascension_mode":true,"campfire_upgraded":1,"path_taken":["M","?","?","?","?","E","M","E","T","?","R","M","M","?","R","BOSS","M","?","M","M","?","E","?","R","T","M","E","?"],"build_version":"2018-02-12-PROD1","purchased_purges":1,"victory":false,"master_deck":["Defend_G","Defend_G","Defend_G","Defend_G+1","Defend_G","Survivor","Neutralize+1","Finisher","Dagger Throw+1","Prepared","Footwork","Sucker Punch","Dagger Throw","Masterful Stab+1","Backstab","Leg Sweep+1","Night Terror","Expertise+1","Deadly Poison+1","Masterful Stab","Writhe","Terror+1","Bite","Bite","Bite","Bite","Bite","Pain","Deflect+1","Bane"],"max_hp_per_floor":[70,70,70,70,70,70,70,70,70,70,70,70,70,70,70,70,70,70,75,75,75,75,82,57,57,57,57,57],"relics":["Cursed Key","Lantern","Dream Catcher","Ancient Tea Set","Whetstone","White Beast Statue","Ninja Scroll","Strawberry","Sundial","Letter Opener"],"card_choices":[{"not_picked":["Calculated Gamble","Bullet Time"],"picked":"Finisher"},{"not_picked":["Bullet Time","Deflect"],"picked":"Prepared"},{"not_picked":["Caltrops","Flechettes"],"picked":"Footwork"},{"not_picked":["Riddle With Holes","Catalyst"],"picked":"Sucker Punch"},{"not_picked":["Slice","Unload"],"picked":"Dagger Throw"},{"not_picked":["Dodge and Roll","Underhanded Strike"],"picked":"Masterful Stab"},{"not_picked":["Deadly Poison","Backflip"],"picked":"Backstab"},{"not_picked":["PiercingWail","Deflect"],"picked":"Leg Sweep"},{"not_picked":["Wraith Form","Bullet Time"],"picked":"Night Terror"},{"not_picked":["Flying Knee","Deflect"],"picked":"Expertise"},{"not_picked":["Underhanded Strike","Dodge and Roll"],"picked":"Deadly Poison"},{"not_picked":["Bane","Cloak And Dagger"],"picked":"Masterful Stab"},{"not_picked":["Adrenaline","Poisoned Stab"],"picked":"Terror"},{"not_picked":["Dodge and Roll","Sucker Punch"],"picked":"Deflect"},{"not_picked":["Accuracy","Reflex"],"picked":"Bane"}],"player_experience":81287,"potions_floor_usage":[8,12,20,21,21,21,23,28,29],"damage_taken":[{"damage":7,"enemies":"Small Slimes","floor":1,"turns":4},{"damage":19,"enemies":"Lagavulin","floor":6,"turns":7},{"damage":0,"enemies":"Jaw Worm","floor":7,"turns":3},{"damage":1,"enemies":"3 Sentries","floor":8,"turns":6},{"damage":0,"enemies":"Cultist","floor":10,"turns":3},{"damage":0,"enemies":"Exordium Thugs","floor":12,"turns":3},{"damage":0,"enemies":"Lots of Slimes","floor":13,"turns":3},{"damage":24,"enemies":"The Guardian","floor":16,"turns":9},{"damage":2,"enemies":"3 Byrds","floor":18,"turns":6},{"damage":2,"enemies":"2 Thieves","floor":20,"turns":3},{"damage":7,"enemies":"Centurion and Healer","floor":21,"turns":7},{"damage":55,"enemies":"Book of Stabbing","floor":23,"turns":7},{"damage":6,"enemies":"Snake Plant","floor":27,"turns":3},{"damage":32,"enemies":"Slavers","floor":28,"turns":8},{"damage":26,"enemies":"Cultist and Chosen","floor":29,"turns":4}],"event_choices":[{"event_name":"Living Wall","player_choice":"Change","floor":2,"damage_taken":0},{"event_name":"The Woman in Blue","player_choice":"Bought 0 Potions","floor":3,"damage_taken":0},{"event_name":"The Lab","player_choice":"Got Potions","floor":4,"damage_taken":0},{"event_name":"Shining Light","player_choice":"Entered Light","floor":5,"damage_taken":0},{"event_name":"Forgotten Altar","player_choice":"Shed Blood","floor":19,"damage_taken":0},{"event_name":"The Mausoleum","player_choice":"Yes","floor":22,"damage_taken":0},{"event_name":"Vampires","player_choice":"Became a vampire","floor":24,"damage_taken":0}],"boss_relics":[{"not_picked":["Lizard Tail","Eternal Feather"],"picked":"White Beast Statue"}],"potions_floor_spawned":[1,10,13,16,18,20,21,23,27,28],"seed_played":"-6258661551659388939","killed_by":"Cultist and Chosen","ascension_level":1,"is_trial":false}