{"gold_per_floor":[117,131,145,157,167,167,192,192,192,192,227,227,178,213,213,317,317,330,341,360,379,379,379,409,429,452,452,27,46,46,74,74,169,169,182,182,198,214,62,88,88,123,150,150,150,161,172,190,190,190],"floor_reached":50,"playtime":2109,"items_purged":["Strike_G"],"score":614,"play_id":"4fd425a2-2a24-4fc5-91eb-707529a8c816","local_time":"20181205145321","is_ascension_mode":false,"campfire_choices":[{"data":"Finisher","floor":6,"key":"SMITH"},{"data":"Caltrops","floor":10,"key":"SMITH"},{"data":"1","floor":15,"key":"LIFT"},{"data":"2","floor":23,"key":"LIFT"},{"floor":27,"key":"REST"},{"data":"3","floor":32,"key":"LIFT"},{"floor":41,"key":"REST"},{"floor":44,"key":"REST"},{"floor":49,"key":"RECALL"}],"neow_cost":"NONE","seed_source_timestamp":960012438375529,"circlet_count":0,"master_deck":["Defend_G","Defend_G","Defend_G","Defend_G","Defend_G+1","Survivor+1","Neutralize+1","Poisoned Stab","Terror","Heel Hook","Backflip","Finisher+1","Caltrops+1","Infinite Blades","Endless Agony","Adrenaline","Bullet Time+1","Glass Knife+1","Corpse Explosion+1","Cloak And Dagger+1","PiercingWail","Malaise","Dagger Spray","Infinite Blades","Cloak And Dagger","Doppelganger","Madness","Catalyst","Cloak And Dagger+1","Dodge and Roll","Riddle With Holes+1","Iron Wave","Parasite","Noxious Fumes+1"],"relics":["Ring of the Snake","War Paint","Bottled Tornado","Snake Skull","Girya","Astrolabe","StoneCalendar","Orichalcum","Chemical X","Ninja Scroll","Runic Dome","Vajra","Boot","Strawberry"],"potions_floor_usage":[14,19,24,33,33,50,50],"damage_taken":[{"damage":0,"enemies":"Small Slimes","floor":1,"turns":4},{"damage":0,"enemies":"2 Louse","floor":2,"turns":3},{"damage":0,"enemies":"Cultist","floor":3,"turns":3},{"damage":4,"enemies":"3 Louse","floor":4,"turns":5},{"damage":3,"enemies":"Lots of Slimes","floor":5,"turns":6},{"damage":0,"enemies":"Lagavulin","floor":7,"turns":7},{"damage":28,"enemies":"3 Sentries","floor":11,"turns":10},{"damage":0,"enemies":"Gremlin Nob","floor":14,"turns":2},{"damage":11,"enemies":"Hexaghost","floor":16,"turns":7},{"damage":1,"enemies":"3 Byrds","floor":18,"turns":2},{"damage":2,"enemies":"2 Thieves","floor":19,"turns":3},{"damage":0,"enemies":"Chosen and Byrds","floor":20,"turns":3},{"damage":0,"enemies":"3 Cultists","floor":21,"turns":3},{"damage":17,"enemies":"Gremlin Leader","floor":24,"turns":5},{"damage":23,"enemies":"Centurion and Healer","floor":25,"turns":4},{"damage":0,"enemies":"Snake Plant","floor":29,"turns":3},{"damage":4,"enemies":"Book of Stabbing","floor":31,"turns":6},{"damage":35,"enemies":"Champ","floor":33,"turns":8},{"damage":0,"enemies":"3 Shapes","floor":35,"turns":3},{"damage":0,"enemies":"3 Darklings","floor":37,"turns":1},{"damage":21,"enemies":"Jaw Worm Horde","floor":38,"turns":2},{"damage":38,"enemies":"Reptomancer","floor":40,"turns":5},{"damage":3,"enemies":"Giant Head","floor":42,"turns":6},{"damage":3,"enemies":"Writhing Mass","floor":46,"turns":4},{"damage":0,"enemies":"Maw","floor":47,"turns":5},{"damage":0,"enemies":"3 Darklings","floor":48,"turns":3},{"damage":54,"enemies":"Awakened One","floor":50,"turns":9}],"seed_played":"560170245939758844","potions_obtained":[{"floor":2,"key":"Energy Potion"},{"floor":4,"key":"SkillPotion"},{"floor":11,"key":"AttackPotion"},{"floor":14,"key":"Energy Potion"},{"floor":16,"key":"AttackPotion"},{"floor":19,"key":"Explosive Potion"},{"floor":33,"key":"Strength Potion"},{"floor":35,"key":"SkillPotion"},{"floor":48,"key":"PowerPotion"}],"is_trial":false,"path_per_floor":["M","M","M","M","M","R","E","?","T","R","E","?","?","E","R","B",null,"M","M","M","M","?","R","E","M","T","R","$","M","$","E","R","B",null,"M","?","M","M","$","E","R","E","T","R","?","M","M","M","R","B"],"character_chosen":"THE_SILENT","items_purchased":["Chemical X","Infinite Blades","Cloak And Dagger","SkillPotion","Vajra"],"campfire_rested":3,"item_purchase_floors":[28,28,28,28,39],"current_hp_per_floor":[70,70,70,66,63,63,63,56,56,56,28,28,28,28,28,17,70,69,67,67,67,67,67,50,27,27,48,48,48,48,44,44,9,70,70,61,61,40,40,2,23,27,27,50,50,47,47,47,47,0],"gold":190,"neow_bonus":"UPGRADE_CARD","is_prod":false,"is_daily":false,"chose_seed":false,"campfire_upgraded":2,"win_rate":0,"timestamp":1544039601,"path_taken":["M","M","M","M","M","R","E","?","T","R","E","?","?","E","R","BOSS","M","M","M","M","?","R","E","M","T","R","?","M","$","E","R","BOSS","M","?","M","M","$","E","R","E","T","R","?","?","M","M","R","BOSS"],"build_version":"2018-11-15","purchased_purges":1,"victory":false,"max_hp_per_floor":[70,70,70,70,70,70,70,70,70,70,70,70,70,70,70,70,70,70,70,70,70,70,70,70,70,70,70,70,70,70,70,70,70,70,70,70,70,70,70,70,70,77,77,77,77,77,77,77,77,77],"card_choices":[{"not_picked":["Prepared","Acrobatics"],"picked":"Poisoned Stab","floor":1},{"not_picked":["Acrobatics","Endless Agony"],"picked":"Terror","floor":2},{"not_picked":["Reflex","Blade Dance"],"picked":"Heel Hook","floor":3},{"not_picked":["Leg Sweep","Dagger Throw"],"picked":"Backflip","floor":4},{"not_picked":["Prepared","Venomology"],"picked":"Finisher","floor":5},{"not_picked":["Distraction","Flying Knee"],"picked":"Caltrops","floor":7},{"not_picked":["Backflip","Unload"],"picked":"Infinite Blades","floor":11},{"not_picked":["Tactician","Bane"],"picked":"Endless Agony","floor":14},{"not_picked":["Grand Finale","Bullet Time"],"picked":"Adrenaline","floor":16},{"not_picked":["Footwork","Acrobatics"],"picked":"Cloak And Dagger+1","floor":18},{"not_picked":["Dodge and Roll","Acrobatics","Prepared"],"picked":"SKIP","floor":19},{"not_picked":["Sucker Punch","Deflect+1"],"picked":"PiercingWail","floor":20},{"not_picked":["Outmaneuver","Choke+1"],"picked":"Malaise","floor":21},{"not_picked":["Flechettes+1","Dagger Throw+1","Concentrate+1"],"picked":"SKIP","floor":24},{"not_picked":["Dash","Outmaneuver"],"picked":"Dagger Spray","floor":25},{"not_picked":["All Out Attack+1","Quick Slash","Flying Knee+1"],"picked":"SKIP","floor":29},{"not_picked":["Blade Dance","Underhanded Strike","Outmaneuver"],"picked":"SKIP","floor":31},{"not_picked":["Wraith Form v2","Storm of Steel"],"picked":"Doppelganger","floor":33},{"not_picked":["Expertise+1","Skewer","Blade Dance"],"picked":"SKIP","floor":35},{"not_picked":["Slice","Predator+1"],"picked":"Catalyst","floor":37},{"not_picked":["Distraction+1","Prepared+1"],"picked":"Cloak And Dagger+1","floor":38},{"not_picked":["Deadly Poison+1","Dagger Throw"],"picked":"Dodge and Roll","floor":40},{"not_picked":["Predator+1","Sucker Punch+1"],"picked":"Riddle With Holes+1","floor":42},{"not_picked":["Distraction","Flying Knee+1","Flechettes"],"picked":"SKIP","floor":46},{"not_picked":["Outmaneuver","Sucker Punch","Tactician+1"],"picked":"SKIP","floor":47},{"not_picked":["Crippling Poison+1","Poisoned Stab"],"picked":"Noxious Fumes+1","floor":48}],"player_experience":657613,"relics_obtained":[{"floor":7,"key":"War Paint"},{"floor":9,"key":"Bottled Tornado"},{"floor":11,"key":"Snake Skull"},{"floor":14,"key":"Girya"},{"floor":24,"key":"StoneCalendar"},{"floor":26,"key":"Orichalcum"},{"floor":31,"key":"Ninja Scroll"},{"floor":40,"key":"Boot"},{"floor":42,"key":"Strawberry"}],"event_choices":[{"cards_removed":["Strike_G"],"damage_healed":0,"gold_gain":0,"player_choice":"Card Removal","damage_taken":7,"max_hp_gain":0,"max_hp_loss":0,"event_name":"Golden Wing","floor":8,"gold_loss":0},{"damage_healed":0,"gold_gain":0,"player_choice":"Ignored","damage_taken":0,"max_hp_gain":0,"max_hp_loss":0,"event_name":"Liars Game","floor":12,"gold_loss":0},{"damage_healed":0,"gold_gain":0,"player_choice":"Left Gold","damage_taken":0,"max_hp_gain":0,"max_hp_loss":0,"event_name":"World of Goop","floor":13,"gold_loss":49},{"damage_healed":0,"gold_gain":0,"player_choice":"Bought 0 Potions","damage_taken":0,"max_hp_gain":0,"max_hp_loss":0,"event_name":"The Woman in Blue","floor":22,"gold_loss":0},{"damage_healed":0,"gold_gain":0,"player_choice":"Embrace Madness","damage_taken":9,"max_hp_gain":0,"max_hp_loss":0,"event_name":"Winding Halls","floor":36,"gold_loss":0,"cards_obtained":["Madness","Madness"]},{"cards_removed":["Madness"],"damage_healed":0,"gold_gain":0,"player_choice":"Took Card","damage_taken":0,"max_hp_gain":0,"max_hp_loss":0,"event_name":"NoteForYourself","floor":45,"gold_loss":0,"cards_obtained":["Iron Wave"]}],"is_beta":false,"boss_relics":[{"not_picked":["Velvet Choker","Empty Cage"],"picked":"Astrolabe"},{"not_picked":["WristBlade","HoveringKite"],"picked":"Runic Dome"}],"items_purged_floors":[28],"is_endless":false,"potions_floor_spawned":[2,4,11,14,16,19,20,21,33,35,38,40,46,48],"killed_by":"Awakened One","ascension_level":0}