{"gold_per_floor":[110,110,110,110,124,163,163,203,226,226,226,226,249,17,17,110,110,125,250,263,263,263],"floor_reached":22,"playtime":696,"items_purged":["Strike_B"],"score":430,"play_id":"e47f45d3-0340-4cc4-9a30-957a9ec4f362","local_time":"20190214124150","is_ascension_mode":true,"campfire_choices":[{"data":"Zap","floor":7.0,"key":"SMITH"},{"floor":10.0,"key":"REST"},{"data":"Darkness","floor":12.0,"key":"SMITH"},{"data":"Defragment","floor":15,"key":"SMITH"}],"neow_cost":"NONE","seed_source_timestamp":0,"circlet_count":0,"master_deck":["AscendersBane","Defend_B","Defend_B+1","Defend_B","Defend_B","Zap+1","Dualcast+1","Compile Driver","Darkness+1","Steam","Defragment+1","Hyperbeam+1","Multi-Cast+1","Ball Lightning+1","White Noise+1","Defragment+1","Storm","Sweeping Beam+1","Cold Snap+1"],"special_seed":0,"relics":["Cracked Core","NeowsBlessing","Golden Idol","Kunai","Molten Egg 2","Strawberry","Bag of Preparation","Astrolabe","Prayer Wheel","Pantograph"],"potions_floor_usage":[],"damage_taken":[{"damage":0.0,"enemies":"Cultist","floor":1.0,"turns":1.0},{"damage":0.0,"enemies":"Jaw Worm","floor":5.0,"turns":1.0},{"damage":0.0,"enemies":"Gremlin Nob","floor":6.0,"turns":1.0},{"damage":42.0,"enemies":"3 Sentries","floor":8.0,"turns":8.0},{"damage":0,"enemies":"Small Slimes","floor":13,"turns":3},{"damage":20,"enemies":"Hexaghost","floor":16,"turns":6},{"damage":0,"enemies":"Spheric Guardian","floor":18,"turns":3},{"damage":36,"enemies":"Colosseum Slavers","floor":19,"turns":3},{"damage":0,"enemies":"Colosseum Nobs","floor":19,"turns":2},{"damage":14,"enemies":"3 Byrds","floor":20,"turns":3},{"damage":17,"enemies":"Shelled Parasite and Fungi","floor":22,"turns":2}],"seed_played":"174863365338374435","potions_obtained":[{"floor":6.0,"key":"SkillPotion"},{"floor":13,"key":"FearPotion"}],"is_trial":false,"path_per_floor":["M","?","T","?","M","E","R","E","T","R","?","R","M","$","R","B",null,"M","?","M","?","M"],"character_chosen":"DEFECT","items_purchased":["Hyperbeam+1"],"campfire_rested":1,"item_purchase_floors":[14],"current_hp_per_floor":[64,64,64,45,45,45,45,10,10,31,36,36,36,36,36,16,61,61,25,11,11,0],"gold":263,"neow_bonus":"THREE_ENEMY_KILL","is_prod":false,"is_daily":false,"chose_seed":false,"campfire_upgraded":3,"win_rate":0,"timestamp":1550166110,"path_taken":["M","?","?","?","?","E","R","E","T","R","?","R","M","$","R","BOSS","M","?","M","?","?"],"build_version":"2019-01-23","purchased_purges":1,"victory":false,"max_hp_per_floor":[71,64,64,64,64,64,64,71,71,71,76,76,76,76,76,76,76,76,76,76,76,76],"card_choices":[{"not_picked":["Beam Cell","Redo","Go for the Eyes"],"picked":"SKIP","floor":1.0},{"not_picked":["Blizzard","White Noise"],"picked":"Compile Driver","floor":5.0},{"not_picked":["Redo","Recycle"],"picked":"Darkness","floor":6.0},{"not_picked":["Compile Driver+1","Coolheaded"],"picked":"Steam","floor":8.0},{"not_picked":["Beam Cell+1","Cold Snap+1"],"picked":"Defragment","floor":13},{"not_picked":["Rainbow","Hyperbeam+1"],"picked":"Multi-Cast","floor":16},{"not_picked":["Darkness","Lockon+1"],"picked":"Storm","floor":18},{"not_picked":["Redo","Steam+1"],"picked":"Sweeping Beam+1","floor":20},{"not_picked":["Genetic Algorithm","Consume+1"],"picked":"Cold Snap+1","floor":20}],"player_experience":822453,"relics_obtained":[{"floor":3.0,"key":"Kunai"},{"floor":6.0,"key":"Molten Egg 2"},{"floor":8.0,"key":"Strawberry"},{"floor":9.0,"key":"Bag of Preparation"},{"floor":19,"key":"Prayer Wheel"},{"floor":19,"key":"Pantograph"}],"event_choices":[{"damage_healed":0.0,"max_hp_gain":0.0,"max_hp_loss":7.0,"gold_gain":0.0,"event_name":"Golden Idol","player_choice":"Lose Max HP","floor":2.0,"gold_loss":0.0,"damage_taken":0.0,"relics_obtained":["Golden Idol"]},{"damage_healed":0.0,"max_hp_gain":0.0,"max_hp_loss":0.0,"gold_gain":0.0,"event_name":"Shining Light","player_choice":"Entered Light","floor":4.0,"gold_loss":0.0,"damage_taken":19.0,"cards_upgraded":["Dualcast","Defend_B"]},{"damage_healed":0.0,"max_hp_gain":5.0,"max_hp_loss":0.0,"gold_gain":0.0,"event_name":"Big Fish","player_choice":"Donut","floor":11.0,"gold_loss":0.0,"damage_taken":0.0},{"damage_healed":0,"gold_gain":0,"player_choice":"Fight","damage_taken":0,"max_hp_gain":0,"max_hp_loss":0,"event_name":"Colosseum","floor":19,"gold_loss":0},{"damage_healed":0,"gold_gain":0,"player_choice":"Fought Nobs","damage_taken":0,"max_hp_gain":0,"max_hp_loss":0,"event_name":"Colosseum","floor":19,"gold_loss":0},{"damage_healed":0,"gold_gain":0,"player_choice":"Forge","damage_taken":0,"max_hp_gain":0,"max_hp_loss":0,"event_name":"Accursed Blacksmith","floor":21,"gold_loss":0,"cards_upgraded":["Multi-Cast"]}],"is_beta":false,"boss_relics":[{"not_picked":["Velvet Choker","Runic Dome"],"picked":"Astrolabe"}],"items_purged_floors":[14],"is_endless":false,"potions_floor_spawned":[6,13,19],"killed_by":"Shelled Parasite and Fungi","ascension_level":20}