{"gold_per_floor":[118,118,40,115,115,140,151,170,170,170,202,202,235,253,253,355,355,367,292,308,208,223,223,223],"floor_reached":24,"playtime":1199,"items_purged":["Strike_B","Strike_B"],"score":239,"play_id":"a265cce7-ef99-41b7-9bc0-98a9753675c7","local_time":"20190212170703","is_ascension_mode":false,"campfire_choices":[{"floor":10,"key":"REST"},{"floor":12,"key":"RECALL"},{"floor":15,"key":"REST"},{"floor":23,"key":"REST"}],"neow_cost":"NONE","seed_source_timestamp":0,"circlet_count":0,"master_deck":["Strike_B","Strike_B+1","Defend_B","Defend_B","Defend_B","Defend_B","Zap","Dualcast","Go for the Eyes+1","FTL+1","Beam Cell","Echo Form"],"special_seed":0,"relics":["Cracked Core","NeowsBlessing","Unceasing Top","Dream Catcher","Bag of Preparation","Black Star"],"potions_floor_usage":[],"damage_taken":[{"damage":0.0,"enemies":"Small Slimes","floor":1.0,"turns":1.0},{"damage":0.0,"enemies":"Lagavulin","floor":6.0,"turns":1.0},{"damage":0.0,"enemies":"2 Louse","floor":7.0,"turns":1.0},{"damage":1.0,"enemies":"Jaw Worm","floor":8.0,"turns":3.0},{"damage":15,"enemies":"Gremlin Nob","floor":11,"turns":4},{"damage":23,"enemies":"3 Sentries","floor":13,"turns":7},{"damage":6,"enemies":"Lots of Slimes","floor":14,"turns":3},{"damage":35,"enemies":"The Guardian","floor":16,"turns":11},{"damage":16,"enemies":"Shell Parasite","floor":18,"turns":5},{"damage":19,"enemies":"3 Byrds","floor":20,"turns":5},{"damage":36,"enemies":"Snake Plant","floor":22,"turns":6},{"damage":29,"enemies":"Sentry and Sphere","floor":24,"turns":5}],"seed_played":"3509309700203213726","potions_obtained":[{"floor":1.0,"key":"Ancient Potion"},{"floor":6.0,"key":"Poison Potion"},{"floor":16,"key":"Swift Potion"}],"is_trial":false,"path_per_floor":["M","?","$","?","?","E","M","M","T","R","E","R","E","M","R","B",null,"M","$","M","$","M","R","M"],"character_chosen":"DEFECT","items_purchased":["FTL"],"campfire_rested":3,"item_purchase_floors":[3],"current_hp_per_floor":[75,75,75,64,49,49,49,48,48,70,55,55,32,26,48,13,75,59,59,40,40,4,26,0],"gold":223,"neow_bonus":"THREE_ENEMY_KILL","is_prod":false,"is_daily":false,"chose_seed":false,"campfire_upgraded":0,"win_rate":0,"timestamp":1549987623,"path_taken":["M","?","$","?","?","E","M","?","T","R","E","R","E","M","R","BOSS","M","?","M","$","?","R","M"],"build_version":"2019-02-06","purchased_purges":2,"victory":false,"max_hp_per_floor":[75,75,75,75,75,75,75,75,75,75,75,75,75,75,75,75,75,75,75,75,75,75,75,75],"card_choices":[{"not_picked":["Genetic Algorithm","Redo"],"picked":"Go for the Eyes","floor":1.0},{"not_picked":["Stack","Ball Lightning","Melter"],"picked":"SKIP","floor":6.0},{"not_picked":["Ball Lightning","Turbo"],"picked":"Beam Cell","floor":7.0},{"not_picked":["Rebound","Stack","Tempest"],"picked":"SKIP","floor":8},{"not_picked":["Reinforced Body","Genetic Algorithm","Barrage"],"picked":"SKIP","floor":11},{"not_picked":["Double Energy","Meteor Strike"],"picked":"Echo Form","floor":13},{"not_picked":["Hologram","Sunder","Beam Cell"],"picked":"SKIP","floor":14},{"not_picked":["Coolheaded","Ball Lightning","Darkness"],"picked":"SKIP","floor":18},{"not_picked":["Go for the Eyes","Leap+1","Undo+1"],"picked":"SKIP","floor":20},{"not_picked":["Undo+1","Hologram","Conserve Battery+1"],"picked":"SKIP","floor":22}],"player_experience":215972,"relics_obtained":[{"floor":6.0,"key":"Unceasing Top"},{"floor":11,"key":"Dream Catcher"},{"floor":13,"key":"Bag of Preparation"}],"event_choices":[{"damage_healed":0.0,"max_hp_gain":0.0,"max_hp_loss":0.0,"gold_gain":0.0,"event_name":"Living Wall","player_choice":"Grow","floor":2.0,"gold_loss":0.0,"damage_taken":0.0,"cards_upgraded":["Go for the Eyes"]},{"damage_healed":0.0,"max_hp_gain":0.0,"max_hp_loss":0.0,"gold_gain":75.0,"event_name":"World of Goop","player_choice":"Gather Gold","floor":4.0,"gold_loss":0.0,"damage_taken":11.0},{"damage_healed":0.0,"max_hp_gain":0.0,"max_hp_loss":0.0,"gold_gain":0.0,"event_name":"Shining Light","player_choice":"Entered Light","floor":5.0,"gold_loss":0.0,"damage_taken":15.0,"cards_upgraded":["Strike_B","FTL"]}],"is_beta":true,"boss_relics":[{"not_picked":["Pandora\u0027s Box","Runic Dome"],"picked":"Black Star"}],"items_purged_floors":[19,21],"is_endless":false,"potions_floor_spawned":[1,6,16,22],"killed_by":"Sentry and Sphere","ascension_level":0}