{"gold_per_floor":[362,377,394,394,411,411,411,196,196,196,210,227,227,227],"floor_reached":14,"playtime":307,"items_purged":["Strike_B"],"score":160,"play_id":"82be85b1-88b6-440d-b016-ad433184f6d3","local_time":"20181020203646","is_ascension_mode":true,"campfire_choices":[{"floor":7,"key":"REST"},{"floor":10,"key":"REST"}],"neow_cost":"PERCENT_DAMAGE","seed_source_timestamp":258490421870896,"circlet_count":0,"master_deck":["Strike_B","Strike_B","Defend_B","Defend_B","Defend_B","Defend_B","Zap","Dualcast","AscendersBane","Sweeping Beam","White Noise","Capacitor","Consume","Streamline","Loop","Melter","Leap"],"relics":["Cracked Core","Lantern"],"potions_floor_usage":[5],"damage_taken":[{"damage":7,"enemies":"Jaw Worm","floor":1,"turns":3},{"damage":1,"enemies":"Cultist","floor":2,"turns":3},{"damage":7,"enemies":"2 Louse","floor":3,"turns":3},{"damage":15,"enemies":"Lots of Slimes","floor":5,"turns":3},{"damage":5,"enemies":"2 Fungi Beasts","floor":11,"turns":4},{"damage":15,"enemies":"3 Louse","floor":12,"turns":3},{"damage":30,"enemies":"3 Sentries","floor":14,"turns":4}],"seed_played":"4453257944114249439","potions_obtained":[{"floor":2,"key":"Weak Potion"},{"floor":3,"key":"SkillPotion"}],"is_trial":false,"path_per_floor":["M","M","M","?","M","?","R","$","T","R","M","M","?"],"character_chosen":"DEFECT","items_purchased":["Streamline","Loop"],"campfire_rested":2,"item_purchase_floors":[8,8],"current_hp_per_floor":[39,38,31,31,16,5,26,26,26,47,42,27,27,0],"gold":227,"neow_bonus":"TWO_FIFTY_GOLD","is_prod":false,"is_daily":false,"chose_seed":false,"campfire_upgraded":0,"win_rate":0,"timestamp":1540082206,"path_taken":["M","M","M","?","?","?","R","$","T","R","M","M","?","E"],"build_version":"2018-10-18","purchased_purges":1,"victory":false,"max_hp_per_floor":[71,71,71,71,71,71,71,71,71,71,71,71,71,71],"card_choices":[{"not_picked":["Redo","Fusion"],"picked":"Sweeping Beam","floor":1},{"not_picked":["Go for the Eyes","Cold Snap"],"picked":"White Noise","floor":2},{"not_picked":["Turbo","White Noise"],"picked":"Capacitor","floor":3},{"not_picked":["Capacitor","Scrape"],"picked":"Consume","floor":5},{"not_picked":["Heatsinks","Steam Power"],"picked":"Melter","floor":11},{"not_picked":["Rainbow","Scrape"],"picked":"Leap","floor":12}],"player_experience":588953,"relics_obtained":[{"floor":9,"key":"Lantern"}],"event_choices":[{"cards_removed":["Strike_B"],"damage_healed":0,"gold_gain":0,"player_choice":"Purged","damage_taken":0,"max_hp_gain":0,"max_hp_loss":0,"event_name":"Purifier","floor":4,"gold_loss":0},{"damage_healed":0,"gold_gain":0,"player_choice":"Fled","damage_taken":11,"max_hp_gain":0,"max_hp_loss":0,"event_name":"Scrap Ooze","floor":6,"gold_loss":0},{"damage_healed":0,"gold_gain":0,"player_choice":"Ignored","damage_taken":0,"max_hp_gain":0,"max_hp_loss":0,"event_name":"Liars Game","floor":13,"gold_loss":0}],"is_beta":false,"boss_relics":[],"items_purged_floors":[8],"is_endless":false,"potions_floor_spawned":[2,3],"killed_by":"3 Sentries","ascension_level":19}