{"gold_per_floor":[114,130,130,130,142,168,187,187,235,235,235,269,269,283,283,373,373,349,349,39,55,55,55,89,89,138,159,200,200,200,223,223,223],"floor_reached":33,"playtime":1294,"items_purged":["Strike_B"],"score":557,"play_id":"8f5b8098-8f76-46f1-8a17-56026b4ea4e5","local_time":"20181014131029","is_ascension_mode":true,"campfire_choices":[{"data":"Go for the Eyes","floor":8,"key":"SMITH"},{"floor":11,"key":"REST"},{"data":"Genetic Algorithm","floor":13,"key":"SMITH"},{"data":"Barrage","floor":15,"key":"SMITH"},{"data":"Buffer","floor":23,"key":"SMITH"},{"floor":25,"key":"REST"},{"floor":29,"key":"REST"},{"data":"Go for the Eyes","floor":32,"key":"SMITH"}],"neow_cost":"NONE","seed_source_timestamp":564595434244738,"circlet_count":0,"master_deck":["Strike_B","Strike_B","Defend_B","Defend_B","Defend_B","Defend_B","Zap+1","Dualcast","AscendersBane","Barrage+1","Sweeping Beam","Go for the Eyes+1","Genetic Algorithm+1","Cold Snap","Compile Driver","Compile Driver","Buffer+1","Ball Lightning","Go for the Eyes+1","Seek","Melter","Creative AI"],"relics":["Cracked Core","Pantograph","Ancient Tea Set","Golden Idol","Bag of Preparation","Inserter","PreservedInsect","Turnip","Oddly Smooth Stone","Omamori"],"potions_floor_usage":[6,12,16,33],"damage_taken":[{"damage":3,"enemies":"Small Slimes","floor":1,"turns":3},{"damage":0,"enemies":"2 Louse","floor":2,"turns":3},{"damage":7,"enemies":"Jaw Worm","floor":5,"turns":2},{"damage":23,"enemies":"3 Sentries","floor":6,"turns":6},{"damage":4,"enemies":"Large Slime","floor":7,"turns":5},{"damage":6,"enemies":"Lagavulin","floor":12,"turns":7},{"damage":0,"enemies":"Lots of Slimes","floor":14,"turns":3},{"damage":20,"enemies":"Hexaghost","floor":16,"turns":9},{"damage":28,"enemies":"2 Thieves","floor":18,"turns":4},{"damage":5,"enemies":"Shell Parasite","floor":21,"turns":5},{"damage":8,"enemies":"Gremlin Leader","floor":24,"turns":7},{"damage":6,"enemies":"Snake Plant","floor":27,"turns":4},{"damage":37,"enemies":"Book of Stabbing","floor":28,"turns":5},{"damage":7,"enemies":"Cultist and Chosen","floor":31,"turns":5},{"damage":77,"enemies":"Collector","floor":33,"turns":7}],"seed_played":"33832513420775207","potions_obtained":[{"floor":1,"key":"Block Potion"},{"floor":6,"key":"FocusPotion"},{"floor":12,"key":"Block Potion"},{"floor":18,"key":"Weak Potion"},{"floor":21,"key":"FairyPotion"}],"is_trial":false,"path_per_floor":["M","M","?","?","M","E","M","R","T","?","R","E","R","M","R","B",null,"M","?","$","M","$","R","E","R","T","M","E","R","?","M","R"],"character_chosen":"DEFECT","items_purchased":["PreservedInsect","Ball Lightning"],"campfire_rested":3,"item_purchase_floors":[20,20],"current_hp_per_floor":[61,61,66,59,52,29,25,25,25,25,45,39,39,39,39,44,63,35,49,49,44,44,44,36,56,56,50,13,33,33,26,26,0],"gold":223,"neow_bonus":"UPGRADE_CARD","is_prod":false,"is_daily":false,"chose_seed":false,"campfire_upgraded":5,"win_rate":0,"timestamp":1539537029,"path_taken":["M","M","?","?","?","E","M","R","T","?","R","E","R","M","R","BOSS","M","?","$","M","?","R","E","R","T","M","E","R","?","M","R","BOSS"],"build_version":"2018-10-11","purchased_purges":1,"victory":false,"max_hp_per_floor":[71,71,76,76,76,76,76,76,76,69,69,69,69,69,69,69,69,69,69,69,69,69,69,69,69,69,69,69,69,69,69,69,69],"card_choices":[{"not_picked":["Blizzard","Recycle"],"picked":"Barrage","floor":1},{"not_picked":["Beam Cell","Redo"],"picked":"Sweeping Beam","floor":2},{"not_picked":["Redo","Recycle"],"picked":"Go for the Eyes","floor":5},{"not_picked":["Ball Lightning","Turbo"],"picked":"Genetic Algorithm","floor":6},{"not_picked":["Fusion","Lockon"],"picked":"Cold Snap","floor":7},{"not_picked":["Hologram","Conserve Battery"],"picked":"Compile Driver","floor":12},{"not_picked":["Steam","Barrage"],"picked":"Compile Driver","floor":14},{"not_picked":["Hyperbeam","Amplify"],"picked":"Buffer","floor":16},{"not_picked":["Sweeping Beam","Scrape","Reprogram"],"picked":"SKIP","floor":18},{"not_picked":["Cold Snap","Barrage+1"],"picked":"Go for the Eyes","floor":21},{"not_picked":["Force Field","Chaos"],"picked":"Seek","floor":24},{"not_picked":["Steam","Recycle","Coolheaded"],"picked":"SKIP","floor":27},{"not_picked":["Rebound","Chaos"],"picked":"Melter","floor":28},{"not_picked":["Go for the Eyes","Redo"],"picked":"Creative AI","floor":31}],"player_experience":564273,"relics_obtained":[{"floor":6,"key":"Pantograph"},{"floor":9,"key":"Ancient Tea Set"},{"floor":12,"key":"Bag of Preparation"},{"floor":24,"key":"Turnip"},{"floor":26,"key":"Oddly Smooth Stone"},{"floor":28,"key":"Omamori"}],"event_choices":[{"event_name":"Big Fish","player_choice":"Donut","floor":3,"damage_taken":0},{"event_name":"Golden Wing","player_choice":"Card Removal","floor":4,"damage_taken":0},{"event_name":"Golden Idol","player_choice":"Lose Max HP","floor":10,"damage_taken":0},{"event_name":"The Library","player_choice":"Heal","floor":19,"damage_taken":0},{"event_name":"Vampires","player_choice":"Ignored","floor":30,"damage_taken":0}],"is_beta":false,"boss_relics":[{"not_picked":["Snecko Eye","Runic Dome"],"picked":"Inserter"}],"items_purged_floors":[20],"is_endless":false,"potions_floor_spawned":[1,6,12,18,21,28],"killed_by":"Collector","ascension_level":18}