{"gold_per_floor":[110,122,133,145,145,178,56,15,15,15,15,50,63,94,94,165,165,180,192,25,25,25,56,80,92,104,116,128,171,195,218,230,242],"floor_reached":33,"playtime":1462,"items_purged":[],"score":549,"play_id":"833f520e-fe34-4ad0-b723-bf0e07272c09","local_time":"20180910182321","is_ascension_mode":true,"campfire_choices":[{"data":"Discovery","floor":10.0,"key":"SMITH"},{"data":"Bash","floor":15.0,"key":"SMITH"},{"floor":25,"key":"REST"},{"floor":28,"key":"REST"},{"floor":32,"key":"REST"}],"neow_cost":"NONE","seed_source_timestamp":0,"circlet_count":0,"master_deck":["Strike_R","Strike_R+1","Strike_R","Strike_R","Defend_R","Defend_R","Defend_R","Defend_R","Bash+1","AscendersBane","Wild Strike+1","Twin Strike","Anger","Inflame","Discovery+1","Spot Weakness","Armaments","Cleave","Havoc","Sword Boomerang","Dark Embrace","Uppercut","Metallicize+1","Sword Boomerang","Dropkick","Fire Breathing","Ghostly Armor","Clothesline","Pain","Demon Form","Evolve","Sentinel+1","Limit Break+1"],"special_seed":0,"relics":["Burning Blood","Darkstone Periapt","Blue Candle","Mummified Hand","Bronze Scales","Prayer Wheel","Strawberry","Black Star","Whetstone","MawBank","Bottled Flame","WarpedTongs","Toxic Egg 2","Letter Opener"],"potions_floor_usage":[23,23,29],"damage_taken":[{"damage":11.0,"enemies":"Cultist","floor":1.0,"turns":5.0},{"damage":0.0,"enemies":"Small Slimes","floor":2.0,"turns":3.0},{"damage":0.0,"enemies":"2 Louse","floor":3.0,"turns":2.0},{"damage":10.0,"enemies":"2 Fungi Beasts","floor":4.0,"turns":3.0},{"damage":12.0,"enemies":"Gremlin Nob","floor":6.0,"turns":4.0},{"damage":11.0,"enemies":"3 Sentries","floor":12.0,"turns":6.0},{"damage":13.0,"enemies":"Blue Slaver","floor":13.0,"turns":3.0},{"damage":20.0,"enemies":"Lagavulin","floor":14.0,"turns":7.0},{"damage":33.0,"enemies":"Hexaghost","floor":16.0,"turns":6.0},{"damage":22,"enemies":"Shell Parasite","floor":18,"turns":6},{"damage":3,"enemies":"3 Byrds","floor":19,"turns":4},{"damage":34,"enemies":"Slavers","floor":23,"turns":5},{"damage":18,"enemies":"Centurion and Healer","floor":24,"turns":5},{"damage":39,"enemies":"Gremlin Leader","floor":29,"turns":5},{"damage":15,"enemies":"3 Cultists","floor":30,"turns":4},{"damage":31,"enemies":"Snecko","floor":31,"turns":4},{"damage":50,"enemies":"Collector","floor":33,"turns":6}],"seed_played":"5223774035343840864","potions_obtained":[{"floor":1.0,"key":"LiquidBronze"},{"floor":2.0,"key":"SpeedPotion"},{"floor":4.0,"key":"SteroidPotion"},{"floor":12.0,"key":"PowerPotion"},{"floor":13.0,"key":"SteroidPotion"},{"floor":19,"key":"Energy Potion"},{"floor":23,"key":"SteroidPotion"},{"floor":30,"key":"SpeedPotion"},{"floor":31,"key":"SpeedPotion"}],"is_trial":false,"path_per_floor":["M","M","M","M","?","E","$","$","T","R","?","E","M","E","R","B",null,"M","M","$","?","?","E","M","R","T","?","R","E","M","M","R"],"character_chosen":"IRONCLAD","items_purchased":["Discovery","Spot Weakness","Fire Breathing","Ghostly Armor"],"campfire_rested":3,"item_purchase_floors":[7,8,20,20],"current_hp_per_floor":[63,69,75,71,66,60,60,60,60,60,60,55,48,41,41,14,65,49,52,52,28,45,39,27,53,53,59,86,53,44,19,46,0],"gold":242,"neow_bonus":"REMOVE_CARD","is_prod":false,"is_daily":false,"chose_seed":false,"campfire_upgraded":2,"win_rate":0,"timestamp":1536618201,"path_taken":["M","M","M","?","?","E","?","$","T","R","?","E","M","E","R","BOSS","M","M","$","?","?","E","M","R","T","?","R","E","M","M","R","BOSS"],"build_version":"2018-09-06","purchased_purges":0,"victory":false,"max_hp_per_floor":[75,75,75,75,75,75,75,75,75,75,75,75,75,82,82,82,82,82,82,82,87,87,87,87,87,87,93,93,93,93,93,93,93],"card_choices":[{"not_picked":["Infernal Blade","Perfected Strike"],"picked":"Wild Strike","floor":1.0},{"not_picked":["Sever Soul","Shrug It Off"],"picked":"Iron Wave","floor":2.0},{"not_picked":["Havoc","Exhume"],"picked":"Twin Strike","floor":3.0},{"not_picked":["Sword Boomerang","Headbutt"],"picked":"Anger","floor":4.0},{"not_picked":["Exhume","Twin Strike"],"picked":"Inflame","floor":6.0},{"not_picked":["Dropkick","Combust"],"picked":"Armaments","floor":12.0},{"not_picked":["Anger","Sword Boomerang"],"picked":"Cleave","floor":13.0},{"not_picked":["Barricade","Rupture"],"picked":"Havoc","floor":13.0},{"not_picked":["Sword Boomerang","Anger","Flex"],"picked":"SKIP","floor":14.0},{"not_picked":["Anger","Flex"],"picked":"Sword Boomerang","floor":14.0},{"not_picked":["Impervious","Bludgeon"],"picked":"Dark Embrace","floor":16.0},{"not_picked":["Pommel Strike","Body Slam"],"picked":"Uppercut","floor":18},{"not_picked":["Rampage+1","Body Slam+1"],"picked":"Metallicize+1","floor":18},{"not_picked":["Heavy Blade","Blood for Blood"],"picked":"Sword Boomerang","floor":19},{"not_picked":["Rupture+1","Hemokinesis+1"],"picked":"Dropkick","floor":19},{"not_picked":["Ghostly Armor+1","Iron Wave+1"],"picked":"Clothesline","floor":23},{"not_picked":["Corruption","Cleave","Armaments"],"picked":"SKIP","floor":24},{"not_picked":["Armaments","Carnage","Body Slam"],"picked":"SKIP","floor":24},{"not_picked":["Pommel Strike","Perfected Strike"],"picked":"Demon Form","floor":29},{"not_picked":["Seeing Red+1","Clash"],"picked":"Evolve","floor":30},{"not_picked":["Clothesline","Havoc+1"],"picked":"Sentinel+1","floor":30},{"not_picked":["Cleave+1","Dropkick"],"picked":"Limit Break+1","floor":31},{"not_picked":["Corruption","Searing Blow","Headbutt+1"],"picked":"SKIP","floor":31}],"player_experience":489382,"relics_obtained":[{"floor":6.0,"key":"Blue Candle"},{"floor":9.0,"key":"Mummified Hand"},{"floor":12.0,"key":"Prayer Wheel"},{"floor":14.0,"key":"Strawberry"},{"floor":23,"key":"Whetstone"},{"floor":23,"key":"MawBank"},{"floor":26,"key":"Bottled Flame"},{"floor":29,"key":"Toxic Egg 2"},{"floor":29,"key":"Letter Opener"}],"event_choices":[{"event_name":"Scrap Ooze","player_choice":"success","floor":5.0,"damage_taken":5.0},{"event_name":"WeMeetAgain","player_choice":"Card","floor":11.0,"damage_taken":0.0},{"event_name":"Forgotten Altar","player_choice":"Shed Blood","floor":21,"damage_taken":0},{"event_name":"The Library","player_choice":"Heal","floor":22,"damage_taken":0},{"event_name":"Accursed Blacksmith","player_choice":"Rummage","floor":27,"damage_taken":0}],"is_beta":false,"boss_relics":[{"not_picked":["Coffee Dripper","Sozu"],"picked":"Black Star"}],"items_purged_floors":[],"is_endless":false,"potions_floor_spawned":[1,2,4,12,13,19,23,30,31],"killed_by":"Collector","ascension_level":16}