{"gold_per_floor":[111,111,111,187,205,205,245,245,245,269,294,317,317,358,358,358],"floor_reached":16,"playtime":685,"items_purged":[],"score":198,"play_id":"e06e3b73-03f9-4d58-97f3-5a63db116735","local_time":"20180910183455","is_ascension_mode":true,"campfire_choices":[{"data":"Bash","floor":6,"key":"SMITH"},{"floor":8,"key":"REST"},{"data":"Entrench","floor":13,"key":"SMITH"},{"floor":15,"key":"REST"}],"neow_cost":"NONE","seed_source_timestamp":371375507970998,"circlet_count":0,"master_deck":["Strike_R","Strike_R","Strike_R","Defend_R","Defend_R","Defend_R","Defend_R","Bash+1","AscendersBane","Brutality","Clothesline","Ghostly Armor","Shrug It Off","Double Tap","Iron Wave","Entrench+1","Battle Trance","Fire Breathing"],"relics":["Burning Blood","Golden Idol","Du-Vu Doll","Centennial Puzzle","Smiling Mask"],"potions_floor_usage":[11,14,16,16],"damage_taken":[{"damage":0,"enemies":"2 Louse","floor":1,"turns":4},{"damage":3,"enemies":"Small Slimes","floor":5,"turns":4},{"damage":48,"enemies":"Lagavulin","floor":7,"turns":9},{"damage":4,"enemies":"Cultist","floor":10,"turns":4},{"damage":7,"enemies":"Exordium Wildlife","floor":11,"turns":3},{"damage":3,"enemies":"3 Louse","floor":12,"turns":3},{"damage":22,"enemies":"3 Sentries","floor":14,"turns":10},{"damage":53,"enemies":"Slime Boss","floor":16,"turns":9}],"seed_played":"3167978209433587783","potions_obtained":[{"floor":10,"key":"AttackPotion"},{"floor":11,"key":"Poison Potion"},{"floor":12,"key":"SneckoOil"},{"floor":14,"key":"SkillPotion"}],"is_trial":false,"path_per_floor":["M","?","?","?","M","R","E","R","T","M","M","M","R","E","R"],"character_chosen":"IRONCLAD","items_purchased":[],"campfire_rested":2,"item_purchase_floors":[],"current_hp_per_floor":[74,48,48,48,51,51,9,31,31,33,44,47,47,31,53,0],"gold":358,"neow_bonus":"TRANSFORM_CARD","is_prod":false,"is_daily":false,"chose_seed":false,"campfire_upgraded":2,"win_rate":0,"timestamp":1536618895,"path_taken":["M","?","?","?","M","R","E","R","T","?","M","M","R","E","R","BOSS"],"build_version":"2018-09-06","purchased_purges":0,"victory":false,"max_hp_per_floor":[75,75,75,75,75,75,75,75,75,75,75,75,75,75,75,75],"card_choices":[{"not_picked":["Flex","True Grit"],"picked":"Clothesline","floor":1},{"not_picked":["Blood for Blood","Havoc"],"picked":"Shrug It Off","floor":5},{"not_picked":["Armaments","Pommel Strike"],"picked":"Double Tap","floor":7},{"not_picked":["Shrug It Off","Power Through"],"picked":"Iron Wave","floor":10},{"not_picked":["Dual Wield","Flex"],"picked":"Entrench","floor":11},{"not_picked":["Perfected Strike","Corruption"],"picked":"Battle Trance","floor":12},{"not_picked":["Dropkick","Twin Strike"],"picked":"Fire Breathing","floor":14}],"player_experience":490844,"relics_obtained":[{"floor":7,"key":"Du-Vu Doll"},{"floor":9,"key":"Centennial Puzzle"},{"floor":14,"key":"Smiling Mask"}],"event_choices":[{"event_name":"Golden Idol","player_choice":"Take Damage","floor":2,"damage_taken":0},{"event_name":"Transmorgrifier","player_choice":"Transform","floor":3,"damage_taken":0},{"event_name":"Golden Wing","player_choice":"Gained Gold","floor":4,"damage_taken":0}],"is_beta":false,"boss_relics":[],"items_purged_floors":[],"is_endless":false,"potions_floor_spawned":[10,11,12,14],"killed_by":"Slime Boss","ascension_level":16}