{"path_per_floor":["M","?","?","?","$","R","M","M","T","E","R","M","T","M","R","B",null,"M","M","$","M","?","E","R","E","T","M","?","R","$","T","R","B",null,"M","M","$","?","?","R","E","R","T","R","M","?","?"],"character_chosen":"DEFECT","items_purchased":["Apotheosis","Capacitor","Happy Flower","Gremlin Horn","Pear"],"gold_per_floor":[20,20,20,20,20,20,45,61,107,441,441,462,462,477,477,602,602,625,648,283,299,299,332,332,373,423,446,446,446,49,75,75,205,205,230,253,5,0,0,0,31,31,58,58,72,72,72,72],"floor_reached":48,"campfire_rested":6,"playtime":1971,"item_purchase_floors":[20,20,30,30,37],"current_hp_per_floor":[54,47,47,47,47,47,45,39,39,10,32,23,23,15,15,5,58,58,45,45,37,37,8,30,25,25,19,19,41,41,41,63,7,58,42,11,21,21,21,46,29,54,54,54,44,44,32,0],"items_purged":["Strike_B"],"gold":72,"score":894,"play_id":"24820731-d68b-4752-b03d-ca00f1864a96","local_time":"20180618085451","is_prod":false,"is_daily":false,"chose_seed":false,"is_ascension_mode":true,"campfire_upgraded":2,"win_rate":0,"timestamp":1529330091,"campfire_choices":[{"data":"Injury","floor":6,"key":"PURGE"},{"floor":11,"key":"REST"},{"data":"Defragment","floor":15,"key":"SMITH"},{"floor":24,"key":"REST"},{"floor":29,"key":"REST"},{"floor":32,"key":"REST"},{"floor":40,"key":"REST"},{"floor":42,"key":"REST"},{"data":"Apotheosis","floor":44,"key":"SMITH"}],"path_taken":["M","?","?","?","?","R","M","M","T","E","R","M","?","M","R","BOSS","M","M","$","M","?","E","R","E","T","M","?","R","$","?","R","BOSS","M","M","$","?","?","R","E","R","T","R","M","?","?","?"],"build_version":"2018-06-14v2","seed_source_timestamp":2783218575227327,"purchased_purges":1,"victory":false,"master_deck":["Defend_B","Defend_B","Defend_B","Zap","Dualcast","Storm","Multi-Cast","Defragment+1","Reprogram","Glacier","Chaos","Electrodynamics","Ball Lightning","Apotheosis+1","Capacitor","White Noise","Core Surge","Heatsinks+1","Creative AI","Chaos+1","Go for the Eyes+1","Capacitor+1","Defragment+1","Blind","Storm"],"max_hp_per_floor":[75,75,75,75,75,75,75,75,75,75,75,75,75,75,75,75,75,75,75,75,75,75,75,75,75,75,75,75,75,75,75,75,75,75,75,75,85,85,85,85,85,85,85,85,85,85,85,85],"relics":["Cracked Core","Peace Pipe","Question Card","Golden Idol","Boot","Old Coin","Orichalcum","Nuclear Battery","Bag of Preparation","Bag of Marbles","Vajra","Happy Flower","Gremlin Horn","Juzu Bracelet","Astrolabe","Pear","Red Mask","Matryoshka","Regal Pillow","Omamori","Turnip"],"card_choices":[{"not_picked":["Rebound","Coolheaded"],"picked":"Storm","floor":1},{"not_picked":["Barrage","Redo","Coolheaded"],"picked":"Defragment","floor":7},{"not_picked":["Aggregate","Streamline","Static Discharge"],"picked":"Reprogram","floor":8},{"not_picked":["Chaos","Gash","Go for the Eyes"],"picked":"Glacier","floor":10},{"not_picked":["Beam Cell","Ball Lightning","Undo"],"picked":"Chaos","floor":12},{"not_picked":["Steam","Sweeping Beam","Compile Driver","Stack"],"picked":"SKIP","floor":14},{"not_picked":["Hyperbeam","Thunder Strike","Echo Form"],"picked":"Electrodynamics","floor":16},{"not_picked":["FTL","Barrage","Loop"],"picked":"Ball Lightning","floor":18},{"not_picked":["Turbo","Hologram","Sweeping Beam","Double Energy"],"picked":"SKIP","floor":19},{"not_picked":["Melter","BootSequence","Heatsinks"],"picked":"White Noise","floor":21},{"not_picked":["Recycle+1","FTL","Undo"],"picked":"Core Surge","floor":23},{"not_picked":["Lockon","Scrape","Hologram"],"picked":"Heatsinks+1","floor":25},{"not_picked":["Gash","Rebound","Scrape","Beam Cell"],"picked":"SKIP","floor":27},{"not_picked":["Amplify","Rainbow","Fission"],"picked":"Creative AI","floor":33},{"not_picked":["Beam Cell+1","Double Energy","Turbo+1","Chill+1"],"picked":"SKIP","floor":35},{"not_picked":["FTL+1","Consume+1","Melter","Hologram"],"picked":"SKIP","floor":36},{"not_picked":["Genetic Algorithm","Coolheaded","Ball Lightning+1"],"picked":"Defragment+1","floor":41},{"not_picked":["Turbo","Redo","Aggregate+1","Conserve Battery"],"picked":"SKIP","floor":45},{"not_picked":["Bandage Up","Trip","Finesse"],"picked":"Blind","floor":46},{"not_picked":["Beam Cell","Sunder+1","Self Repair"],"picked":"Storm","floor":47}],"player_experience":397036,"potions_floor_usage":[10,16,23,25],"damage_taken":[{"damage":14,"enemies":"2 Louse","floor":1,"turns":3},{"damage":2,"enemies":"Jaw Worm","floor":7,"turns":3},{"damage":6,"enemies":"Cultist","floor":8,"turns":3},{"damage":29,"enemies":"3 Sentries","floor":10,"turns":8},{"damage":9,"enemies":"Red Slaver","floor":12,"turns":5},{"damage":8,"enemies":"Large Slime","floor":14,"turns":7},{"damage":10,"enemies":"The Guardian","floor":16,"turns":16},{"damage":0,"enemies":"3 Byrds","floor":18,"turns":2},{"damage":13,"enemies":"Chosen","floor":19,"turns":5},{"damage":8,"enemies":"3 Cultists","floor":21,"turns":3},{"damage":29,"enemies":"Slavers","floor":23,"turns":4},{"damage":12,"enemies":"Gremlin Leader","floor":25,"turns":4},{"damage":6,"enemies":"Slaver and Parasite","floor":27,"turns":3},{"damage":56,"enemies":"Automaton","floor":33,"turns":7},{"damage":16,"enemies":"3 Shapes","floor":35,"turns":2},{"damage":31,"enemies":"3 Darklings","floor":36,"turns":3},{"damage":17,"enemies":"Giant Head","floor":41,"turns":7},{"damage":10,"enemies":"4 Shapes","floor":45,"turns":3},{"damage":12,"floor":47,"turns":5},{"damage":36,"floor":48,"turns":2}],"relics_obtained":[{"floor":9,"key":"Boot"},{"floor":10,"key":"Old Coin"},{"floor":13,"key":"Orichalcum"},{"floor":23,"key":"Bag of Preparation"},{"floor":25,"key":"Bag of Marbles"},{"floor":26,"key":"Vajra"},{"floor":31,"key":"Juzu Bracelet"},{"floor":41,"key":"Matryoshka"},{"floor":43,"key":"Regal Pillow"},{"floor":43,"key":"Omamori"},{"floor":47,"key":"Turnip"}],"event_choices":[{"event_name":"Scrap Ooze","player_choice":"success","floor":2,"damage_taken":7},{"event_name":"Match and Keep!","player_choice":"1 cards matched","floor":3,"damage_taken":0},{"event_name":"Golden Idol","player_choice":"Take Wound","floor":4,"damage_taken":0},{"event_name":"Drug Dealer","player_choice":"Ignored","floor":22,"damage_taken":0},{"event_name":"Vampires","player_choice":"Ignored","floor":28,"damage_taken":0},{"event_name":"Tomb of Lord Red Mask","player_choice":"Paid","floor":38,"damage_taken":0},{"event_name":"Falling","player_choice":"Removed Skill","floor":39,"damage_taken":0},{"event_name":"SensoryStone","player_choice":"Memory 1","floor":46,"damage_taken":0},{"event_name":"MindBloom","player_choice":"Fight","floor":47,"damage_taken":0},{"event_name":"Mysterious Sphere","player_choice":"Fight","floor":48,"damage_taken":0}],"boss_relics":[{"not_picked":["Philosopher\u0027s Stone","Velvet Choker"],"picked":"Nuclear Battery"},{"not_picked":["Calling Bell","Lizard Tail"],"picked":"Astrolabe"}],"items_purged_floors":[20],"is_endless":false,"potions_floor_spawned":[7,14,16,19,23,27,35,45,47],"seed_played":"2318643119129194260","ascension_level":7,"potions_obtained":[{"floor":7,"key":"EssenceOfSteel"},{"floor":14,"key":"FocusPotion"},{"floor":16,"key":"Ancient Potion"},{"floor":19,"key":"Weak Potion"},{"floor":23,"key":"PowerPotion"},{"floor":27,"key":"SpeedPotion"},{"floor":35,"key":"Strength Potion"},{"floor":47,"key":"FearPotion"}],"is_trial":false}