{"gold_per_floor":[110,80,91,111,111,111,111,144,144,144,144,144,154,204,204,304,304,323,342,74,49,126,126],"floor_reached":23,"playtime":742,"items_purged":["Defend_B"],"score":290,"play_id":"3a2dc2e4-155c-4084-b5be-79d5cca925e9","local_time":"20180719120058","is_ascension_mode":true,"campfire_choices":[{"data":"Rainbow","floor":6,"key":"SMITH"},{"floor":10,"key":"REST"},{"data":"Ball Lightning","floor":12,"key":"SMITH"},{"floor":15,"key":"REST"}],"neow_cost":"NONE","seed_source_timestamp":2138750593233728,"circlet_count":0,"master_deck":["Strike_B","Defend_B","Defend_B","Zap","Dualcast","AscendersBane","Rainbow+1","Double Energy","White Noise+1","Ball Lightning+1","Seek","Leap","Machine Learning","Steam+1","Heatsinks","Storm"],"relics":["Cracked Core","Turnip","Bottled Flame","SsserpentHead","Empty Cage","Tiny Chest","Red Mask"],"potions_floor_usage":[13,16,22,22],"damage_taken":[{"damage":0,"enemies":"Cultist","floor":1,"turns":4},{"damage":8,"enemies":"Small Slimes","floor":3,"turns":3},{"damage":12,"enemies":"Jaw Worm","floor":4,"turns":2},{"damage":23,"enemies":"Lagavulin","floor":8,"turns":5},{"damage":22,"enemies":"Exordium Thugs","floor":13,"turns":3},{"damage":23,"enemies":"The Guardian","floor":16,"turns":10},{"damage":15,"enemies":"3 Byrds","floor":18,"turns":3},{"damage":6,"enemies":"Chosen","floor":19,"turns":5},{"damage":1,"floor":22,"turns":3},{"damage":46,"enemies":"Slavers","floor":23,"turns":3}],"seed_played":"7323722861690518836","potions_obtained":[{"floor":2,"key":"EssenceOfSteel"},{"floor":2,"key":"Swift Potion"},{"floor":8,"key":"PowerPotion"},{"floor":13,"key":"Fruit Juice"},{"floor":19,"key":"AttackPotion"}],"is_trial":false,"path_per_floor":["M","?","M","M","?","R","?","E","T","R","?","R","M","?","R","B",null,"M","M","$","?","?"],"character_chosen":"DEFECT","items_purchased":["Tiny Chest","Heatsinks"],"campfire_rested":2,"item_purchase_floors":[20,20],"current_hp_per_floor":[68,68,60,48,48,48,48,25,25,47,47,47,25,25,47,29,67,52,46,46,46,45,0],"gold":126,"neow_bonus":"ONE_RANDOM_RARE_CARD","is_prod":false,"is_daily":false,"chose_seed":false,"campfire_upgraded":2,"win_rate":0,"timestamp":1532019658,"path_taken":["M","?","M","M","?","R","?","E","T","R","?","R","M","?","R","BOSS","M","M","$","?","?","E"],"build_version":"2018-07-12","purchased_purges":1,"victory":false,"max_hp_per_floor":[75,75,75,75,75,75,75,75,75,75,75,75,75,75,75,80,80,80,80,80,80,80,80],"card_choices":[{"not_picked":["Beam Cell","Leap"],"picked":"Double Energy","floor":1},{"not_picked":["Beam Cell","Hologram"],"picked":"White Noise","floor":3},{"not_picked":["Cold Snap","Hyperbeam"],"picked":"Ball Lightning","floor":4},{"not_picked":["Leap","Skim"],"picked":"Seek","floor":8},{"not_picked":["Barrage","Compile Driver"],"picked":"Leap","floor":13},{"not_picked":["All For One","Meteor Strike"],"picked":"Machine Learning","floor":16},{"not_picked":["Rebound","FTL"],"picked":"Steam+1","floor":18},{"not_picked":["Streamline","Barrage+1","Turbo"],"picked":"SKIP","floor":19},{"not_picked":["Chaos","Leap+1"],"picked":"Storm","floor":22}],"player_experience":434050,"relics_obtained":[{"floor":8,"key":"Turnip"},{"floor":9,"key":"Bottled Flame"},{"floor":22,"key":"Red Mask"}],"event_choices":[{"event_name":"The Woman in Blue","player_choice":"Bought 2 Potions","floor":2,"damage_taken":0},{"event_name":"Living Wall","player_choice":"Grow","floor":5,"damage_taken":0},{"event_name":"Liars Game","player_choice":"disagreed","floor":7,"damage_taken":0},{"event_name":"FaceTrader","player_choice":"Trade","floor":11,"damage_taken":0},{"event_name":"Wheel of Change","player_choice":"Card Removal","floor":14,"damage_taken":0},{"event_name":"Beggar","player_choice":"Gave Gold","floor":21,"damage_taken":0},{"event_name":"Masked Bandits","player_choice":"Fought over 99 gold","floor":22,"damage_taken":0}],"boss_relics":[{"not_picked":["Calling Bell","Coffee Dripper"],"picked":"Empty Cage"}],"items_purged_floors":[20],"is_endless":false,"potions_floor_spawned":[3,8,13,19],"killed_by":"Slavers","ascension_level":11}