{"gold_per_floor":[109,126,126,138,148,148,148,177,204,204,218,218,229,307,307,307],"floor_reached":16,"playtime":390,"items_purged":[],"score":158,"play_id":"53968989-ee8f-47b6-9288-42e5e1bfd71e","local_time":"20180719121234","is_ascension_mode":true,"campfire_choices":[{"floor":6,"key":"REST"},{"floor":10,"key":"REST"},{"floor":12,"key":"REST"},{"floor":15,"key":"REST"}],"neow_cost":"","seed_source_timestamp":2139799490507173,"circlet_count":0,"master_deck":["Strike_B","Strike_B","Strike_B","Strike_B+1","Defend_B","Defend_B","Defend_B","Defend_B","Zap","Dualcast","AscendersBane","White Noise+1","Capacitor","Streamline","Thunder Strike","Amplify","Finesse","Seek","Glacier"],"relics":["Cracked Core","Centennial Puzzle","Bag of Marbles"],"potions_floor_usage":[],"damage_taken":[{"damage":5,"enemies":"Small Slimes","floor":1,"turns":4},{"damage":1,"enemies":"Cultist","floor":2,"turns":4},{"damage":0,"enemies":"2 Louse","floor":4,"turns":2},{"damage":33,"enemies":"Lots of Slimes","floor":5,"turns":4},{"damage":26,"enemies":"Gremlin Nob","floor":8,"turns":4},{"damage":17,"enemies":"Gremlin Gang","floor":11,"turns":6},{"damage":17,"enemies":"3 Louse","floor":13,"turns":3},{"damage":36,"enemies":"The Guardian","floor":16,"turns":3}],"seed_played":"4189131744948364140","potions_obtained":[{"floor":1,"key":"LiquidBronze"},{"floor":4,"key":"Dexterity Potion"}],"is_trial":false,"path_per_floor":["M","M","?","M","M","R","?","E","T","R","M","R","M","?","R"],"character_chosen":"DEFECT","items_purchased":[],"campfire_rested":4,"item_purchase_floors":[],"current_hp_per_floor":[63,62,47,47,14,36,36,10,10,32,15,37,20,20,42,6],"gold":307,"neow_bonus":"","is_prod":false,"is_daily":false,"chose_seed":false,"campfire_upgraded":0,"win_rate":0,"timestamp":1532020354,"path_taken":["M","M","?","?","M","R","?","E","T","R","M","R","M","?","R","BOSS"],"build_version":"2018-07-12","purchased_purges":0,"victory":false,"max_hp_per_floor":[75,75,75,75,75,75,75,75,75,75,75,75,75,75,75,75],"card_choices":[{"not_picked":["Leap","Ball Lightning"],"picked":"White Noise","floor":1},{"not_picked":["Ball Lightning","Streamline"],"picked":"Capacitor","floor":2},{"not_picked":["Blizzard","Sweeping Beam"],"picked":"Streamline","floor":4},{"not_picked":["Gash","Steam"],"picked":"Thunder Strike","floor":5},{"not_picked":["Leap","Capacitor"],"picked":"Seek","floor":8},{"not_picked":["Chill","Compile Driver","Sweeping Beam"],"picked":"SKIP","floor":11},{"not_picked":["Sweeping Beam","Ball Lightning"],"picked":"Glacier","floor":13}],"player_experience":435079,"relics_obtained":[{"floor":8,"key":"Centennial Puzzle"},{"floor":9,"key":"Bag of Marbles"}],"event_choices":[{"event_name":"Shining Light","player_choice":"Entered Light","floor":3,"damage_taken":0},{"event_name":"Match and Keep!","player_choice":"2 cards matched","floor":7,"damage_taken":0},{"event_name":"Golden Wing","player_choice":"Gained Gold","floor":14,"damage_taken":0}],"boss_relics":[],"items_purged_floors":[],"is_endless":false,"potions_floor_spawned":[1,4],"killed_by":"The Guardian","ascension_level":11}