{"gold_per_floor":[111,141,141,29,47,47,66,122,122,135,135,166,178,209,221,328,340,371,383,445,468,495,536,548,578,590,602,627,639,686,712,724,832,844,872,902,569,584,596,596],"floor_reached":40,"playtime":2019,"items_purged":["Regret","Defend_R"],"score":697,"play_id":"2951849e-8e9e-4f60-af65-a727d2658025","local_time":"20190205161826","is_ascension_mode":true,"campfire_choices":[{"data":"Bash","floor":6,"key":"SMITH"},{"data":"Demon Form","floor":15,"key":"SMITH"},{"floor":24,"key":"REST"},{"floor":29,"key":"REST"},{"floor":32,"key":"REST"}],"neow_cost":"NONE","seed_source_timestamp":98869225621782,"circlet_count":0,"master_deck":["Strike_R","Strike_R","Strike_R","Strike_R","Strike_R","Defend_R","Defend_R","Bash+1","True Grit+1","Battle Trance","Power Through","Pummel","Shrug It Off","Demon Form+1","Headbutt","Offering","Carnage+1","Seeing Red","Warcry","Seeing Red","Shockwave","Rupture+1","Inflame+1","Demon Form+1","Rupture+1","Juggernaut+1","Infernal Blade+1"],"relics":["Burning Blood","Boot","Tiny Chest","Paper Frog","MawBank","Matryoshka","Philosopher\u0027s Stone","Frozen Egg 2","Smiling Mask","Blue Candle","Orichalcum","Bottled Tornado","PreservedInsect","Mark of Pain","Pen Nib","Vajra"],"potions_floor_usage":[12,22,28,31,38,40,40],"damage_taken":[{"damage":9,"enemies":"Small Slimes","floor":1,"turns":4},{"damage":3,"enemies":"2 Louse","floor":5,"turns":3},{"damage":1,"enemies":"Cultist","floor":7,"turns":5},{"damage":8,"enemies":"Blue Slaver","floor":10,"turns":3},{"damage":27,"enemies":"Gremlin Nob","floor":12,"turns":4},{"damage":0,"enemies":"2 Fungi Beasts","floor":14,"turns":4},{"damage":0,"enemies":"Slime Boss","floor":16,"turns":7},{"damage":15,"enemies":"Chosen","floor":18,"turns":6},{"damage":6,"enemies":"Spheric Guardian","floor":21,"turns":3},{"damage":24,"enemies":"Snake Plant","floor":22,"turns":4},{"damage":24,"enemies":"Book of Stabbing","floor":23,"turns":4},{"damage":20,"enemies":"Shelled Parasite and Fungi","floor":25,"turns":4},{"damage":8,"enemies":"Snecko","floor":28,"turns":3},{"damage":51,"enemies":"Slavers","floor":30,"turns":5},{"damage":15,"enemies":"Centurion and Healer","floor":31,"turns":5},{"damage":8,"enemies":"Champ","floor":33,"turns":7},{"damage":14,"enemies":"3 Shapes","floor":35,"turns":4},{"damage":15,"enemies":"Orb Walker","floor":36,"turns":3},{"damage":20,"enemies":"Writhing Mass","floor":38,"turns":4},{"damage":50,"enemies":"Spire Growth","floor":39,"turns":4},{"damage":15,"enemies":"Giant Head","floor":40,"turns":3}],"seed_played":"-1257099753573950291","potions_obtained":[{"floor":5,"key":"LiquidBronze"},{"floor":16,"key":"FairyPotion"},{"floor":18,"key":"SkillPotion"},{"floor":23,"key":"FearPotion"},{"floor":28,"key":"Swift Potion"},{"floor":30,"key":"SkillPotion"},{"floor":35,"key":"GamblersBrew"},{"floor":39,"key":"PowerPotion"}],"is_trial":false,"path_per_floor":["M","?","?","$","M","R","M","?","T","M","?","E","T","M","R","B",null,"M","?","?","M","M","E","R","M","T","T","M","R","E","M","R","B",null,"M","M","$","M","M","E"],"character_chosen":"IRONCLAD","items_purchased":["Battle Trance","Pen Nib","Vajra"],"campfire_rested":3,"item_purchase_floors":[4,37,37],"current_hp_per_floor":[69,69,69,69,72,72,77,77,77,75,75,54,54,60,60,66,77,68,68,68,68,50,32,56,42,42,42,40,64,19,10,34,32,68,60,51,51,37,14,0],"gold":596,"neow_bonus":"RANDOM_COMMON_RELIC","is_prod":false,"is_daily":false,"chose_seed":false,"campfire_upgraded":2,"win_rate":0,"timestamp":1549358306,"path_taken":["M","?","?","$","?","R","M","?","T","M","?","E","?","M","R","BOSS","M","?","?","?","?","E","R","M","T","?","?","R","E","?","R","BOSS","M","M","$","M","M","E"],"build_version":"2019-01-23","purchased_purges":2,"victory":false,"max_hp_per_floor":[80,80,80,80,80,80,80,80,80,80,80,80,80,80,80,80,80,80,80,80,80,80,80,80,80,80,80,80,80,80,80,80,80,80,80,80,80,80,80,80],"card_choices":[{"not_picked":["Armaments","Flex"],"picked":"True Grit","floor":1},{"not_picked":["Thunderclap","Body Slam"],"picked":"Power Through","floor":5},{"not_picked":["Warcry","Sword Boomerang"],"picked":"Pummel","floor":7},{"not_picked":["Carnage","Perfected Strike"],"picked":"Shrug It Off","floor":10},{"not_picked":["Battle Trance","Clothesline"],"picked":"Demon Form","floor":12},{"not_picked":["Flex","Spot Weakness"],"picked":"Headbutt","floor":14},{"not_picked":["Double Tap","Juggernaut"],"picked":"Offering","floor":16},{"not_picked":["Clothesline","Perfected Strike+1"],"picked":"Carnage+1","floor":18},{"not_picked":["Evolve","Iron Wave"],"picked":"Seeing Red","floor":21},{"not_picked":["Cleave","Entrench+1"],"picked":"Warcry","floor":22},{"not_picked":["Uppercut","Intimidate"],"picked":"Seeing Red","floor":23},{"not_picked":["Sword Boomerang","Headbutt","Flex+1"],"picked":"SKIP","floor":25},{"not_picked":["Body Slam","Barricade+1"],"picked":"Shockwave","floor":28},{"not_picked":["Rampage","Twin Strike"],"picked":"Rupture+1","floor":30},{"not_picked":["Twin Strike","Sword Boomerang"],"picked":"Inflame+1","floor":31},{"not_picked":["Berserk+1","Bludgeon"],"picked":"Demon Form+1","floor":33},{"not_picked":["Sword Boomerang+1","Wild Strike","Body Slam+1"],"picked":"SKIP","floor":35},{"not_picked":["Carnage","Cleave+1"],"picked":"Rupture+1","floor":36},{"not_picked":["Second Wind+1","Evolve+1"],"picked":"Juggernaut+1","floor":38},{"not_picked":["Thunderclap","Wild Strike"],"picked":"Infernal Blade+1","floor":39}],"player_experience":326255,"relics_obtained":[{"floor":9,"key":"Paper Frog"},{"floor":12,"key":"MawBank"},{"floor":13,"key":"Matryoshka"},{"floor":23,"key":"Frozen Egg 2"},{"floor":26,"key":"Smiling Mask"},{"floor":26,"key":"Blue Candle"},{"floor":27,"key":"Orichalcum"},{"floor":27,"key":"Bottled Tornado"},{"floor":30,"key":"PreservedInsect"}],"event_choices":[{"damage_healed":0,"gold_gain":0,"player_choice":"Box","damage_taken":0,"relics_obtained":["Tiny Chest"],"max_hp_gain":0,"max_hp_loss":0,"event_name":"Big Fish","floor":2,"gold_loss":0,"cards_obtained":["Regret"]},{"damage_healed":0,"gold_gain":0,"player_choice":"Upgraded","damage_taken":0,"max_hp_gain":0,"max_hp_loss":0,"event_name":"Upgrade Shrine","floor":3,"gold_loss":0,"cards_upgraded":["True Grit"]},{"damage_healed":0,"gold_gain":56,"player_choice":"Gained Gold","damage_taken":0,"max_hp_gain":0,"max_hp_loss":0,"event_name":"Golden Wing","floor":8,"gold_loss":0},{"cards_removed":["Defend_R"],"damage_healed":0,"gold_gain":0,"player_choice":"Forget","damage_taken":0,"max_hp_gain":0,"max_hp_loss":0,"event_name":"Living Wall","floor":11,"gold_loss":0},{"damage_healed":0,"gold_gain":0,"player_choice":"Ignored","damage_taken":0,"max_hp_gain":0,"max_hp_loss":0,"event_name":"Ghosts","floor":19,"gold_loss":0},{"damage_healed":0,"gold_gain":100,"player_choice":"Bet on Murderer","damage_taken":0,"max_hp_gain":0,"max_hp_loss":0,"event_name":"The Joust","floor":20,"gold_loss":50}],"is_beta":false,"boss_relics":[{"not_picked":["Tiny House","Ectoplasm"],"picked":"Philosopher\u0027s Stone"},{"not_picked":["Runic Cube","Snecko Eye"],"picked":"Mark of Pain"}],"items_purged_floors":[4,37],"is_endless":false,"potions_floor_spawned":[5,16,18,23,28,30,35,39],"killed_by":"Giant Head","ascension_level":8}