{"path_per_floor":["M","M","?","$","M","R","E","$","T","E","?","E","R","M","R","B",null,"M","?","T","?","$","M","E","R","T","R","?","M","$","M","R","B",null,"M","?","$","?","$","R","T","?","T","M","?"],"character_chosen":"THE_SILENT","items_purchased":["Infinite Blades","Footwork","Noxious Fumes","Terror","Well Laid Plans"],"gold_per_floor":[112,130,130,91,103,103,128,91,173,203,203,232,232,249,249,353,383,398,313,338,338,116,126,153,153,179,179,179,191,9,29,29,124,124,140,0,0,0,0,0,0,54,81,91,91],"floor_reached":46,"campfire_rested":5,"playtime":3030,"current_hp_per_floor":[70,68,68,68,68,68,41,41,41,31,36,25,46,46,67,42,70,47,47,47,47,47,45,17,38,38,70,70,63,63,60,60,18,70,38,38,38,38,38,70,70,40,40,1,1],"items_purged":["Pain","Writhe"],"gold":91,"play_id":"f453b315-6a4f-403d-b255-805f612a9618","is_prod":false,"is_daily":false,"is_ascension_mode":false,"campfire_upgraded":2,"path_taken":["M","M","?","$","M","R","E","?","T","E","?","E","R","M","R","BOSS","M","?","?","?","$","M","E","R","T","R","?","M","?","M","R","BOSS","M","?","$","?","?","R","?","?","T","M","?","M"],"build_version":"2018-01-25-PROD3","purchased_purges":3,"victory":false,"master_deck":["Defend_G","Defend_G","Defend_G","Defend_G","Defend_G","Strike_G","Strike_G","Strike_G","Strike_G","Strike_G","Survivor","Neutralize","Sucker Punch","Poisoned Stab","Infinite Blades+1","Bane","Footwork","Deadly Poison","Infinite Blades+1","Bouncing Flask","Adrenaline","Decay","Prepared","Noxious Fumes","Terror","Slice+1","Blade Dance+1","Backflip+1","Well Laid Plans","Infinite Blades+1","After Image","Bane","Sucker Punch"],"max_hp_per_floor":[70,70,70,70,70,70,70,70,70,70,70,70,70,70,70,70,70,70,70,70,70,70,70,70,70,70,70,70,70,70,70,70,70,70,70,70,70,70,70,70,70,70,70,70,70],"relics":["Ring of the Snake","Happy Flower","Ancient Tea Set","Letter Opener","Shuriken","Blue Candle","Calling Bell","Vajra","Tiny Chest","Toolbox","Singing Bowl","Bag of Marbles","Lantern","Regal Pillow","Question Card","Red Mask","Tingsha","Frozen Eye","Juzu Bracelet"],"card_choices":[{"not_picked":["Masterful Stab","Dash"],"picked":"Sucker Punch"},{"not_picked":["Endless Agony","Blur"],"picked":"Poisoned Stab"},{"not_picked":["Blur","Bane"],"picked":"Prepared"},{"not_picked":["Dagger Spray","Deflect"],"picked":"Bane"},{"not_picked":["Flying Knee","Adrenaline"],"picked":"Deadly Poison"},{"not_picked":["Backstab","Poisoned Stab"],"picked":"Infinite Blades"},{"not_picked":["Backflip","Acrobatics"],"picked":"Bouncing Flask"},{"not_picked":["Tools of the Trade","Die Die Die"],"picked":"Adrenaline"},{"not_picked":["Dagger Throw","Acrobatics"],"picked":"Prepared"},{"not_picked":["Dagger Spray","Distraction"],"picked":"Slice"},{"not_picked":["Eviscerate","Dagger Throw"],"picked":"Blade Dance"},{"not_picked":["Sucker Punch","Acrobatics"],"picked":"Backflip"},{"not_picked":["Wraith Form","Slice"],"picked":"Infinite Blades"},{"not_picked":["Venomology","Tools of the Trade"],"picked":"After Image"},{"not_picked":["Endless Agony","Masterful Stab","Crippling Poison"],"picked":"Slice"},{"not_picked":["Riddle With Holes","Dodge and Roll","Eviscerate"],"picked":"Bane"},{"not_picked":["Dagger Spray","Dodge and Roll","Dash"],"picked":"Sucker Punch"}],"player_experience":126242,"potions_floor_usage":[18,24,24,31,44,46],"damage_taken":[{"damage":0.0,"enemies":"Blue Slaver","floor":1.0,"turns":6.0},{"damage":2.0,"enemies":"Jaw Worm","floor":2.0,"turns":4.0},{"damage":0.0,"enemies":"Cultist","floor":5.0,"turns":3.0},{"damage":27.0,"enemies":"3 Sentries","floor":7.0,"turns":8.0},{"damage":10.0,"enemies":"Gremlin Nob","floor":10.0,"turns":4.0},{"damage":11.0,"enemies":"Lagavulin","floor":12.0,"turns":5.0},{"damage":0,"enemies":"3 Louse","floor":14,"turns":2},{"damage":25,"enemies":"Slime Boss","floor":16,"turns":6},{"damage":23,"enemies":"2 Thieves","floor":18,"turns":4},{"damage":2,"enemies":"Spheric Guardian","floor":23,"turns":3},{"damage":28,"enemies":"Book of Stabbing","floor":24,"turns":5},{"damage":7,"enemies":"3 Cultists","floor":29,"turns":3},{"damage":3,"enemies":"Sentry and Sphere","floor":31,"turns":4},{"damage":42,"enemies":"Automaton","floor":33,"turns":6},{"damage":32,"enemies":"3 Darklings","floor":35,"turns":5},{"damage":30,"enemies":"Mysterious Sphere","floor":42,"turns":4},{"damage":39,"enemies":"3 Shapes","floor":44,"turns":6},{"damage":14,"enemies":"Sphere and 2 Shapes","floor":46,"turns":3}],"event_choices":[{"event_name":"Purifier","player_choice":"Skipped","floor":3.0,"damage_taken":0.0},{"event_name":"Bonfire Elementals","player_choice":"COMMON","floor":11.0,"damage_taken":0.0},{"event_name":"Addict","player_choice":"Obtained Relic","floor":19,"damage_taken":0},{"event_name":"Drug Dealer","player_choice":"Ignored","floor":21,"damage_taken":0},{"event_name":"Upgrade Shrine","player_choice":"Upgraded","floor":28,"damage_taken":0},{"event_name":"Tomb of Lord Red Mask","player_choice":"Paid","floor":36,"damage_taken":0},{"event_name":"Mysterious Sphere","player_choice":"Fight","floor":42,"damage_taken":0},{"event_name":"Accursed Blacksmith","player_choice":"Forge","floor":45,"damage_taken":0}],"boss_relics":[{"not_picked":["Runic Dome","Runic Pyramid"],"picked":"Calling Bell"},{"not_picked":["The Specimen","Orrery"],"picked":"Question Card"}],"potions_floor_spawned":[2,10,12,18,23,29,31,42,44],"seed_played":"8042874816078376773","killed_by":"Sphere and 2 Shapes","ascension_level":0,"is_trial":false}