{"gold_per_floor":[119,132,143,158,158,158,191,191,273,273,303,316,316,342,342,416,416,434,434,446,446,132,132],"floor_reached":23,"playtime":857,"items_purged":["Strike_R"],"score":408,"play_id":"0ec892ee-d3bb-45f5-b0d1-5a0091e4ce8c","local_time":"20181020152709","is_ascension_mode":true,"campfire_choices":[{"data":"Bash","floor":6,"key":"SMITH"},{"data":"Shrug It Off","floor":10,"key":"SMITH"},{"data":"Clothesline","floor":15,"key":"SMITH"}],"neow_cost":"NONE","seed_source_timestamp":239362345587446,"circlet_count":0,"master_deck":["Strike_R","Strike_R","Strike_R+1","Defend_R","Defend_R","Defend_R","Defend_R","Bash+1","AscendersBane","Anger","Reckless Charge+1","Shrug It Off+1","Clothesline+1","Feed","Reaper","Shrug It Off","Feel No Pain+1","Panacea","Havoc"],"relics":["Burning Blood","NeowsBlessing","Dead Branch","Whetstone","Letter Opener","Orichalcum","Frozen Egg 2","Sozu"],"potions_floor_usage":[7,11,14,20],"damage_taken":[{"damage":0,"enemies":"2 Louse","floor":1,"turns":1},{"damage":0,"enemies":"Jaw Worm","floor":2,"turns":1},{"damage":0,"enemies":"Cultist","floor":3,"turns":1},{"damage":5,"enemies":"2 Fungi Beasts","floor":4,"turns":4},{"damage":19,"enemies":"3 Sentries","floor":7,"turns":6},{"damage":18,"enemies":"Gremlin Nob","floor":11,"turns":4},{"damage":9,"enemies":"Lots of Slimes","floor":12,"turns":4},{"damage":14,"enemies":"Lagavulin","floor":14,"turns":3},{"damage":37,"enemies":"Hexaghost","floor":16,"turns":10},{"damage":13,"enemies":"3 Byrds","floor":18,"turns":6},{"damage":7,"enemies":"Spheric Guardian","floor":20,"turns":4},{"damage":81,"enemies":"Slavers","floor":23,"turns":4}],"seed_played":"6264242350421971514","potions_obtained":[{"floor":1,"key":"Poison Potion"},{"floor":4,"key":"Weak Potion"},{"floor":11,"key":"Poison Potion"},{"floor":16,"key":"Block Potion"}],"is_trial":false,"path_per_floor":["M","M","M","M","?","R","E","?","T","R","E","M","?","E","R","B",null,"M","?","M","?","$"],"character_chosen":"IRONCLAD","items_purchased":["Feel No Pain+1","Panacea","Havoc"],"campfire_rested":0,"item_purchase_floors":[22,22,22],"current_hp_per_floor":[74,75,75,75,49,49,36,75,75,75,63,60,60,52,52,21,62,64,42,41,58,58,0],"gold":132,"neow_bonus":"THREE_ENEMY_KILL","is_prod":false,"is_daily":false,"chose_seed":false,"campfire_upgraded":3,"win_rate":0,"timestamp":1540063629,"path_taken":["M","M","M","M","?","R","E","?","T","R","E","?","?","E","R","BOSS","M","?","?","?","$","E"],"build_version":"2018-10-18","purchased_purges":1,"victory":false,"max_hp_per_floor":[75,75,75,75,75,75,75,75,75,75,75,75,75,75,75,75,75,78,83,83,83,83,83],"card_choices":[{"not_picked":["Rage","Flex"],"picked":"Anger","floor":1},{"not_picked":["Iron Wave","Thunderclap"],"picked":"Whirlwind","floor":2},{"not_picked":["Heavy Blade","Shockwave"],"picked":"Reckless Charge","floor":3},{"not_picked":["Anger","Thunderclap"],"picked":"Shrug It Off","floor":4},{"not_picked":["Flex","Ghostly Armor","Pummel"],"picked":"SKIP","floor":7},{"not_picked":["Perfected Strike","Dropkick"],"picked":"Clothesline","floor":11},{"not_picked":["Cleave","Carnage"],"picked":"Feed","floor":12},{"not_picked":["Cleave","Sever Soul","Wild Strike"],"picked":"SKIP","floor":14},{"not_picked":["Limit Break","Bludgeon"],"picked":"Reaper","floor":16},{"not_picked":["Perfected Strike","Heavy Blade","Searing Blow"],"picked":"SKIP","floor":18},{"not_picked":["Second Wind","Hemokinesis"],"picked":"Shrug It Off","floor":20}],"player_experience":584111,"relics_obtained":[{"floor":7,"key":"Whetstone"},{"floor":9,"key":"Letter Opener"},{"floor":11,"key":"Orichalcum"},{"floor":14,"key":"Frozen Egg 2"}],"event_choices":[{"damage_healed":0,"gold_gain":0,"player_choice":"Success","damage_taken":26,"relics_obtained":["Dead Branch"],"max_hp_gain":0,"max_hp_loss":0,"event_name":"Scrap Ooze","floor":5,"gold_loss":0},{"cards_removed":["Whirlwind"],"damage_healed":39,"gold_gain":0,"player_choice":"Offered Uncommon","damage_taken":0,"max_hp_gain":0,"max_hp_loss":0,"event_name":"Bonfire Elementals","floor":8,"gold_loss":0},{"cards_removed":["Strike_R"],"damage_healed":0,"gold_gain":0,"player_choice":"Purged","damage_taken":0,"max_hp_gain":0,"max_hp_loss":0,"event_name":"Purifier","floor":13,"gold_loss":0},{"damage_healed":0,"gold_gain":0,"player_choice":"Shed Blood","damage_taken":27,"max_hp_gain":5,"max_hp_loss":0,"event_name":"Forgotten Altar","floor":19,"gold_loss":0},{"damage_healed":17,"gold_gain":0,"player_choice":"Heal","damage_taken":0,"max_hp_gain":0,"max_hp_loss":0,"event_name":"The Library","floor":21,"gold_loss":0}],"is_beta":false,"boss_relics":[{"not_picked":["Black Blood","Black Star"],"picked":"Sozu"}],"items_purged_floors":[22],"is_endless":false,"potions_floor_spawned":[1,4,11,16,20],"killed_by":"Slavers","ascension_level":19}