{"path_per_floor":["M","?","?","M","$","R","M","R","T","R","M","M","T","M","R","B",null,"M","$","M","M","?","R","M","R","T","?","R","E","R","$","R","B",null,"M","$","?","M","$","M","$","?","T","R","?","M"],"character_chosen":"THE_SILENT","items_purchased":["Happy Flower","Caltrops","Footwork","Noxious Fumes"],"gold_per_floor":[117,67,67,84,9,9,22,22,22,22,39,49,49,60,60,163,163,177,32,45,61,61,61,76,76,76,76,76,108,108,28,28,126,126,146,71,71,87,15,27,27,73,73,73,0,12],"floor_reached":47,"campfire_rested":7,"playtime":5003,"current_hp_per_floor":[70,70,70,69,69,69,69,69,69,69,58,53,53,53,70,44,70,68,68,68,48,48,69,67,70,70,54,70,30,69,69,80,54,80,61,61,51,45,45,43,43,12,12,51,51,15],"items_purged":["Regret"],"gold":12,"play_id":"a0de6b49-02c3-4ea1-9890-cc440f71efe8","is_prod":false,"is_daily":false,"is_ascension_mode":false,"campfire_upgraded":3,"path_taken":["M","?","?","M","$","R","M","R","T","R","M","M","?","M","R","BOSS","M","$","M","M","?","R","M","R","T","?","R","E","R","$","R","BOSS","M","$","?","M","$","M","$","?","T","R","?","M","M"],"build_version":"2018-01-25-PROD3","purchased_purges":1,"victory":false,"master_deck":["Defend_G","Defend_G","Defend_G","Defend_G","Defend_G","Strike_G","Strike_G","Strike_G","Strike_G","Strike_G","Survivor","Neutralize","Caltrops+1","Acrobatics+1","Adrenaline+1","Outmaneuver","Backflip","Acrobatics","Doppelganger","Well Laid Plans","Flying Knee","Footwork","Backflip","Necronomicurse","Outmaneuver","Caltrops","Doppelganger","Footwork","Madness","Madness","Backflip","Noxious Fumes","Underhanded Strike","Outmaneuver+1","Decay","Underhanded Strike"],"max_hp_per_floor":[70,70,70,70,70,70,70,70,70,70,70,70,70,70,70,70,70,70,70,70,70,70,70,70,70,70,70,70,80,80,80,80,80,80,80,80,80,80,80,80,80,80,80,80,80,80],"relics":["Ring of the Snake","Calipers","Dodecahedron","Ice Cream","Snake Skull","Sozu","Happy Flower","Centennial Puzzle","Regal Pillow","Necronomicon","Pear","Cursed Key","Thread and Needle","Tingsha","Red Mask"],"card_choices":[{"not_picked":["Bouncing Flask","Footwork"],"picked":"Caltrops"},{"not_picked":["Dagger Spray","Quick Slash"],"picked":"Acrobatics"},{"not_picked":["Infinite Blades","Leg Sweep"],"picked":"Adrenaline"},{"not_picked":["Flying Knee","Blur"],"picked":"Outmaneuver"},{"not_picked":["Sucker Punch","Underhanded Strike"],"picked":"Backflip"},{"not_picked":["Dagger Throw","Poisoned Stab"],"picked":"Acrobatics"},{"not_picked":["Phantasmal Killer","Venomology"],"picked":"Doppelganger"},{"not_picked":["Dagger Spray","Bane"],"picked":"Well Laid Plans"},{"not_picked":["Eviscerate","Bane"],"picked":"Flying Knee"},{"not_picked":["Outmaneuver","Corpse Explosion"],"picked":"Footwork"},{"not_picked":["Deadly Poison","Dagger Spray"],"picked":"Backflip"},{"not_picked":["Choke","Bullet Time"],"picked":"Outmaneuver"},{"not_picked":["Burst","Phantasmal Killer"],"picked":"Doppelganger"},{"not_picked":["Deflect","Dagger Throw"],"picked":"Backflip"},{"not_picked":["PiercingWail","Infinite Blades"],"picked":"Underhanded Strike"},{"not_picked":["Terror","Blur"],"picked":"Outmaneuver"},{"not_picked":["Burst","Prepared"],"picked":"Underhanded Strike"}],"player_experience":136485,"potions_floor_usage":[],"damage_taken":[{"damage":0.0,"enemies":"Cultist","floor":1.0,"turns":5.0},{"damage":1.0,"enemies":"Jaw Worm","floor":4.0,"turns":5.0},{"damage":0.0,"enemies":"2 Louse","floor":7.0,"turns":3.0},{"damage":11.0,"enemies":"Lots of Slimes","floor":11.0,"turns":5.0},{"damage":5.0,"enemies":"Looter","floor":12.0,"turns":4.0},{"damage":0.0,"enemies":"3 Louse","floor":14.0,"turns":4.0},{"damage":26.0,"enemies":"Slime Boss","floor":16.0,"turns":16.0},{"damage":2.0,"enemies":"3 Byrds","floor":18.0,"turns":4.0},{"damage":0.0,"enemies":"Shell Parasite","floor":20.0,"turns":6.0},{"damage":20.0,"enemies":"Sentry and Sphere","floor":21.0,"turns":7.0},{"damage":2.0,"enemies":"Snecko","floor":24.0,"turns":6.0},{"damage":50.0,"enemies":"Gremlin Leader","floor":29.0,"turns":12.0},{"damage":26.0,"enemies":"Collector","floor":33.0,"turns":19.0},{"damage":19,"enemies":"3 Darklings","floor":35,"turns":6},{"damage":6,"enemies":"Orb Walker","floor":38,"turns":4},{"damage":2,"enemies":"4 Shapes","floor":40,"turns":8},{"damage":31,"enemies":"Mysterious Sphere","floor":42,"turns":6},{"damage":36,"enemies":"Maw","floor":46,"turns":9},{"damage":15,"enemies":"3 Darklings","floor":47,"turns":2}],"event_choices":[{"event_name":"The Cleric","player_choice":"Card Removal","floor":2.0,"damage_taken":0.0},{"event_name":"Big Fish","player_choice":"Box","floor":3.0,"damage_taken":0.0},{"event_name":"The Mausoleum","player_choice":"Yes","floor":22.0,"damage_taken":0.0},{"event_name":"Cursed Tome","player_choice":"Obtained Book","floor":27.0,"damage_taken":0.0},{"event_name":"Winding Halls","player_choice":"Embrace Madness","floor":37,"damage_taken":0},{"event_name":"Mysterious Sphere","player_choice":"Fight","floor":42,"damage_taken":0},{"event_name":"Tomb of Lord Red Mask","player_choice":"Paid","floor":45,"damage_taken":0}],"boss_relics":[],"potions_floor_spawned":[1,4,11,20,33,38,42,46],"seed_played":"-2623938959493635581","killed_by":"3 Darklings","ascension_level":0,"is_trial":false}