{"path_per_floor":["M","?","M","?","?","R","E","M","T","R","$","R","?","M","R","B",null,"M","M","?","?","?","M","M","E","T","R","T","R","M","M","R","B",null,"M","?","?","M","$","R","E","M","T","M","R","M","R","$","R","B"],"character_chosen":"DEFECT","items_purchased":["Self Repair","Regal Pillow","Unceasing Top","Barrage+1","Gash+1"],"gold_per_floor":[118,118,138,138,189,189,215,229,229,229,4,4,4,16,16,113,113,133,148,148,148,148,160,175,202,255,255,326,326,346,361,361,465,465,476,476,476,489,63,63,89,108,133,148,148,167,167,17,17,17],"floor_reached":51,"campfire_rested":2,"playtime":2385,"item_purchase_floors":[11,11,39,39,48],"current_hp_per_floor":[68,68,68,68,68,68,46,41,41,41,41,41,41,38,75,55,70,75,73,73,73,73,75,56,65,65,65,65,65,52,62,62,73,75,75,75,65,70,70,70,49,44,44,39,75,63,63,63,68,80],"items_purged":["Writhe","Defend_B"],"gold":17,"score":914,"play_id":"d9e47a88-c03c-4023-a5e4-aa0814fe518a","local_time":"20180617172113","is_prod":false,"is_daily":false,"chose_seed":false,"is_ascension_mode":true,"campfire_upgraded":9,"win_rate":0,"timestamp":1529274073,"campfire_choices":[{"data":"Buffer","floor":6,"key":"SMITH"},{"data":"Streamline","floor":10,"key":"SMITH"},{"data":"Self Repair","floor":12,"key":"SMITH"},{"floor":15,"key":"REST"},{"data":"Machine Learning","floor":27,"key":"SMITH"},{"data":"Aggregate","floor":29,"key":"SMITH"},{"data":"Meteor Strike","floor":32,"key":"SMITH"},{"data":"Double Energy","floor":40,"key":"SMITH"},{"floor":45,"key":"REST"},{"data":"Reboot","floor":47,"key":"SMITH"},{"data":"Master of Strategy","floor":49,"key":"SMITH"}],"path_taken":["M","?","?","?","?","R","E","M","T","R","?","R","?","M","R","BOSS","M","M","?","?","?","M","M","E","T","R","?","R","?","M","R","BOSS","M","?","?","M","$","R","E","M","T","?","R","M","R","$","R","BOSS"],"build_version":"2018-06-14v2","seed_source_timestamp":2726778878433740,"purchased_purges":2,"victory":true,"master_deck":["Defend_B","Defend_B","Zap","Dualcast","Meteor Strike+1","Buffer+1","Streamline+1","Reinforced Body","FTL","Self Repair+1","Meteor Strike","Reboot+1","Meteor Strike","Turbo","Turbo","Aggregate+1","Sunder","Leap","Turbo+1","Core Surge","Machine Learning+1","Capacitor+1","Double Energy+1","Conserve Battery","Reboot+1","Defragment+1","Self Repair+1","Multi-Cast+1","Leap+1","Master of Strategy+1","Flash of Steel+1","Blind","Beam Cell+1","Barrage+1","Go for the Eyes+1","Go for the Eyes+1","Gash+1"],"max_hp_per_floor":[75,75,75,75,75,75,75,75,75,75,75,75,75,75,75,75,75,75,75,75,75,75,75,75,75,75,75,75,75,75,75,75,75,75,75,75,75,75,75,75,75,75,75,75,75,75,75,75,80,80],"relics":["Cracked Core","Shuriken","Orichalcum","Regal Pillow","Orrery","Mercury Hourglass","Molten Egg 2","Bronze Scales","Pantograph","Astrolabe","Unceasing Top","Art of War","Vajra"],"card_choices":[{"not_picked":["Coolheaded","Heatsinks","Barrage"],"picked":"SKIP","floor":1},{"not_picked":["Undo","Steam Power"],"picked":"Streamline","floor":3},{"not_picked":["Redo","Genetic Algorithm"],"picked":"Reinforced Body","floor":7},{"not_picked":["Rip and Tear","Steam"],"picked":"FTL","floor":8},{"not_picked":["Barrage","Rebound"],"picked":"Reboot","floor":14},{"not_picked":["Hyperbeam","Thunder Strike"],"picked":"Meteor Strike","floor":16},{"not_picked":["Scrape","Rip and Tear"],"picked":"Turbo","floor":17},{"not_picked":["Steam","Go for the Eyes"],"picked":"Turbo","floor":17},{"not_picked":["Steam","Defragment"],"picked":"Aggregate","floor":17},{"not_picked":["Recycle","Stack"],"picked":"Sunder","floor":17},{"not_picked":["Streamline","Consume"],"picked":"Leap","floor":17},{"not_picked":["Force Field","Turbo","Streamline"],"picked":"SKIP","floor":18},{"not_picked":["Coolheaded","Compile Driver"],"picked":"Turbo+1","floor":19},{"not_picked":["Coolheaded","Defragment"],"picked":"Machine Learning","floor":23},{"not_picked":["Scrape","White Noise"],"picked":"Capacitor+1","floor":24},{"not_picked":["Go for the Eyes","Cold Snap"],"picked":"Double Energy","floor":25},{"not_picked":["Stack","Darkness"],"picked":"Conserve Battery","floor":30},{"not_picked":["Stack","Redo+1","Streamline+1"],"picked":"SKIP","floor":31},{"not_picked":["Rainbow","Biased Cognition"],"picked":"Reboot","floor":33},{"not_picked":["Steam","Undo+1"],"picked":"Leap+1","floor":35},{"not_picked":["Purity","Deep Breath"],"picked":"Master of Strategy","floor":37},{"not_picked":["Secret Technique","Magnetism"],"picked":"Flash of Steel+1","floor":37},{"not_picked":["Bandage Up","Good Instincts"],"picked":"Blind","floor":37},{"not_picked":["Redo","Go for the Eyes+1"],"picked":"Beam Cell+1","floor":38},{"not_picked":["Coolheaded","Steam"],"picked":"Go for the Eyes+1","floor":41},{"not_picked":["Genetic Algorithm","Cold Snap+1","Redo"],"picked":"SKIP","floor":42},{"not_picked":["Electrodynamics","Leap","Coolheaded+1"],"picked":"SKIP","floor":44},{"not_picked":["Turbo+1","Steam"],"picked":"Go for the Eyes+1","floor":46}],"player_experience":393748,"potions_floor_usage":[16,24,49,50,50,50],"damage_taken":[{"damage":0,"enemies":"2 Louse","floor":1,"turns":1},{"damage":0,"enemies":"Cultist","floor":3,"turns":4},{"damage":22,"enemies":"3 Sentries","floor":7,"turns":7},{"damage":5,"enemies":"Small Slimes","floor":8,"turns":3},{"damage":13,"enemies":"Red Slaver","floor":14,"turns":4},{"damage":30,"enemies":"The Guardian","floor":16,"turns":7},{"damage":0,"enemies":"Chosen","floor":18,"turns":5},{"damage":12,"enemies":"Shell Parasite","floor":19,"turns":6},{"damage":6,"enemies":"3 Cultists","floor":23,"turns":3},{"damage":19,"enemies":"Snecko","floor":24,"turns":4},{"damage":1,"enemies":"Gremlin Leader","floor":25,"turns":8},{"damage":23,"enemies":"Centurion and Healer","floor":30,"turns":7},{"damage":0,"enemies":"Sentry and Sphere","floor":31,"turns":4},{"damage":12,"enemies":"Automaton","floor":33,"turns":8},{"damage":15,"enemies":"Orb Walker","floor":35,"turns":5},{"damage":5,"enemies":"3 Shapes","floor":38,"turns":3},{"damage":41,"enemies":"Giant Head","floor":41,"turns":8},{"damage":25,"enemies":"3 Darklings","floor":42,"turns":5},{"damage":15,"enemies":"Sphere and 2 Shapes","floor":44,"turns":4},{"damage":32,"enemies":"Maw","floor":46,"turns":8},{"damage":24,"enemies":"Awakened One","floor":50,"turns":7}],"relics_obtained":[{"floor":7,"key":"Shuriken"},{"floor":9,"key":"Orichalcum"},{"floor":25,"key":"Molten Egg 2"},{"floor":26,"key":"Bronze Scales"},{"floor":28,"key":"Pantograph"},{"floor":41,"key":"Art of War"},{"floor":43,"key":"Vajra"}],"event_choices":[{"event_name":"Transmorgrifier","player_choice":"Transform","floor":2,"damage_taken":0},{"event_name":"Purifier","player_choice":"One Purge","floor":4,"damage_taken":0},{"event_name":"Golden Wing","player_choice":"Gained Gold","floor":5,"damage_taken":0},{"event_name":"Match and Keep!","player_choice":"1 cards matched","floor":13,"damage_taken":0},{"event_name":"Accursed Blacksmith","player_choice":"Forge","floor":20,"damage_taken":0},{"event_name":"The Library","player_choice":"Read","floor":21,"damage_taken":0},{"event_name":"The Mausoleum","player_choice":"Yes","floor":22,"damage_taken":0},{"event_name":"Tomb of Lord Red Mask","player_choice":"Ignored","floor":36,"damage_taken":0},{"event_name":"SensoryStone","player_choice":"Memory 3","floor":37,"damage_taken":0}],"boss_relics":[{"not_picked":["Eternal Feather","Lizard Tail"],"picked":"Orrery"},{"not_picked":["Fusion Hammer","Velvet Choker"],"picked":"Astrolabe"}],"items_purged_floors":[39,48],"is_endless":false,"potions_floor_spawned":[7,14,18,23,24,30,38,42,46],"seed_played":"4746746805027534080","ascension_level":6,"potions_obtained":[{"floor":7,"key":"Ancient Potion"},{"floor":14,"key":"Energy Potion"},{"floor":18,"key":"SteroidPotion"},{"floor":23,"key":"AttackPotion"},{"floor":24,"key":"EssenceOfSteel"},{"floor":38,"key":"AttackPotion"},{"floor":42,"key":"EntropicBrew"},{"floor":46,"key":"Fruit Juice"}],"is_trial":false}