{"gold_per_floor":[115,128,55,71,84,84,95,115,115,65,79,131,95,106,106,205,205,189,207,207,306,306,306,306],"floor_reached":24,"playtime":808,"items_purged":[],"score":266,"play_id":"cbb2cd54-119a-4bdd-8d20-ed8e1b6d650a","local_time":"20190201142345","is_ascension_mode":true,"campfire_choices":[{"data":"Inflame","floor":6,"key":"SMITH"},{"data":"Armaments","floor":15,"key":"SMITH"},{"data":"Limit Break","floor":23,"key":"SMITH"}],"neow_cost":"NONE","seed_source_timestamp":750126369567095,"circlet_count":0,"master_deck":["Strike_R","Strike_R","Strike_R","Bash","Spot Weakness","Wild Strike","Wild Strike","Inflame+1","Shrug It Off","Pummel","Flex","Power Through","Flame Barrier","Metallicize","Armaments+1","Limit Break+1","Searing Blow+1","Pommel Strike+1","Searing Blow+1","Iron Wave","Reaper","J.A.X."],"relics":["Burning Blood","Blue Candle","Astrolabe"],"potions_floor_usage":[16,24],"damage_taken":[{"damage":6,"enemies":"Cultist","floor":1,"turns":3},{"damage":4,"enemies":"2 Louse","floor":2,"turns":3},{"damage":0,"enemies":"Small Slimes","floor":4,"turns":2},{"damage":11,"enemies":"Blue Slaver","floor":5,"turns":3},{"damage":21,"enemies":"Exordium Thugs","floor":7,"turns":3},{"damage":0,"enemies":"Large Slime","floor":8,"turns":5},{"damage":0,"enemies":"2 Fungi Beasts","floor":11,"turns":2},{"damage":0,"enemies":"Exordium Wildlife","floor":14,"turns":3},{"damage":84,"enemies":"Hexaghost","floor":16,"turns":13},{"damage":10,"enemies":"2 Thieves","floor":18,"turns":4},{"damage":22,"enemies":"Spheric Guardian","floor":19,"turns":4},{"damage":78,"enemies":"Slavers","floor":24,"turns":4}],"seed_played":"-9063397228583416457","potions_obtained":[{"floor":2,"key":"Ancient Potion"},{"floor":4,"key":"BloodPotion"},{"floor":7,"key":"FairyPotion"},{"floor":19,"key":"FearPotion"}],"is_trial":false,"path_per_floor":["M","M","$","M","M","R","M","M","T","?","M","?","$","M","R","B",null,"M","M","?","?","?","R","E"],"character_chosen":"IRONCLAD","items_purchased":["Inflame","Metallicize"],"campfire_rested":0,"item_purchase_floors":[3,13],"current_hp_per_floor":[72,74,74,80,75,75,60,66,66,66,72,72,72,78,78,8,62,58,42,42,42,42,42,0],"gold":306,"neow_bonus":"TRANSFORM_CARD","is_prod":false,"is_daily":false,"chose_seed":false,"campfire_upgraded":3,"win_rate":0,"timestamp":1549005825,"path_taken":["M","M","?","?","M","R","M","M","T","?","M","?","?","?","R","BOSS","M","M","?","?","?","R","E"],"build_version":"2019-01-23","purchased_purges":0,"victory":false,"max_hp_per_floor":[80,80,80,80,80,80,80,80,80,80,80,80,80,80,80,80,80,80,80,80,80,80,80,80],"card_choices":[{"not_picked":["Headbutt","Flex"],"picked":"Wild Strike","floor":1},{"not_picked":["Clothesline","Thunderclap"],"picked":"Wild Strike","floor":2},{"not_picked":["Perfected Strike","Headbutt"],"picked":"Shrug It Off","floor":4},{"not_picked":["Spot Weakness","Clash"],"picked":"Pummel","floor":5},{"not_picked":["Sword Boomerang","Spot Weakness"],"picked":"Flex","floor":7},{"not_picked":["Clash","Immolate"],"picked":"Power Through","floor":8},{"not_picked":["Headbutt","Inflame"],"picked":"Flame Barrier","floor":11},{"not_picked":["Combust","Flex"],"picked":"Armaments","floor":14},{"not_picked":["Exhume","Reaper"],"picked":"Limit Break","floor":16},{"not_picked":["Havoc","Flex"],"picked":"Iron Wave","floor":18},{"not_picked":["Second Wind+1","Pommel Strike"],"picked":"Reaper","floor":19}],"player_experience":305624,"relics_obtained":[{"floor":9,"key":"Blue Candle"}],"event_choices":[{"cards_removed":["Defend_R"],"damage_healed":0,"gold_gain":0,"player_choice":"Card Removal","damage_taken":0,"max_hp_gain":0,"max_hp_loss":0,"event_name":"The Cleric","floor":10,"gold_loss":50},{"damage_healed":0,"gold_gain":52,"player_choice":"Gained Gold","damage_taken":0,"max_hp_gain":0,"max_hp_loss":0,"event_name":"Golden Wing","floor":12,"gold_loss":0},{"cards_removed":["Strike_R"],"damage_healed":0,"gold_gain":0,"player_choice":"Elegance","damage_taken":0,"max_hp_gain":0,"max_hp_loss":0,"event_name":"Back to Basics","floor":20,"gold_loss":0},{"damage_healed":0,"gold_gain":99,"player_choice":"Stole From Cult","damage_taken":0,"max_hp_gain":0,"max_hp_loss":0,"event_name":"Nest","floor":21,"gold_loss":0},{"damage_healed":0,"gold_gain":0,"player_choice":"Obtain J.A.X.","damage_taken":0,"max_hp_gain":0,"max_hp_loss":0,"event_name":"Drug Dealer","floor":22,"gold_loss":0,"cards_obtained":["J.A.X."]}],"is_beta":false,"boss_relics":[{"not_picked":["Velvet Choker","Ectoplasm"],"picked":"Astrolabe"}],"items_purged_floors":[],"is_endless":false,"potions_floor_spawned":[2,4,7,8,14,19],"killed_by":"Slavers","ascension_level":8}