{"gold_per_floor":[111,128,143,154,164,164,182,214,214,214,225,46,76,96,96,172,172,186,111,111,124,124],"floor_reached":22,"playtime":948,"items_purged":["Strike_G"],"score":400,"play_id":"65b4249f-9e2c-4aaf-b691-33d54f9b5008","local_time":"20190201084946","is_ascension_mode":true,"campfire_choices":[{"floor":6.0,"key":"REST"},{"floor":10.0,"key":"REST"},{"floor":15,"key":"REST"}],"neow_cost":"PERCENT_DAMAGE","seed_source_timestamp":0,"circlet_count":0,"master_deck":["AscendersBane","Defend_G","Defend_G","Defend_G","Defend_G","Defend_G","Strike_G","Strike_G","Strike_G","Survivor","Neutralize","Underhanded Strike","Quick Slash","Corpse Explosion","Endless Agony","Crippling Poison","Sucker Punch","PiercingWail","Noxious Fumes","Backflip","PiercingWail","Deadly Poison","Glass Knife"],"special_seed":0,"relics":["Ring of the Snake","Peace Pipe","Regal Pillow","Gambling Chip","Dream Catcher","Velvet Choker"],"potions_floor_usage":[13,22],"damage_taken":[{"damage":2.0,"enemies":"Cultist","floor":1.0,"turns":5.0},{"damage":0.0,"enemies":"2 Louse","floor":2.0,"turns":2.0},{"damage":1.0,"enemies":"Small Slimes","floor":3.0,"turns":4.0},{"damage":11.0,"enemies":"Red Slaver","floor":4.0,"turns":5.0},{"damage":0.0,"enemies":"2 Fungi Beasts","floor":5.0,"turns":2.0},{"damage":15.0,"enemies":"Large Slime","floor":7.0,"turns":6.0},{"damage":33.0,"enemies":"Gremlin Nob","floor":8.0,"turns":5.0},{"damage":9.0,"enemies":"Blue Slaver","floor":11.0,"turns":4.0},{"damage":24,"enemies":"Lagavulin","floor":13,"turns":6},{"damage":0,"enemies":"2 Fungi Beasts","floor":14,"turns":3},{"damage":23,"enemies":"Hexaghost","floor":16,"turns":10},{"damage":28,"enemies":"Chosen","floor":18,"turns":5},{"damage":12,"enemies":"2 Thieves","floor":21,"turns":3},{"damage":13,"enemies":"Snake Plant","floor":22,"turns":4}],"seed_played":"3318719684587251055","potions_obtained":[{"floor":2.0,"key":"EssenceOfSteel"},{"floor":5.0,"key":"Swift Potion"},{"floor":11.0,"key":"AttackPotion"},{"floor":13,"key":"Swift Potion"},{"floor":14,"key":"EssenceOfSteel"}],"is_trial":false,"path_per_floor":["M","M","M","M","M","R","M","E","T","R","M","$","E","M","R","B",null,"M","?","?","M","M"],"character_chosen":"THE_SILENT","items_purchased":["Noxious Fumes","Backflip"],"campfire_rested":3,"item_purchase_floors":[12,12],"current_hp_per_floor":[42,42,41,30,30,49,34,1,1,35,26,26,2,2,36,13,53,25,25,25,13,0],"gold":124,"neow_bonus":"ONE_RARE_RELIC","is_prod":false,"is_daily":false,"chose_seed":false,"campfire_upgraded":0,"win_rate":0,"timestamp":1549028986,"path_taken":["M","?","M","M","M","R","M","E","T","R","?","$","E","M","R","BOSS","M","?","?","?","M"],"build_version":"2019-01-23","purchased_purges":1,"victory":false,"max_hp_per_floor":[66,66,66,66,66,66,66,66,66,66,66,66,66,66,66,66,66,66,66,66,66,66],"card_choices":[{"not_picked":["Backflip","Dagger Spray"],"picked":"Underhanded Strike","floor":1.0},{"not_picked":["Sucker Punch","Flechettes"],"picked":"Quick Slash","floor":2.0},{"not_picked":["Choke","Noxious Fumes"],"picked":"Corpse Explosion","floor":3.0},{"not_picked":["Sucker Punch","Outmaneuver"],"picked":"Endless Agony","floor":4.0},{"not_picked":["Reflex","Dagger Throw"],"picked":"Crippling Poison","floor":5.0},{"not_picked":["Setup","Dagger Spray"],"picked":"Sucker Punch","floor":7.0},{"not_picked":["Acrobatics","Finisher"],"picked":"PiercingWail","floor":8.0},{"not_picked":["Underhanded Strike","Predator","Blade Dance"],"picked":"SKIP","floor":11.0},{"not_picked":["Masterful Stab","Phantasmal Killer"],"picked":"PiercingWail","floor":13},{"not_picked":["Terror","Acrobatics","Blur"],"picked":"SKIP","floor":14},{"not_picked":["Dagger Throw","Poisoned Stab"],"picked":"Deadly Poison","floor":15},{"not_picked":["Bullet Time","Die Die Die"],"picked":"Glass Knife","floor":16},{"not_picked":["Skewer","Blade Dance","Dagger Throw"],"picked":"SKIP","floor":18},{"not_picked":["Quick Slash","Dagger Throw","Blade Dance+1"],"picked":"SKIP","floor":21}],"player_experience":785475,"relics_obtained":[{"floor":8.0,"key":"Regal Pillow"},{"floor":9.0,"key":"Gambling Chip"},{"floor":13,"key":"Dream Catcher"}],"event_choices":[{"cards_removed":["Strike_G"],"damage_healed":0,"gold_gain":0,"player_choice":"Gave Gold","damage_taken":0,"max_hp_gain":0,"max_hp_loss":0,"event_name":"Beggar","floor":19,"gold_loss":75},{"damage_healed":0,"gold_gain":0,"player_choice":"Ignored","damage_taken":0,"max_hp_gain":0,"max_hp_loss":0,"event_name":"N\u0027loth","floor":20,"gold_loss":0}],"is_beta":false,"boss_relics":[{"not_picked":["Ring of the Serpent","WristBlade"],"picked":"Velvet Choker"}],"items_purged_floors":[12],"is_endless":false,"potions_floor_spawned":[2,5,11,13,14,21],"killed_by":"Snake Plant","ascension_level":20}