{"gold_per_floor":[113,131,131,54,54,89,89,107,155,182,241,241,241,257,257,257],"floor_reached":16,"playtime":718,"items_purged":[],"score":284,"play_id":"a4005de2-0286-4fe6-b84f-dc81f83925df","local_time":"20190224144124","is_ascension_mode":true,"campfire_choices":[{"data":"Defragment","floor":13,"key":"SMITH"},{"data":"Zap","floor":15,"key":"SMITH"}],"neow_cost":"NONE","seed_source_timestamp":146613176939700,"circlet_count":0,"master_deck":["AscendersBane","Strike_B","Strike_B","Strike_B","Strike_B","Defend_B","Defend_B","Defend_B","Defend_B","Zap+1","Dualcast","Coolheaded","Darkness","Defragment+1","Chill","Sunder","Fission","White Noise","Conserve Battery","Recycle","All For One"],"special_seed":0,"relics":["Cracked Core","NeowsBlessing","DataDisk","Bag of Marbles","Ancient Tea Set","Pear","Mango"],"potions_floor_usage":[10,11,14,16],"damage_taken":[{"damage":0.0,"enemies":"Cultist","floor":1.0,"turns":1.0},{"damage":0.0,"enemies":"Jaw Worm","floor":2.0,"turns":1.0},{"damage":0.0,"enemies":"Lagavulin","floor":6.0,"turns":1.0},{"damage":0,"enemies":"2 Louse","floor":8,"turns":2},{"damage":7,"enemies":"3 Sentries","floor":10,"turns":6},{"damage":36,"enemies":"Gremlin Nob","floor":11,"turns":4},{"damage":22,"enemies":"Exordium Thugs","floor":14,"turns":7},{"damage":43,"enemies":"Hexaghost","floor":16,"turns":11}],"seed_played":"-1224721049192055605","potions_obtained":[{"floor":6.0,"key":"LiquidBronze"},{"floor":10,"key":"AttackPotion"},{"floor":11,"key":"SneckoOil"},{"floor":14,"key":"Regen Potion"}],"is_trial":false,"path_per_floor":["M","M","?","$","$","E","?","M","T","E","?","T","R","M","R","B"],"character_chosen":"DEFECT","items_purchased":["Defragment"],"campfire_rested":0,"item_purchase_floors":[4],"current_hp_per_floor":[64,64,69,69,69,69,69,69,69,62,36,50,50,28,28,0],"gold":257,"neow_bonus":"THREE_ENEMY_KILL","is_prod":false,"is_daily":false,"chose_seed":false,"campfire_upgraded":2,"win_rate":0,"timestamp":1551037284,"path_taken":["M","?","?","?","$","E","?","?","T","E","?","?","R","M","R","BOSS"],"build_version":"2019-01-23","purchased_purges":0,"victory":false,"max_hp_per_floor":[71,71,76,76,76,76,76,76,76,76,86,100,100,100,100,100],"card_choices":[{"not_picked":["Barrage","Stack"],"picked":"Coolheaded","floor":1.0},{"not_picked":["Leap","Rebound"],"picked":"Darkness","floor":2.0},{"not_picked":["Scrape","Stack"],"picked":"Chill","floor":6.0},{"not_picked":["Turbo","Barrage"],"picked":"White Noise","floor":8},{"not_picked":["Hologram","Blizzard"],"picked":"Conserve Battery","floor":10},{"not_picked":["Redo","Auto Shields"],"picked":"Recycle","floor":11},{"not_picked":["Conserve Battery","Compile Driver"],"picked":"All For One","floor":14}],"player_experience":1262202,"relics_obtained":[{"floor":6.0,"key":"DataDisk"},{"floor":9,"key":"Bag of Marbles"},{"floor":10,"key":"Ancient Tea Set"},{"floor":11,"key":"Pear"},{"floor":12,"key":"Mango"}],"event_choices":[{"damage_healed":0.0,"max_hp_gain":5.0,"max_hp_loss":0.0,"gold_gain":0.0,"event_name":"Big Fish","player_choice":"Donut","floor":3.0,"gold_loss":0.0,"damage_taken":0.0},{"damage_healed":0,"gold_gain":0,"player_choice":"2 cards matched","damage_taken":0,"max_hp_gain":0,"max_hp_loss":0,"event_name":"Match and Keep!","floor":7,"gold_loss":0,"cards_obtained":["Sunder","Fission"]},{"damage_healed":0,"gold_gain":30,"player_choice":"Searched \u00273\u0027 times","damage_taken":0,"max_hp_gain":0,"max_hp_loss":0,"event_name":"Dead Adventurer","floor":11,"gold_loss":0}],"is_beta":false,"boss_relics":[],"items_purged_floors":[],"is_endless":false,"potions_floor_spawned":[6,10,11,14],"killed_by":"Hexaghost","ascension_level":19}