{"path_per_floor":["M","?","M","M","?","R","E","R","T","E","$","M","E","?","R","B",null,"M","M","$","?","?","E","R","E","T"],"character_chosen":"IRONCLAD","items_purchased":["Vajra","Tiny Chest"],"gold_per_floor":[111,111,125,137,137,137,163,163,214,242,24,40,68,68,68,142,142,154,168,44,44,44,70,70,102,102,102],"floor_reached":27,"campfire_rested":0,"playtime":2329,"current_hp_per_floor":[67,60,66,70,75,75,74,74,74,74,74,80,72,72,72,35,74,55,58,58,58,88,72,72,30,30,0],"items_purged":["Clash"],"gold":102,"score":466,"play_id":"a09701db-2278-4e5e-8347-757efe3e3bb3","local_time":"20180428234027","is_prod":false,"is_daily":false,"chose_seed":false,"is_ascension_mode":true,"campfire_upgraded":4,"timestamp":1524976827,"path_taken":["M","?","M","M","?","R","E","R","T","E","$","M","E","?","R","BOSS","M","?","$","?","?","E","R","E","T","M"],"build_version":"2018-04-28","seed_source_timestamp":2287875602639819,"purchased_purges":1,"victory":false,"master_deck":["Strike_R","Strike_R","Strike_R","Strike_R","Strike_R","Defend_R","Defend_R","Defend_R+1","Defend_R+1","Bash+1","AscendersBane","Metallicize+1","Inflame+1","Power Through","Intimidate","Whirlwind","Feed","Infernal Blade","Panacea","Bludgeon","Flame Barrier+1","Limit Break"],"max_hp_per_floor":[80,80,80,80,85,85,85,85,85,85,85,85,87,87,87,87,87,87,92,92,92,92,92,92,92,92,95],"relics":["Burning Blood","Anchor","Happy Flower","War Paint","Ancient Tea Set","Regal Pillow","Vajra","Singing Bowl","Mark of Pain","Tiny Chest","Pen Nib","The Courier","Toxic Egg 2"],"card_choices":[{"not_picked":["True Grit","Burning Pact"],"picked":"Clash","floor":1},{"not_picked":["Pommel Strike","Whirlwind"],"picked":"Metallicize","floor":3},{"not_picked":["Headbutt","Wild Strike"],"picked":"Inflame","floor":4},{"not_picked":["Corruption","Anger"],"picked":"Power Through","floor":7},{"not_picked":["Twin Strike","Rupture"],"picked":"Intimidate","floor":10},{"not_picked":["Shrug It Off","Havoc"],"picked":"Whirlwind","floor":12},{"not_picked":["Dark Embrace","Impervious"],"picked":"Feed","floor":16},{"not_picked":["Havoc","Body Slam"],"picked":"Infernal Blade","floor":18},{"not_picked":["Fire Breathing","Corruption"],"picked":"Flame Barrier","floor":23},{"not_picked":["Warcry","Twin Strike"],"picked":"Limit Break","floor":25}],"player_experience":290149,"potions_floor_usage":[7,16,23,23,25,25],"damage_taken":[{"damage":11,"enemies":"Cultist","floor":1,"turns":4},{"damage":0,"enemies":"2 Louse","floor":3,"turns":3},{"damage":2,"enemies":"Jaw Worm","floor":4,"turns":4},{"damage":7,"enemies":"Gremlin Nob","floor":7,"turns":4},{"damage":6,"enemies":"3 Sentries","floor":10,"turns":10},{"damage":0,"enemies":"Large Slime","floor":12,"turns":8},{"damage":16,"enemies":"Lagavulin","floor":13,"turns":5},{"damage":43,"enemies":"Hexaghost","floor":16,"turns":11},{"damage":25,"enemies":"Spheric Guardian","floor":18,"turns":6},{"damage":8,"enemies":"Shell Parasite","floor":19,"turns":4},{"damage":22,"enemies":"Slavers","floor":23,"turns":5},{"damage":48,"enemies":"Gremlin Leader","floor":25,"turns":5},{"damage":35,"enemies":"Cultist and Chosen","floor":27,"turns":6}],"event_choices":[{"event_name":"Scrap Ooze","player_choice":"success","floor":2,"damage_taken":7},{"event_name":"Big Fish","player_choice":"Donut","floor":5,"damage_taken":0},{"event_name":"Liars Game","player_choice":"disagreed","floor":14,"damage_taken":0},{"event_name":"Match and Keep!","player_choice":"2 cards matched","floor":21,"damage_taken":0},{"event_name":"The Library","player_choice":"Heal","floor":22,"damage_taken":0}],"boss_relics":[{"not_picked":["White Beast Statue","Lizard Tail"],"picked":"Mark of Pain"}],"potions_floor_spawned":[1,3,7,12,13,19,23],"seed_played":"138038004172388508","killed_by":"Cultist and Chosen","ascension_level":13,"is_trial":false}