{"path_per_floor":["M","M","M","$","?","E","$","R","T","?","M","M","$","E","R","B",null,"M","?","$","M","M","E","R","M","T","R","E","M","M","?","R"],"character_chosen":"IRONCLAD","items_purchased":["Blood Vial","Bandage Up","Metallicize","Flex","Fire Potion"],"gold_per_floor":[117,136,146,2,177,204,35,35,35,35,56,77,4,42,42,162,162,145,70,0,16,39,82,82,102,126,126,170,188,213,213,213],"floor_reached":33,"campfire_rested":3,"playtime":1606,"current_hp_per_floor":[73,74,73,73,73,28,28,52,52,52,52,51,51,50,50,69,74,59,59,59,59,52,37,65,43,50,81,50,41,46,46,46],"items_purged":["Doubt"],"gold":213,"score":347,"play_id":"9a866c30-c964-4f59-b54e-f9d567fade72","is_prod":false,"is_daily":false,"is_ascension_mode":false,"campfire_upgraded":2,"path_taken":["M","M","?","?","?","E","$","R","T","?","?","M","?","E","R","BOSS","M","?","$","M","?","E","R","M","T","R","E","?","M","?","R","BOSS"],"build_version":"2018-02-12-PROD1","purchased_purges":2,"victory":false,"master_deck":["Strike_R","Strike_R","Strike_R","Defend_R","Defend_R","Defend_R","Defend_R","Bash","Sentinel","Spot Weakness","Limit Break","Pummel","Bandage Up","Battle Trance","Flex","Metallicize","Heavy Blade+1","Feed","Headbutt+1","Flex","Thunderclap+1","Heavy Blade+1","Clothesline+1","Spot Weakness+1","Shrug It Off+1","Rage","Shrug It Off"],"max_hp_per_floor":[80,80,80,80,80,80,80,80,80,74,74,74,74,74,74,74,74,77,77,77,80,83,96,96,99,106,106,106,106,106,106,106],"relics":["Burning Blood","Blood Vial","Pantograph","Bag of Marbles","Golden Idol","Torii","Black Star","Bottled Flame","Pear","Strawberry","Self Forming Clay","Mercury Hourglass"],"card_choices":[{"not_picked":["Fire Breathing","Heavy Blade"],"picked":"Sentinel"},{"not_picked":["Iron Wave","Warcry"],"picked":"Spot Weakness"},{"not_picked":["Pommel Strike","Flex"],"picked":"Limit Break"},{"not_picked":["Headbutt","Disarm"],"picked":"Pummel"},{"not_picked":["Pommel Strike","Shrug It Off"],"picked":"Battle Trance"},{"not_picked":["Body Slam","Feel No Pain"],"picked":"Flex"},{"not_picked":["Perfected Strike","Rupture"],"picked":"Heavy Blade"},{"not_picked":["Impervious","Berserk"],"picked":"Feed"},{"not_picked":["Shrug It Off","Wild Strike"],"picked":"Headbutt"},{"not_picked":["True Grit","Sword Boomerang"],"picked":"Thunderclap"},{"not_picked":["Wild Strike","Fiend Fire"],"picked":"Heavy Blade"},{"not_picked":["Havoc","Impervious"],"picked":"Clothesline"},{"not_picked":["Body Slam","Seeing Red"],"picked":"Spot Weakness"},{"not_picked":["Headbutt","Corruption"],"picked":"Shrug It Off"},{"not_picked":["Body Slam","Rupture"],"picked":"Rage"}],"player_experience":69127,"potions_floor_usage":[16,22,28,28,28,30],"damage_taken":[{"damage":13,"enemies":"Blue Slaver","floor":1,"turns":6},{"damage":5,"enemies":"Jaw Worm","floor":2,"turns":4},{"damage":7,"enemies":"Cultist","floor":3,"turns":5},{"damage":53,"enemies":"Lagavulin","floor":6,"turns":7},{"damage":12,"enemies":"Red Slaver","floor":11,"turns":5},{"damage":13,"enemies":"Large Slime","floor":12,"turns":6},{"damage":13,"enemies":"3 Sentries","floor":14,"turns":8},{"damage":11,"enemies":"Slime Boss","floor":16,"turns":10},{"damage":28,"enemies":"2 Thieves","floor":18,"turns":4},{"damage":15,"enemies":"3 Byrds","floor":21,"turns":6},{"damage":22,"enemies":"Snake Plant","floor":22,"turns":3},{"damage":40,"enemies":"Slavers","floor":23,"turns":6},{"damage":37,"enemies":"3 Cultists","floor":25,"turns":5},{"damage":39,"enemies":"Gremlin Leader","floor":28,"turns":4},{"damage":21,"enemies":"Centurion and Healer","floor":29,"turns":6},{"damage":3,"enemies":"Snake Plant","floor":30,"turns":3},{"damage":77,"enemies":"Automaton","floor":33,"turns":10}],"event_choices":[{"event_name":"Liars Game","player_choice":"agreed","floor":5,"damage_taken":0},{"event_name":"Golden Idol","player_choice":"Lose Max HP","floor":10,"damage_taken":0},{"event_name":"Beggar","player_choice":"Gave Gold","floor":19,"damage_taken":0},{"event_name":"Transmorgrifier","player_choice":"Transform","floor":31,"damage_taken":0}],"boss_relics":[{"not_picked":["White Beast Statue","Philosopher\u0027s Stone"],"picked":"Black Star"}],"potions_floor_spawned":[1,3,12,14,21,23,28],"seed_played":"2535359403428579495","killed_by":"Automaton","ascension_level":0,"is_trial":false}