{"path_per_floor":["M","M","M","M","T","E","R","M","T","M","E","M","?","M","R","B",null,"M","M","?","M","?","R"],"character_chosen":"DEFECT","items_purchased":[],"gold_per_floor":[117,127,141,153,180,206,206,223,304,315,345,356,431,445,445,547,547,561,572,572,582,507,507,507],"floor_reached":24,"campfire_rested":2,"playtime":944,"item_purchase_floors":[],"current_hp_per_floor":[74,74,71,69,69,63,63,61,61,59,48,44,33,32,72,36,85,70,43,43,15,15,55,0],"items_purged":[],"gold":507,"score":212,"play_id":"3a11f739-3303-4565-a878-12905a027d54","local_time":"20180602134531","is_prod":false,"is_daily":false,"chose_seed":false,"is_ascension_mode":false,"campfire_upgraded":1,"win_rate":0,"timestamp":1527965131,"campfire_choices":[{"data":"Static Discharge","floor":7,"key":"SMITH"},{"floor":15,"key":"REST"},{"floor":23,"key":"REST"}],"path_taken":["M","M","?","M","?","E","R","M","T","?","E","M","?","M","R","BOSS","M","M","?","M","?","R","E"],"build_version":"2018-05-31","seed_source_timestamp":1419317416809847,"purchased_purges":0,"victory":false,"master_deck":["Strike_B","Strike_B","Strike_B","Defend_B","Defend_B","Defend_B","Defend_B","Zap","Dualcast","Melter","Fusion","Static Discharge+1","Conserve Battery","Go for the Eyes","Tempest","Redo","Leap","Storm","Creative AI","Self Repair"],"max_hp_per_floor":[75,75,80,80,80,80,80,80,80,85,85,85,85,85,85,85,85,85,85,85,85,85,85,85],"relics":["Cracked Core","Boot","Omamori","Letter Opener","Regal Pillow","Inserter"],"card_choices":[{"not_picked":["Turbo","Sweeping Beam"],"picked":"Melter","floor":1},{"not_picked":["Barrage","Gash"],"picked":"Fusion","floor":2},{"not_picked":["Compile Driver","Ball Lightning"],"picked":"Static Discharge","floor":3},{"not_picked":["Leap","Doom and Gloom"],"picked":"Conserve Battery","floor":4},{"not_picked":["Gash","Conserve Battery"],"picked":"Go for the Eyes","floor":6},{"not_picked":["Hologram","Hello World"],"picked":"Tempest","floor":8},{"not_picked":["Rip and Tear","Recycle","Rebound"],"picked":"SKIP","floor":10},{"not_picked":["Double Energy","Steam Power"],"picked":"Redo","floor":11},{"not_picked":["Barrage","Rebound"],"picked":"Leap","floor":12},{"not_picked":["Leap","Turbo"],"picked":"Storm","floor":14},{"not_picked":["Hyperbeam","Seek"],"picked":"Creative AI","floor":16},{"not_picked":["Compile Driver","Doom and Gloom","Conserve Battery"],"picked":"SKIP","floor":18},{"not_picked":["Coolheaded","Streamline+1"],"picked":"Self Repair","floor":19},{"not_picked":["Rebound","Leap+1","Scrape"],"picked":"SKIP","floor":21}],"player_experience":334982,"potions_floor_usage":[3,6,10,16,18,24],"damage_taken":[{"damage":1,"enemies":"Cultist","floor":1,"turns":3},{"damage":0,"enemies":"2 Louse","floor":2,"turns":2},{"damage":8,"enemies":"Jaw Worm","floor":3,"turns":3},{"damage":2,"enemies":"Large Slime","floor":4,"turns":6},{"damage":6,"enemies":"3 Sentries","floor":6,"turns":7},{"damage":2,"enemies":"2 Fungi Beasts","floor":8,"turns":3},{"damage":7,"enemies":"3 Louse","floor":10,"turns":4},{"damage":11,"enemies":"Lagavulin","floor":11,"turns":7},{"damage":4,"enemies":"Looter","floor":12,"turns":3},{"damage":1,"enemies":"2 Fungi Beasts","floor":14,"turns":3},{"damage":36,"enemies":"The Guardian","floor":16,"turns":8},{"damage":15,"enemies":"Shell Parasite","floor":18,"turns":5},{"damage":27,"enemies":"3 Byrds","floor":19,"turns":4},{"damage":35,"enemies":"Centurion and Healer","floor":21,"turns":7},{"damage":55,"enemies":"Gremlin Leader","floor":24,"turns":3}],"relics_obtained":[{"floor":5,"key":"Boot"},{"floor":6,"key":"Omamori"},{"floor":9,"key":"Letter Opener"},{"floor":11,"key":"Regal Pillow"}],"event_choices":[{"event_name":"World of Goop","player_choice":"Gather Gold","floor":13,"damage_taken":0},{"event_name":"Ghosts","player_choice":"Ignored","floor":20,"damage_taken":0},{"event_name":"Beggar","player_choice":"Gave Gold","floor":22,"damage_taken":0}],"boss_relics":[{"not_picked":["Runic Pyramid","Ectoplasm"],"picked":"Inserter"}],"items_purged_floors":[],"potions_floor_spawned":[2,3,6,8,14,21],"seed_played":"-3001477995097028808","killed_by":"Gremlin Leader","ascension_level":0,"potions_obtained":[{"floor":2,"key":"Fruit Juice"},{"floor":3,"key":"SpeedPotion"},{"floor":6,"key":"Fruit Juice"},{"floor":8,"key":"AttackPotion"},{"floor":14,"key":"Weak Potion"},{"floor":21,"key":"SpeedPotion"}],"is_trial":false}