{"gold_per_floor":[369,294,3,15,34,67,85,105,105,105,105,130,142,160,160,239,239,250,250,52,52,52],"floor_reached":22,"playtime":4219,"items_purged":[],"score":397,"play_id":"9eecd8d6-c995-48f3-bc39-391319ebe535","local_time":"20181012213037","is_ascension_mode":true,"campfire_choices":[{"data":"Skewer","floor":11,"key":"SMITH"},{"data":"Neutralize","floor":15,"key":"SMITH"}],"neow_cost":"TEN_PERCENT_HP_LOSS","seed_source_timestamp":0,"circlet_count":0,"master_deck":["Defend_G","Defend_G","Defend_G","Defend_G","Defend_G","Survivor","Neutralize+1","AscendersBane","Well Laid Plans","Unload","Dagger Spray","Noxious Fumes","Infinite Blades","Skewer+1","Deadly Poison","Cloak And Dagger","Footwork+1","Catalyst","Malaise","Terror+1","Envenom+1","Outmaneuver+1","Crippling Poison","Bite","Bite","Bite","Bite","Bite","Noxious Fumes+1","Flash of Steel"],"special_seed":0,"relics":["Ring of the Snake","Lantern","Potion Belt","Frozen Egg 2","Astrolabe"],"potions_floor_usage":[12,22],"damage_taken":[{"damage":0.0,"enemies":"Jaw Worm","floor":1.0,"turns":7.0},{"damage":0.0,"enemies":"2 Louse","floor":4.0,"turns":3.0},{"damage":4.0,"enemies":"Cultist","floor":5.0,"turns":5.0},{"damage":8.0,"enemies":"Gremlin Nob","floor":6.0,"turns":3.0},{"damage":4.0,"enemies":"2 Fungi Beasts","floor":7.0,"turns":3.0},{"damage":2,"enemies":"Exordium Thugs","floor":8,"turns":4},{"damage":1,"enemies":"Lagavulin","floor":12,"turns":7},{"damage":1,"enemies":"Looter","floor":13,"turns":3},{"damage":0,"enemies":"Exordium Wildlife","floor":14,"turns":3},{"damage":20,"enemies":"Slime Boss","floor":16,"turns":11},{"damage":8,"enemies":"Chosen","floor":18,"turns":5},{"damage":39,"enemies":"Spheric Guardian","floor":22,"turns":5}],"seed_played":"4401415172064234335","potions_obtained":[{"floor":1.0,"key":"Poison Potion"},{"floor":8,"key":"Block Potion"},{"floor":14,"key":"EssenceOfSteel"},{"floor":16,"key":"Swift Potion"}],"is_trial":false,"path_per_floor":["M","?","$","M","M","E","M","M","T","?","R","E","M","M","R","B",null,"M","?","$","?"],"character_chosen":"THE_SILENT","items_purchased":["Well Laid Plans","Unload","Dagger Spray","Poison Potion","Noxious Fumes+1","Flash of Steel"],"campfire_rested":0,"item_purchase_floors":[3,3,3,3,20,20],"current_hp_per_floor":[59,59,59,59,55,47,43,41,41,36,36,37,38,40,40,22,51,45,45,45,29,0],"gold":52,"neow_bonus":"TWO_FIFTY_GOLD","is_prod":false,"is_daily":false,"chose_seed":false,"campfire_upgraded":2,"win_rate":0,"timestamp":1539394237,"path_taken":["M","?","$","M","?","E","M","M","T","?","R","E","M","M","R","BOSS","M","?","$","?","?"],"build_version":"2018-10-11","purchased_purges":0,"victory":false,"max_hp_per_floor":[60,60,60,60,60,60,60,60,60,60,60,60,60,60,60,60,60,60,60,60,65,65],"card_choices":[{"not_picked":["Dagger Throw","Underhanded Strike","Bane"],"picked":"SKIP","floor":1.0},{"not_picked":["Endless Agony","Backflip"],"picked":"Noxious Fumes","floor":4.0},{"not_picked":["Predator","Dagger Spray"],"picked":"Infinite Blades","floor":5.0},{"not_picked":["Concentrate","Dagger Spray"],"picked":"Skewer","floor":6.0},{"not_picked":["Slice","Endless Agony"],"picked":"Deadly Poison","floor":7.0},{"not_picked":["Masterful Stab","Blade Dance"],"picked":"Cloak And Dagger","floor":8},{"not_picked":["Setup","Dagger Spray","Masterful Stab"],"picked":"SKIP","floor":12},{"not_picked":["PiercingWail","Outmaneuver"],"picked":"Footwork+1","floor":13},{"not_picked":["Calculated Gamble","Bane"],"picked":"Catalyst","floor":14},{"not_picked":["Envenom+1","Doppelganger"],"picked":"Malaise","floor":16},{"not_picked":["Sucker Punch","Deadly Poison+1"],"picked":"Crippling Poison","floor":18}],"player_experience":548299,"relics_obtained":[{"floor":6.0,"key":"Lantern"},{"floor":9,"key":"Blood Vial"},{"floor":12,"key":"Frozen Egg 2"}],"event_choices":[{"event_name":"The Cleric","player_choice":"Card Removal","floor":2.0,"damage_taken":0.0},{"event_name":"Scrap Ooze","player_choice":"success","floor":10,"damage_taken":5},{"event_name":"Vampires","player_choice":"Became a vampire (Vial)","floor":19,"damage_taken":0},{"event_name":"Forgotten Altar","player_choice":"Shed Blood","floor":21,"damage_taken":0}],"is_beta":false,"boss_relics":[{"not_picked":["Ring of the Serpent","Runic Pyramid"],"picked":"Astrolabe"}],"items_purged_floors":[],"is_endless":false,"potions_floor_spawned":[1,5,8,14,16],"killed_by":"Spheric Guardian","ascension_level":18}