{"path_per_floor":["M","?","?","$","?","R","$","R","T","M","M","?","?","M","R","B",null,"M","?","?","M","$","R","M","R","T","?","$","M","M","M","R","B",null,"M","?","M","?","$","R","M"],"character_chosen":"THE_SILENT","items_purchased":["Noxious Fumes","Apotheosis","Noxious Fumes","Snake Skull","Letter Opener","Noxious Fumes"],"gold_per_floor":[20,95,60,20,20,20,20,20,20,34,53,228,228,183,183,306,306,330,330,330,350,26,26,44,44,67,67,67,86,106,125,125,255,255,275,275,293,626,87,87,101],"floor_reached":42,"campfire_rested":3,"playtime":3168,"current_hp_per_floor":[70,59,70,70,70,70,70,70,70,70,70,70,70,64,64,47,70,47,47,47,46,46,46,39,60,60,60,60,50,23,20,41,32,70,46,36,34,34,34,55,4],"items_purged":["Doubt","Writhe"],"gold":101,"play_id":"50e734e7-a889-4a7f-9aa0-fdf4e78fa05f","is_prod":false,"is_daily":false,"is_ascension_mode":false,"campfire_upgraded":4,"path_taken":["M","?","?","$","?","R","?","R","T","M","M","?","?","M","R","BOSS","M","?","?","M","$","R","M","R","T","?","?","M","M","M","R","BOSS","M","?","M","?","$","R","M","M"],"build_version":"2018-01-25-PROD3","purchased_purges":2,"victory":false,"master_deck":["Defend_G","Defend_G","Defend_G","Defend_G","Defend_G","Strike_G","Survivor","Neutralize+1","Malaise+1","Noxious Fumes+1","Deflect","Injury","Prepared","Night Terror","Blur+1","Wraith Form+1","Slice+1","Catalyst","Caltrops","Apotheosis+1","Noxious Fumes","Acrobatics","Acrobatics","A Thousand Cuts","Injury","Writhe","Madness","Madness","Escape Plan+1","Noxious Fumes"],"max_hp_per_floor":[70,70,70,70,70,70,70,70,70,70,70,70,70,70,70,70,70,70,70,70,70,70,70,70,70,70,70,70,70,70,70,70,70,70,70,70,70,70,70,70,70],"relics":["Ring of the Snake","Girya","Sundial","Astrolabe","Bag of Marbles","Calling Bell","Dead Branch","Lantern","Bag of Preparation","Snake Skull","Letter Opener"],"card_choices":[{"not_picked":["Dodge and Roll","Deflect"],"picked":"Malaise"},{"not_picked":["Endless Agony","Flechettes"],"picked":"Deflect"},{"not_picked":["Sucker Punch","Eviscerate"],"picked":"Prepared"},{"not_picked":["Doppelganger","Die Die Die"],"picked":"Night Terror"},{"not_picked":["Bane","Prepared"],"picked":"Catalyst"},{"not_picked":["Backflip","Riddle With Holes"],"picked":"Caltrops"},{"not_picked":["Quick Slash","Masterful Stab"],"picked":"Acrobatics"},{"not_picked":["Venomology","Sucker Punch"],"picked":"Acrobatics"},{"not_picked":["Phantasmal Killer","Bullet Time"],"picked":"A Thousand Cuts"},{"not_picked":["Deadly Poison","Flying Knee"],"picked":"Escape Plan"}],"player_experience":133317,"potions_floor_usage":[29,30,35,41],"damage_taken":[{"damage":0,"enemies":"Jaw Worm","floor":1,"turns":4},{"damage":0,"enemies":"Small Slimes","floor":10,"turns":5},{"damage":0,"enemies":"Cultist","floor":11,"turns":4},{"damage":6,"enemies":"Looter","floor":14,"turns":5},{"damage":17,"enemies":"Hexaghost","floor":16,"turns":15},{"damage":23,"enemies":"Chosen","floor":18,"turns":10},{"damage":1,"enemies":"Shell Parasite","floor":21,"turns":9},{"damage":7,"enemies":"Centurion and Healer","floor":24,"turns":10},{"damage":10,"enemies":"Snake Plant","floor":29,"turns":5},{"damage":27,"enemies":"Chosen and Byrds","floor":30,"turns":7},{"damage":3,"enemies":"Snecko","floor":31,"turns":7},{"damage":9,"enemies":"Champ","floor":33,"turns":10},{"damage":24,"enemies":"3 Darklings","floor":35,"turns":8},{"damage":2,"enemies":"3 Shapes","floor":37,"turns":10},{"damage":51,"enemies":"Sphere and 2 Shapes","floor":41,"turns":7},{"damage":7,"enemies":"4 Shapes","floor":42,"turns":3}],"event_choices":[{"event_name":"World of Goop","player_choice":"Gather Gold","floor":2,"damage_taken":0},{"event_name":"The Cleric","player_choice":"Healed","floor":3,"damage_taken":0},{"event_name":"Wheel of Change","player_choice":"Card Removal","floor":5,"damage_taken":0},{"event_name":"Liars Game","player_choice":"agreed","floor":12,"damage_taken":0},{"event_name":"Golden Idol","player_choice":"Take Wound","floor":13,"damage_taken":0},{"event_name":"Vampires","player_choice":"Ignored","floor":19,"damage_taken":0},{"event_name":"The Woman in Blue","player_choice":"Bought 0 Potions","floor":20,"damage_taken":0},{"event_name":"Drug Dealer","player_choice":"Ignored","floor":27,"damage_taken":0},{"event_name":"Winding Halls","player_choice":"Embrace Madness","floor":36,"damage_taken":0},{"event_name":"The Moai Head","player_choice":"Gave Idol","floor":38,"damage_taken":0}],"boss_relics":[{"not_picked":["Runic Pyramid","Philosopher\u0027s Stone"],"picked":"Astrolabe"},{"not_picked":["Tiny House","Black Star"],"picked":"Calling Bell"}],"potions_floor_spawned":[10,29,30,33,35],"seed_played":"-1577209350788718451","killed_by":"4 Shapes","ascension_level":0,"is_trial":false}