{"gold_per_floor":[119,119,38,105,69,96,114,114,114,127,127,155,167,178,178,279,279,297,315,315,221,221,221,221],"floor_reached":24,"playtime":1814,"items_purged":[],"score":204,"play_id":"55c74b7e-402e-48e2-9e91-08031f3f571c","local_time":"20190120101400","is_ascension_mode":false,"campfire_choices":[{"data":"Hello World","floor":8,"key":"SMITH"},{"floor":15,"key":"REST"},{"floor":23,"key":"REST"}],"neow_cost":"NONE","seed_source_timestamp":465058739450600,"circlet_count":0,"master_deck":["Strike_B+1","Strike_B","Strike_B","Strike_B","Defend_B+1","Defend_B","Defend_B","Defend_B","Zap","Dualcast","Hello World+1","Melter","Consume","Undo","Rebound","All For One","Conserve Battery","Lockon","Buffer+1","Glacier","Loop+1","Conserve Battery"],"relics":["Cracked Core","WingedGreaves","Frozen Egg 2","Oddly Smooth Stone","Peace Pipe","Black Star"],"potions_floor_usage":[16,16],"damage_taken":[{"damage":0,"enemies":"Small Slimes","floor":1,"turns":3},{"damage":12,"enemies":"Lagavulin","floor":6,"turns":5},{"damage":6,"enemies":"Cultist","floor":7,"turns":3},{"damage":5,"enemies":"Jaw Worm","floor":10,"turns":3},{"damage":21,"enemies":"Gremlin Nob","floor":12,"turns":4},{"damage":10,"enemies":"Looter","floor":13,"turns":2},{"damage":0,"enemies":"2 Fungi Beasts","floor":14,"turns":4},{"damage":14,"enemies":"Hexaghost","floor":16,"turns":9},{"damage":13,"enemies":"Shell Parasite","floor":18,"turns":7},{"damage":40,"enemies":"3 Byrds","floor":19,"turns":7},{"damage":61,"enemies":"3 Cultists","floor":24,"turns":6}],"seed_played":"-7221387193608521269","potions_obtained":[{"floor":1,"key":"SkillPotion"},{"floor":6,"key":"PowerPotion"},{"floor":12,"key":"SpeedPotion"},{"floor":13,"key":"Block Potion"}],"is_trial":false,"path_per_floor":["M","?","$","?","$","E","M","R","T","M","?","E","M","M","R","B",null,"M","M","?","$","?","R","M"],"character_chosen":"DEFECT","items_purchased":["Melter","Consume","Loop+1","Conserve Battery"],"campfire_rested":2,"item_purchase_floors":[3,5,21,21],"current_hp_per_floor":[75,75,75,75,75,63,57,57,57,52,37,16,6,6,28,14,75,62,22,47,47,33,57,0],"gold":221,"neow_bonus":"RANDOM_COLORLESS","is_prod":false,"is_daily":false,"chose_seed":false,"campfire_upgraded":1,"win_rate":0.0,"timestamp":1547975640,"path_taken":["M","?","?","?","$","E","M","R","T","M","?","E","?","M","R","BOSS","M","M","?","$","?","R","M"],"build_version":"2019-01-16","purchased_purges":0,"victory":false,"max_hp_per_floor":[75,75,75,75,75,75,75,75,75,75,75,75,75,75,75,75,75,75,75,75,75,80,80,80],"card_choices":[{"not_picked":["Glacier","Gash"],"picked":"Hello World","floor":1},{"not_picked":["Fusion","Blizzard","Streamline"],"picked":"SKIP","floor":6},{"not_picked":["Cold Snap","Auto Shields"],"picked":"Undo","floor":7},{"not_picked":["Streamline","Chaos"],"picked":"Rebound","floor":10},{"not_picked":["Hyperbeam","Rip and Tear"],"picked":"All For One","floor":12},{"not_picked":["Steam","Hologram"],"picked":"Conserve Battery","floor":13},{"not_picked":["Reinforced Body","Leap"],"picked":"Lockon","floor":14},{"not_picked":["Seek","Core Surge"],"picked":"Buffer+1","floor":16},{"not_picked":["Tempest","Aggregate","Leap"],"picked":"SKIP","floor":18},{"not_picked":["Rebound","Coolheaded+1"],"picked":"Glacier","floor":19}],"player_experience":123281,"relics_obtained":[{"floor":6,"key":"Frozen Egg 2"},{"floor":9,"key":"Oddly Smooth Stone"},{"floor":12,"key":"Peace Pipe"}],"event_choices":[{"cards_removed":["Purity"],"damage_healed":0,"gold_gain":0,"player_choice":"Gave Card","damage_taken":0,"relics_obtained":["WingedGreaves"],"max_hp_gain":0,"max_hp_loss":0,"event_name":"WeMeetAgain","floor":2,"gold_loss":0},{"damage_healed":0,"gold_gain":67,"player_choice":"Gained Gold","damage_taken":0,"max_hp_gain":0,"max_hp_loss":0,"event_name":"Golden Wing","floor":4,"gold_loss":0},{"damage_healed":0,"gold_gain":0,"player_choice":"Entered Light","damage_taken":15,"max_hp_gain":0,"max_hp_loss":0,"event_name":"Shining Light","floor":11,"gold_loss":0,"cards_upgraded":["Defend_B","Strike_B"]},{"damage_healed":25,"gold_gain":0,"player_choice":"Heal","damage_taken":0,"max_hp_gain":0,"max_hp_loss":0,"event_name":"The Library","floor":20,"gold_loss":0},{"damage_healed":0,"gold_gain":0,"player_choice":"Shed Blood","damage_taken":19,"max_hp_gain":5,"max_hp_loss":0,"event_name":"Forgotten Altar","floor":22,"gold_loss":0}],"is_beta":true,"boss_relics":[{"not_picked":["FrozenCore","Philosopher\u0027s Stone"],"picked":"Black Star"}],"items_purged_floors":[],"is_endless":false,"potions_floor_spawned":[1,6,12,13],"killed_by":"3 Cultists","ascension_level":0}