{"gold_per_floor":[110,110,122,122,133,166,166,181,181,198,212,241,241,271,271,345,345,358,358,273,273,8,38,38,54,100,126,138,150,150,50,50,122,122,142,49,66,0,15,40,40,66,66,66,66,79,79,96,96,96],"floor_reached":51,"playtime":2814,"items_purged":["Strike_G","Strike_G"],"score":1953,"play_id":"6be4718e-e512-470b-8238-2bb4a422f786","local_time":"20181006170641","is_ascension_mode":true,"campfire_choices":[{"floor":7,"key":"REST"},{"data":"After Image","floor":15,"key":"SMITH"},{"data":"A Thousand Cuts","floor":24,"key":"SMITH"},{"data":"Catalyst","floor":30,"key":"SMITH"},{"data":"Deadly Poison","floor":32,"key":"SMITH"},{"data":"Catalyst","floor":41,"key":"SMITH"},{"data":"Deadly Poison","floor":44,"key":"SMITH"},{"data":"Catalyst","floor":49,"key":"SMITH"}],"neow_cost":"","seed_source_timestamp":1117189100678731,"circlet_count":0,"master_deck":["Defend_G","Defend_G","Defend_G","Defend_G","Defend_G","Strike_G+1","Survivor","Neutralize","AscendersBane","Quick Slash+1","Poisoned Stab","After Image+1","A Thousand Cuts+1","Deadly Poison+1","Footwork+1","Venomology","Crippling Poison","Bullet Time","All Out Attack","Escape Plan","Deadly Poison+1","Well Laid Plans+1","Cloak And Dagger","Backflip","Sucker Punch","Footwork+1","Dodge and Roll","Catalyst+1","Leg Sweep","Adrenaline","Catalyst+1","Dodge and Roll","Caltrops+1","Leg Sweep+1","Wraith Form v2+1","Bouncing Flask+1","Normality","Catalyst+1","Footwork+1","Blur"],"relics":["Ring of the Serpent","FaceOfCleric","Incense Burner","Frozen Egg 2","Dodecahedron","Thread and Needle","Mummified Hand","Prayer Wheel","Oddly Smooth Stone","FossilizedHelix","Cursed Key","Red Mask","Whetstone","Happy Flower","Singing Bowl"],"potions_floor_usage":[6,6,8,8,12,12,16,21,21,23,23,23,27,27,28,29,39,40,42,46,46,50,50,50,50,50],"damage_taken":[{"damage":5,"enemies":"Cultist","floor":1,"turns":5},{"damage":0,"enemies":"2 Louse","floor":3,"turns":2},{"damage":1,"enemies":"Jaw Worm","floor":5,"turns":3},{"damage":41,"enemies":"Gremlin Nob","floor":6,"turns":6},{"damage":3,"enemies":"Gremlin Gang","floor":8,"turns":5},{"damage":17,"enemies":"Large Slime","floor":10,"turns":6},{"damage":0,"enemies":"Blue Slaver","floor":11,"turns":4},{"damage":23,"enemies":"3 Sentries","floor":12,"turns":7},{"damage":4,"enemies":"Gremlin Nob","floor":14,"turns":5},{"damage":0,"enemies":"Hexaghost","floor":16,"turns":10},{"damage":0,"enemies":"Spheric Guardian","floor":18,"turns":7},{"damage":6,"enemies":"Colosseum Slavers","floor":21,"turns":5},{"damage":5,"enemies":"Gremlin Leader","floor":23,"turns":6},{"damage":6,"enemies":"3 Byrds","floor":25,"turns":4},{"damage":0,"enemies":"Book of Stabbing","floor":27,"turns":6},{"damage":0,"enemies":"Snake Plant","floor":28,"turns":5},{"damage":0,"enemies":"3 Cultists","floor":29,"turns":5},{"damage":0,"enemies":"Champ","floor":33,"turns":10},{"damage":0,"enemies":"3 Shapes","floor":35,"turns":3},{"damage":0,"enemies":"3 Darklings","floor":37,"turns":6},{"damage":0,"enemies":"4 Shapes","floor":39,"turns":6},{"damage":0,"enemies":"Giant Head","floor":40,"turns":8},{"damage":0,"enemies":"Nemesis","floor":42,"turns":7},{"damage":0,"enemies":"Maw","floor":46,"turns":3},{"damage":0,"enemies":"Transient","floor":48,"turns":6},{"damage":0,"enemies":"Time Eater","floor":50,"turns":7}],"seed_played":"-4217469740866135384","potions_obtained":[{"floor":2,"key":"EntropicBrew"},{"floor":2,"key":"SpeedPotion"},{"floor":10,"key":"Fire Potion"},{"floor":11,"key":"Regen Potion"},{"floor":14,"key":"LiquidBronze"},{"floor":16,"key":"Block Potion"},{"floor":23,"key":"SteroidPotion"},{"floor":27,"key":"LiquidBronze"},{"floor":39,"key":"EntropicBrew"},{"floor":46,"key":"EssenceOfSteel"}],"is_trial":false,"path_per_floor":["M","?","M","?","M","E","R","M","T","M","M","E","?","E","R","B",null,"M","?","?","?","$","E","R","M","T","E","M","M","R","$","R","B",null,"M","$","M","?","M","E","R","E","T","R","$","M","?","M","R","B"],"character_chosen":"THE_SILENT","items_purchased":["Well Laid Plans+1","Cloak And Dagger","GamblersBrew","Caltrops+1"],"campfire_rested":1,"item_purchase_floors":[22,22,22,36],"current_hp_per_floor":[54,54,54,54,54,14,34,32,32,16,17,10,10,7,7,8,58,59,59,59,69,69,65,65,60,60,61,62,63,63,63,63,64,78,79,79,80,80,81,82,82,87,87,87,87,88,88,91,91,92],"gold":96,"neow_bonus":"","is_prod":false,"is_daily":false,"chose_seed":false,"campfire_upgraded":7,"win_rate":0,"timestamp":1538860001,"path_taken":["M","?","M","?","M","E","R","?","T","M","M","E","?","E","R","BOSS","M","?","?","?","$","E","R","M","T","E","?","M","R","$","R","BOSS","M","?","M","?","M","E","R","E","T","R","$","M","?","M","R","BOSS"],"build_version":"2018-10-04v2","purchased_purges":2,"victory":true,"max_hp_per_floor":[66,66,66,66,67,68,68,69,69,70,71,72,72,73,73,74,74,75,75,75,76,76,77,77,78,78,79,80,81,81,81,81,82,82,83,83,84,84,85,86,86,87,87,87,87,88,88,91,91,92],"card_choices":[{"not_picked":["Bane","Outmaneuver"],"picked":"Quick Slash","floor":1},{"not_picked":["Dagger Spray","Choke"],"picked":"Poisoned Stab","floor":3},{"not_picked":["Noxious Fumes","Dagger Throw"],"picked":"After Image","floor":5},{"not_picked":["Bane","Well Laid Plans"],"picked":"A Thousand Cuts","floor":6},{"not_picked":["Masterful Stab","Dodge and Roll"],"picked":"Deadly Poison","floor":8},{"not_picked":["Quick Slash","Slice","Expertise"],"picked":"SKIP","floor":10},{"not_picked":["Quick Slash","PiercingWail"],"picked":"Footwork+1","floor":11},{"not_picked":["Blade Dance","Deflect"],"picked":"Venomology","floor":12},{"not_picked":["Eviscerate","Dodge and Roll"],"picked":"Crippling Poison","floor":14},{"not_picked":["Doppelganger","Grand Finale"],"picked":"Bullet Time","floor":16},{"not_picked":["Predator","Distraction+1"],"picked":"All Out Attack","floor":18},{"not_picked":["Flechettes","Deflect"],"picked":"Backflip","floor":23},{"not_picked":["Dagger Throw+1","Blade Dance"],"picked":"Sucker Punch","floor":25},{"not_picked":["Bane","Prepared"],"picked":"Footwork+1","floor":25},{"not_picked":["Poisoned Stab","Blade Dance"],"picked":"Dodge and Roll","floor":27},{"not_picked":["Setup","Sucker Punch"],"picked":"Catalyst","floor":28},{"not_picked":["Unload","Dagger Spray","Poisoned Stab"],"picked":"SKIP","floor":28},{"not_picked":["Setup","PiercingWail+1"],"picked":"Leg Sweep","floor":29},{"not_picked":["Dagger Throw","Underhanded Strike","Eviscerate"],"picked":"SKIP","floor":29},{"not_picked":["A Thousand Cuts+1","Phantasmal Killer"],"picked":"Adrenaline","floor":33},{"not_picked":["Dodge and Roll","Footwork+1"],"picked":"Catalyst","floor":35},{"not_picked":["Sucker Punch","Reflex"],"picked":"Dodge and Roll","floor":35},{"not_picked":["Sucker Punch+1","Prepared"],"picked":"Leg Sweep+1","floor":37},{"not_picked":["Deadly Poison","Cloak And Dagger+1"],"picked":"Wraith Form v2+1","floor":37},{"not_picked":["Outmaneuver","Prepared","Underhanded Strike"],"picked":"SKIP","floor":39},{"not_picked":["Flying Knee+1","Quick Slash","Deadly Poison"],"picked":"SKIP","floor":39},{"not_picked":["Flying Knee","Deflect+1","Prepared+1"],"picked":"SKIP","floor":40},{"not_picked":["Skewer","Finisher"],"picked":"Bouncing Flask+1","floor":42},{"not_picked":["Prepared+1","Distraction"],"picked":"Catalyst","floor":46},{"not_picked":["Finisher","Doppelganger"],"picked":"Footwork+1","floor":46},{"not_picked":["Backstab","Setup","PiercingWail"],"picked":"Singing Bowl","floor":48},{"not_picked":["Deflect","Underhanded Strike+1"],"picked":"Blur","floor":48}],"player_experience":535710,"relics_obtained":[{"floor":6,"key":"Incense Burner"},{"floor":9,"key":"Frozen Egg 2"},{"floor":12,"key":"Dodecahedron"},{"floor":14,"key":"Thread and Needle"},{"floor":23,"key":"Prayer Wheel"},{"floor":26,"key":"Oddly Smooth Stone"},{"floor":27,"key":"FossilizedHelix"},{"floor":40,"key":"Whetstone"},{"floor":42,"key":"Happy Flower"},{"floor":43,"key":"Singing Bowl"}],"event_choices":[{"event_name":"The Lab","player_choice":"Got Potions","floor":2,"damage_taken":0},{"event_name":"FaceTrader","player_choice":"Trade","floor":4,"damage_taken":0},{"event_name":"Golden Wing","player_choice":"Ignored","floor":13,"damage_taken":0},{"event_name":"Drug Dealer","player_choice":"Became Test Subject","floor":19,"damage_taken":0},{"event_name":"Addict","player_choice":"Obtained Relic","floor":20,"damage_taken":0},{"event_name":"Colosseum","player_choice":"Fight","floor":21,"damage_taken":0},{"event_name":"Colosseum","player_choice":"Fled From Nobs","floor":21,"damage_taken":0},{"event_name":"Tomb of Lord Red Mask","player_choice":"Paid","floor":38,"damage_taken":0},{"event_name":"SecretPortal","player_choice":"Rejected Portal.","floor":47,"damage_taken":0}],"is_beta":false,"boss_relics":[{"not_picked":["Runic Dome","Orrery"],"picked":"Ring of the Serpent"},{"not_picked":["WristBlade","Velvet Choker"],"picked":"Cursed Key"}],"items_purged_floors":[22,31],"is_endless":false,"potions_floor_spawned":[6,10,11,14,16,23,27,39,42,46,48],"ascension_level":17}