{"gold_per_floor":[110,187,207,222,241,241,270,270,325,325,254,265,28,0,0,0],"floor_reached":16,"playtime":532,"items_purged":[],"score":140,"play_id":"9713d97c-6b23-4249-b1e0-6ac075106d95","local_time":"20180704105413","is_ascension_mode":true,"campfire_choices":[{"data":"Double Energy","floor":6,"key":"SMITH"},{"data":"Chaos","floor":8,"key":"SMITH"},{"data":"Strike_B","floor":10,"key":"PURGE"},{"floor":15,"key":"REST"}],"neow_cost":"CURSE","seed_source_timestamp":838986280973137,"circlet_count":0,"master_deck":["Strike_B","Strike_B","Strike_B","Defend_B","Defend_B","Defend_B","Defend_B","Zap","Dualcast","Clumsy","Melter","Coolheaded","Conserve Battery","Double Energy+1","Chaos+1","Creative AI","Heatsinks","Self Repair"],"relics":["Cracked Core","Peace Pipe","Dodecahedron","Bag of Marbles","Orichalcum"],"potions_floor_usage":[5],"damage_taken":[{"damage":1,"enemies":"Cultist","floor":1,"turns":3},{"damage":3,"enemies":"2 Louse","floor":3,"turns":3},{"damage":8,"enemies":"Small Slimes","floor":4,"turns":4},{"damage":6,"enemies":"Exordium Thugs","floor":5,"turns":5},{"damage":16,"enemies":"3 Sentries","floor":7,"turns":9},{"damage":20,"enemies":"3 Louse","floor":12,"turns":4},{"damage":39,"enemies":"Hexaghost","floor":16,"turns":9}],"seed_played":"4543183083668110464","potions_obtained":[{"floor":4,"key":"SkillPotion"},{"floor":7,"key":"EssenceOfSteel"}],"is_trial":false,"path_per_floor":["M","?","M","M","M","R","E","R","T","R","$","M","$","?","R"],"character_chosen":"DEFECT","items_purchased":["Creative AI","Self Repair","Orichalcum"],"campfire_rested":1,"item_purchase_floors":[11,13,13],"current_hp_per_floor":[67,67,64,56,50,50,34,34,34,34,34,14,14,14,36,0],"gold":0,"neow_bonus":"ONE_RARE_RELIC","is_prod":false,"is_daily":false,"chose_seed":false,"campfire_upgraded":2,"win_rate":0,"timestamp":1530719653,"path_taken":["M","?","M","M","M","R","E","R","T","R","?","M","$","?","R","BOSS"],"build_version":"2018-06-28","purchased_purges":0,"victory":false,"max_hp_per_floor":[75,75,75,75,75,75,75,75,75,75,75,75,75,75,75,75],"card_choices":[{"not_picked":["Beam Cell","Auto Shields"],"picked":"Melter","floor":1},{"not_picked":["Melter","Gash"],"picked":"Coolheaded","floor":3},{"not_picked":["Barrage","Lockon"],"picked":"Conserve Battery","floor":4},{"not_picked":["Gash","Fusion"],"picked":"Double Energy","floor":5},{"not_picked":["Gash","Turbo"],"picked":"Chaos","floor":7},{"not_picked":["Beam Cell","Creative AI"],"picked":"Heatsinks","floor":12}],"player_experience":417511,"relics_obtained":[{"floor":7,"key":"Dodecahedron"},{"floor":9,"key":"Bag of Marbles"}],"event_choices":[{"event_name":"Golden Wing","player_choice":"Gained Gold","floor":2,"damage_taken":0},{"event_name":"World of Goop","player_choice":"Left","floor":14,"damage_taken":0}],"boss_relics":[],"items_purged_floors":[],"is_endless":false,"potions_floor_spawned":[4,7],"killed_by":"Hexaghost","ascension_level":8}