{"path_per_floor":["M","M","M","?","M","E","?","E","T","M","R","M","M","T","R","B",null,"M","M","?","$","?","R","M","R","T","M","E","?"],"character_chosen":"THE_SILENT","items_purchased":["Kunai","Catalyst"],"gold_per_floor":[112,131,142,142,161,196,196,230,230,242,242,259,276,352,352,455,455,472,490,490,142,142,142,160,160,187,197,231,231],"floor_reached":30,"campfire_rested":1,"playtime":1676,"current_hp_per_floor":[68,67,67,49,38,36,36,18,18,11,32,32,18,18,18,15,70,60,50,50,50,50,50,35,35,35,21,2,2],"items_purged":["Strike_G"],"gold":231,"score":288,"play_id":"43e38774-1449-4947-b2ea-ea033f7c0a5e","is_prod":false,"is_daily":false,"is_ascension_mode":false,"campfire_upgraded":3,"path_taken":["M","M","M","?","M","E","?","E","T","M","R","M","M","?","R","BOSS","M","?","?","$","?","R","M","R","T","M","E","?","E"],"build_version":"2018-02-08-PROD1","purchased_purges":1,"victory":false,"master_deck":["Defend_G","Defend_G","Defend_G","Defend_G","Survivor","Neutralize","Blade Dance","Distraction","Dagger Throw","Glass Knife","Blur","Footwork","Underhanded Strike","Poisoned Stab","Unload","Tactician","Endless Agony+1","Bane+1","Prepared+1","Bouncing Flask+1","Backstab+1","Dagger Spray","Catalyst+1","Deflect+1","Backflip+1","After Image","Bite","Bite","Bite","Bite","Bite"],"max_hp_per_floor":[70,70,70,70,70,70,70,70,70,70,70,70,70,70,70,70,70,70,70,70,70,70,70,70,70,70,70,70,49],"relics":["Ring of the Snake","Oddly Smooth Stone","Ancient Tea Set","Snake Skull","Darkstone Periapt","Centennial Puzzle","Smiling Mask","Astrolabe","Kunai","Regal Pillow","Prayer Wheel"],"card_choices":[{"not_picked":["Quick Slash","Acrobatics"],"picked":"Blade Dance"},{"not_picked":["Outmaneuver","Skewer"],"picked":"Distraction"},{"not_picked":["Acrobatics","PiercingWail"],"picked":"Dagger Throw"},{"not_picked":["Bane","Dagger Throw"],"picked":"Glass Knife"},{"not_picked":["Quick Slash","Finisher"],"picked":"Blur"},{"not_picked":["Heel Hook","Dash"],"picked":"Footwork"},{"not_picked":["Acrobatics","Slice"],"picked":"Underhanded Strike"},{"not_picked":["Sucker Punch","Leg Sweep"],"picked":"Poisoned Stab"},{"not_picked":["Eviscerate","Slice"],"picked":"Unload"},{"not_picked":["Burst","Night Terror"],"picked":"Tactician"},{"not_picked":["Poisoned Stab","Bane"],"picked":"Bouncing Flask"},{"not_picked":["Bane","Underhanded Strike"],"picked":"Backstab"},{"not_picked":["Dagger Spray","Outmaneuver"],"picked":"Deflect"},{"not_picked":["PiercingWail","Outmaneuver"],"picked":"Backflip"},{"not_picked":["Poisoned Stab","Bane"],"picked":"After Image"}],"player_experience":60154,"potions_floor_usage":[16,16,16,28,30,30],"damage_taken":[{"damage":2,"enemies":"Jaw Worm","floor":1,"turns":4},{"damage":1,"enemies":"Blue Slaver","floor":2,"turns":6},{"damage":0,"enemies":"Cultist","floor":3,"turns":3},{"damage":11,"enemies":"Gremlin Gang","floor":5,"turns":7},{"damage":2,"enemies":"3 Sentries","floor":6,"turns":9},{"damage":18,"enemies":"Gremlin Nob","floor":8,"turns":4},{"damage":7,"enemies":"2 Fungi Beasts","floor":10,"turns":3},{"damage":0,"enemies":"Red Slaver","floor":12,"turns":2},{"damage":14,"enemies":"Exordium Thugs","floor":13,"turns":5},{"damage":18,"enemies":"Hexaghost","floor":16,"turns":14},{"damage":10,"enemies":"Shell Parasite","floor":18,"turns":4},{"damage":10,"enemies":"3 Byrds","floor":19,"turns":4},{"damage":15,"enemies":"Snake Plant","floor":24,"turns":3},{"damage":14,"enemies":"Centurion and Healer","floor":27,"turns":3},{"damage":19,"enemies":"Gremlin Leader","floor":28,"turns":6},{"damage":12,"enemies":"Slavers","floor":30,"turns":1}],"event_choices":[{"event_name":"Scrap Ooze","player_choice":"success","floor":4,"damage_taken":18},{"event_name":"The Woman in Blue","player_choice":"Bought 0 Potions","floor":7,"damage_taken":0},{"event_name":"The Library","player_choice":"Read","floor":20,"damage_taken":0},{"event_name":"The Lab","player_choice":"Got Potions","floor":22,"damage_taken":0},{"event_name":"Vampires","player_choice":"Became a vampire","floor":29,"damage_taken":0}],"boss_relics":[{"not_picked":["Black Star","Eternal Feather"],"picked":"Astrolabe"}],"potions_floor_spawned":[2,3,10,12,13,18,19,27,28],"seed_played":"8323468894468556392","killed_by":"Slavers","ascension_level":0,"is_trial":false}