{"path_per_floor":["M","M","M","$","M","R","M","?","T","?","R","M","M","M","R","B",null,"M","$","?","M","?","R","M","$","T","M"],"character_chosen":"IRONCLAD","items_purchased":["Flex","Apotheosis","Spot Weakness","Inflame","Battle Trance"],"gold_per_floor":[367,386,403,279,292,292,312,312,312,341,341,353,363,382,382,479,479,496,136,226,239,154,154,164,85,85,95],"floor_reached":28,"campfire_rested":3,"playtime":1729,"current_hp_per_floor":[71,67,60,60,56,56,47,52,59,39,65,64,41,12,38,10,87,86,86,70,27,27,53,31,31,31,10],"items_purged":["Regret"],"gold":95,"play_id":"3740e2fc-827c-44da-935d-f90f7085a6ff","is_prod":false,"is_daily":false,"is_ascension_mode":false,"campfire_upgraded":1,"path_taken":["M","M","M","$","M","R","?","?","T","?","R","?","M","M","R","BOSS","M","$","?","M","?","R","M","?","T","M","M"],"build_version":"2018-01-25-PROD2","purchased_purges":1,"victory":false,"master_deck":["Strike_R","Strike_R","Strike_R","Strike_R","Strike_R","Defend_R","Defend_R","Defend_R","Defend_R","Bash","Inflame+1","Sword Boomerang","Flex","Heavy Blade","Thunderclap","Dual Wield","Dual Wield","Armaments","Headbutt","Demon Form","Flex","Apotheosis","Spot Weakness","Inflame","Clash","Iron Wave","Battle Trance","Headbutt"],"max_hp_per_floor":[80,80,80,80,80,80,80,80,87,87,87,87,87,87,87,87,87,87,87,87,87,87,87,87,87,87,87],"relics":["Burning Blood","Strawberry","Odd Mushroom","Question Card","Self Forming Clay","Ice Cream"],"card_choices":[{"not_picked":["Fire Breathing","Wild Strike"],"picked":"Warcry"},{"not_picked":["Heavy Blade","Iron Wave"],"picked":"Inflame"},{"not_picked":["Wild Strike","Fire Breathing"],"picked":"Sword Boomerang"},{"not_picked":["Combust","Armaments"],"picked":"Heavy Blade"},{"not_picked":["Bloodletting","Wild Strike"],"picked":"Thunderclap"},{"not_picked":["Body Slam","Perfected Strike"],"picked":"Dual Wield"},{"not_picked":["Perfected Strike","Blood for Blood"],"picked":"Dual Wield"},{"not_picked":["Hemokinesis","Feel No Pain"],"picked":"Armaments"},{"not_picked":["Feed","Havoc"],"picked":"Headbutt"},{"not_picked":["Dark Embrace","Barricade"],"picked":"Demon Form"},{"not_picked":["Pommel Strike","Clash","Armaments"],"picked":"Flex"},{"not_picked":["Warcry","Pommel Strike","Rage"],"picked":"Clash"},{"not_picked":["Wild Strike","Armaments","Exhume"],"picked":"Iron Wave"},{"not_picked":["Flex","Armaments","Anger"],"picked":"Headbutt"}],"player_experience":106707,"potions_floor_usage":[16,18,21],"damage_taken":[{"damage":15,"enemies":"Blue Slaver","floor":1,"turns":5},{"damage":10,"enemies":"Jaw Worm","floor":2,"turns":5},{"damage":13,"enemies":"2 Louse","floor":3,"turns":3},{"damage":10,"enemies":"Looter","floor":5,"turns":3},{"damage":15,"enemies":"Exordium Wildlife","floor":7,"turns":4},{"damage":26,"enemies":"The Mushroom Lair","floor":10,"turns":5},{"damage":7,"enemies":"3 Louse","floor":12,"turns":2},{"damage":29,"enemies":"Lots of Slimes","floor":13,"turns":4},{"damage":35,"enemies":"Gremlin Gang","floor":14,"turns":5},{"damage":34,"enemies":"Hexaghost","floor":16,"turns":9},{"damage":7,"enemies":"Chosen","floor":18,"turns":6},{"damage":64,"enemies":"Spheric Guardian","floor":21,"turns":8},{"damage":28,"enemies":"Snake Plant","floor":24,"turns":3},{"damage":27,"enemies":"Slaver and Parasite","floor":27,"turns":6},{"damage":10,"enemies":"Centurion and Healer","floor":28,"turns":1}],"event_choices":[{"event_name":"Bonfire Elementals","player_choice":"COMMON","floor":8,"damage_taken":0},{"event_name":"Mushrooms","player_choice":"Fought Mushrooms","floor":10,"damage_taken":0},{"event_name":"Knowing Skull","player_choice":"GOLD ","floor":20,"damage_taken":0},{"event_name":"Addict","player_choice":"Obtained Relic","floor":22,"damage_taken":0}],"boss_relics":[{"not_picked":["Runic Pyramid","Lizard Tail"],"picked":"Question Card"}],"potions_floor_spawned":[1,10,13,14,27],"seed_played":"-2230281326589637356","killed_by":"Centurion and Healer","ascension_level":0,"is_trial":false}