{"path_per_floor":["M","?","?","$","M","E","M","E","T","R","E","?","M","M","R","B",null,"M","$","?","M","M","?","R","E","T","M","E","M","M","M","R","B",null,"M","$","?","?","M","E","M","E","T","?","R","?","M","?","R","B"],"character_chosen":"IRONCLAD","items_purchased":["Tiny Chest","Metallicize","Matryoshka","Bottled Lightning","Strength Potion"],"gold_per_floor":[110,185,185,2,13,48,59,89,114,114,147,206,220,233,233,337,337,351,21,21,35,49,49,49,77,102,115,143,156,175,195,195,300,300,311,11,11,59,75,101,112,144,217,0,0,0,13,13,13,13],"floor_reached":51,"campfire_rested":2,"playtime":2511,"current_hp_per_floor":[80,69,69,69,74,73,79,70,70,70,58,58,60,65,65,36,80,82,82,82,54,45,45,69,59,59,55,16,22,26,26,51,82,86,86,86,86,80,86,66,90,63,63,63,63,63,59,59,59,77],"items_purged":["Anger"],"gold":13,"score":749,"play_id":"3622da7b-3ffa-4241-ab2b-a16d4427c74d","is_prod":false,"is_daily":false,"is_ascension_mode":true,"campfire_upgraded":3,"path_taken":["M","?","?","$","?","E","M","E","T","R","E","?","M","M","R","BOSS","M","?","?","?","M","?","R","E","T","?","E","M","M","M","R","BOSS","M","$","?","?","M","E","?","E","T","?","R","?","?","?","R","BOSS"],"build_version":"2018-02-15-PROD1","purchased_purges":1,"victory":true,"master_deck":["Strike_R","Strike_R","Strike_R","Strike_R","Defend_R","Defend_R","Defend_R","Defend_R+1","Bash","Iron Wave","Metallicize+1","Sword Boomerang","Clash","Demon Form+1","Pummel","Armaments+1","Clothesline","Double Tap+1","Thunderclap","Metallicize","Pummel+1","Pummel+1","Dual Wield","Shockwave+1","Shrug It Off","Reaper+1","Heavy Blade+1","Sword Boomerang+1","Demon Form+1","Evolve+1","Flex"],"max_hp_per_floor":[80,80,80,80,80,80,80,80,80,80,80,80,80,80,80,80,80,82,82,82,82,82,82,82,82,82,84,84,84,86,86,86,86,86,86,86,86,86,86,88,90,90,90,90,90,90,90,90,90,90],"relics":["Black Blood","Oddly Smooth Stone","Tiny Chest","Singing Bowl","Happy Flower","Ancient Tea Set","Lantern","Velvet Choker","Matryoshka","Molten Egg 2","Pantograph","Bag of Preparation","Bag of Marbles","Bottled Lightning","Bird Faced Urn","Peace Pipe","Centennial Puzzle","War Paint","Shuriken","Red Mask","Art of War"],"card_choices":[{"not_picked":["True Grit","Combust"],"picked":"Iron Wave"},{"not_picked":["Iron Wave","Second Wind"],"picked":"Sword Boomerang"},{"not_picked":["Rampage","Havoc"],"picked":"Clash"},{"not_picked":["Corruption","Perfected Strike"],"picked":"Anger"},{"not_picked":["Iron Wave","Cleave"],"picked":"Demon Form"},{"not_picked":["Dual Wield","Bloodletting"],"picked":"Pummel"},{"not_picked":["Spot Weakness","Pommel Strike"],"picked":"Armaments"},{"not_picked":["Havoc","Pommel Strike"],"picked":"Clothesline"},{"not_picked":["Juggernaut","Brutality"],"picked":"Double Tap"},{"not_picked":["Iron Wave","Warcry"],"picked":"Metallicize"},{"not_picked":["Havoc","Heavy Blade"],"picked":"Pummel"},{"not_picked":["Pommel Strike","Armaments"],"picked":"Pummel"},{"not_picked":["Reckless Charge","Berserk"],"picked":"Dual Wield"},{"not_picked":["Anger","Sword Boomerang"],"picked":"Shockwave"},{"not_picked":["Thunderclap","Twin Strike"],"picked":"Shrug It Off"},{"not_picked":["Dark Embrace","Barricade"],"picked":"Reaper"},{"not_picked":["Sword Boomerang","Perfected Strike"],"picked":"Heavy Blade"},{"not_picked":["Body Slam","Clothesline"],"picked":"Sword Boomerang"},{"not_picked":["Anger","Clothesline"],"picked":"Demon Form"},{"not_picked":["Twin Strike","Wild Strike"],"picked":"Evolve"},{"not_picked":["Wild Strike","Feel No Pain"],"picked":"Flex"}],"player_experience":105832,"potions_floor_usage":[6,8,16,25,25,29,40,47,47],"damage_taken":[{"damage":3,"enemies":"2 Louse","floor":1,"turns":3},{"damage":1,"enemies":"Jaw Worm","floor":5,"turns":5},{"damage":7,"enemies":"3 Sentries","floor":6,"turns":7},{"damage":0,"enemies":"Cultist","floor":7,"turns":4},{"damage":15,"enemies":"Gremlin Nob","floor":8,"turns":4},{"damage":18,"enemies":"Lagavulin","floor":11,"turns":6},{"damage":4,"enemies":"Looter","floor":13,"turns":2},{"damage":1,"enemies":"Red Slaver","floor":14,"turns":2},{"damage":35,"enemies":"Slime Boss","floor":16,"turns":7},{"damage":6,"enemies":"3 Byrds","floor":18,"turns":6},{"damage":34,"enemies":"Chosen","floor":21,"turns":6},{"damage":15,"enemies":"Snake Plant","floor":22,"turns":4},{"damage":31,"enemies":"Gremlin Leader","floor":25,"turns":6},{"damage":12,"enemies":"Centurion and Healer","floor":27,"turns":4},{"damage":45,"enemies":"Slavers","floor":28,"turns":4},{"damage":0,"enemies":"Sentry and Sphere","floor":29,"turns":3},{"damage":4,"enemies":"Snake Plant","floor":30,"turns":3},{"damage":6,"enemies":"3 Cultists","floor":31,"turns":5},{"damage":0,"enemies":"Champ","floor":33,"turns":6},{"damage":5,"enemies":"Orb Walker","floor":35,"turns":4},{"damage":39,"enemies":"Mysterious Sphere","floor":38,"turns":7},{"damage":24,"enemies":"3 Darklings","floor":39,"turns":8},{"damage":57,"enemies":"Giant Head","floor":40,"turns":7},{"damage":32,"enemies":"4 Shapes","floor":41,"turns":7},{"damage":39,"enemies":"Nemesis","floor":42,"turns":7},{"damage":40,"enemies":"Sphere and 2 Shapes","floor":47,"turns":11},{"damage":50,"enemies":"Time Eater","floor":50,"turns":4}],"event_choices":[{"event_name":"World of Goop","player_choice":"Gather Gold","floor":2,"damage_taken":0},{"event_name":"The Lab","player_choice":"Got Potions","floor":3,"damage_taken":0},{"event_name":"Golden Wing","player_choice":"Gained Gold","floor":12,"damage_taken":0},{"event_name":"The Library","player_choice":"Read","floor":20,"damage_taken":0},{"event_name":"Back to Basics","player_choice":"Elegance","floor":23,"damage_taken":0},{"event_name":"Wheel of Change","player_choice":"Full Heal","floor":37,"damage_taken":0},{"event_name":"Mysterious Sphere","player_choice":"Fight","floor":38,"damage_taken":0},{"event_name":"Tomb of Lord Red Mask","player_choice":"Paid","floor":44,"damage_taken":0},{"event_name":"Accursed Blacksmith","player_choice":"Rummage","floor":46,"damage_taken":0},{"event_name":"Upgrade Shrine","player_choice":"Upgraded","floor":48,"damage_taken":0}],"boss_relics":[{"not_picked":["Sozu","Tiny House"],"picked":"Velvet Choker"},{"not_picked":["Orrery","Mark of Pain"],"picked":"Black Blood"}],"potions_floor_spawned":[5,6,13,14,22,25,30,31,33,38,40,42],"seed_played":"3647440142580591136","ascension_level":1,"is_trial":false}