{"gold_per_floor":[115,132,132,144,144,179,179,213,213,233,233,233,249,283,283,356,356,376,48,66,66,66,91,91,125,125,155,155,1,1,20,20,20],"floor_reached":33,"playtime":1534,"items_purged":["Strike_R","Bite"],"score":667,"play_id":"99da2737-c0b4-41ac-8191-d4680c8525b5","local_time":"20181215111904","is_ascension_mode":true,"campfire_choices":[{"data":"Iron Wave","floor":7,"key":"SMITH"},{"data":"Corruption","floor":12,"key":"SMITH"},{"data":"Fiend Fire","floor":15,"key":"SMITH"},{"data":"Juggernaut","floor":28,"key":"SMITH"},{"floor":32,"key":"REST"}],"neow_cost":"NONE","seed_source_timestamp":1811709163514783,"circlet_count":0,"master_deck":["AscendersBane","Defend_R","Defend_R","Defend_R","Defend_R","Bash+1","Iron Wave+1","Combust+1","Clash","Twin Strike","Infernal Blade","Corruption+1","Fiend Fire+1","Juggernaut+1","Flame Barrier","Bite","Bite","Bite","Bite","Spot Weakness+1","Burning Pact","Evolve+1","Sentinel","Metallicize+1","Disarm+1","Spot Weakness"],"relics":["Burning Blood","Dream Catcher","Charon\u0027s Ashes","Ornamental Fan","Calipers","Snecko Eye","Membership Card","Frozen Egg 2","Kunai","Pear"],"potions_floor_usage":[8,18,18,25,25,27,33,33],"damage_taken":[{"damage":3,"enemies":"2 Louse","floor":1,"turns":4},{"damage":1,"enemies":"Small Slimes","floor":2,"turns":4},{"damage":9,"enemies":"Jaw Worm","floor":4,"turns":4},{"damage":19,"enemies":"3 Sentries","floor":6,"turns":5},{"damage":6,"enemies":"Gremlin Nob","floor":8,"turns":3},{"damage":11,"enemies":"3 Louse","floor":10,"turns":3},{"damage":2,"enemies":"Large Slime","floor":13,"turns":3},{"damage":28,"enemies":"3 Sentries","floor":14,"turns":6},{"damage":34,"enemies":"Hexaghost","floor":16,"turns":9},{"damage":0,"enemies":"2 Thieves","floor":18,"turns":2},{"damage":10,"enemies":"Shell Parasite","floor":20,"turns":2},{"damage":27,"enemies":"Gremlin Leader","floor":23,"turns":5},{"damage":34,"enemies":"Book of Stabbing","floor":25,"turns":4},{"damage":16,"enemies":"Slavers","floor":27,"turns":3},{"damage":4,"enemies":"Snecko","floor":31,"turns":3},{"damage":73,"enemies":"Collector","floor":33,"turns":6}],"seed_played":"-7341702982508731719","potions_obtained":[{"floor":2,"key":"Swift Potion"},{"floor":4,"key":"AttackPotion"},{"floor":14,"key":"FairyPotion"},{"floor":16,"key":"GamblersBrew"},{"floor":18,"key":"Regen Potion"},{"floor":25,"key":"Weak Potion"},{"floor":27,"key":"GamblersBrew"},{"floor":31,"key":"PowerPotion"}],"is_trial":false,"path_per_floor":["M","M","?","M","?","E","R","E","T","M","?","R","M","E","R","B",null,"M","$","M","?","?","E","?","E","T","E","R","$","?","M","R","B"],"character_chosen":"IRONCLAD","items_purchased":["Membership Card","Flame Barrier","PowerPotion","Sentinel","Metallicize+1","Strength Potion"],"campfire_rested":1,"item_purchase_floors":[19,19,19,29,29,29],"current_hp_per_floor":[71,75,75,72,72,59,59,59,59,54,54,54,58,36,36,8,58,64,64,60,52,52,40,40,28,28,30,30,30,30,40,58,0],"gold":20,"neow_bonus":"UPGRADE_CARD","is_prod":false,"is_daily":false,"chose_seed":false,"campfire_upgraded":4,"win_rate":0,"timestamp":1544890744,"path_taken":["M","M","?","M","?","E","R","E","T","M","?","R","?","E","R","BOSS","M","$","M","?","?","E","?","E","T","E","R","$","?","?","R","BOSS"],"build_version":"2018-12-13","purchased_purges":2,"victory":false,"max_hp_per_floor":[75,75,75,75,75,75,75,75,75,75,75,75,75,75,75,75,75,75,75,75,52,52,52,52,52,52,62,62,62,62,62,62,62],"card_choices":[{"not_picked":["Thunderclap","Searing Blow"],"picked":"Iron Wave","floor":1},{"not_picked":["Armaments","Headbutt"],"picked":"Combust","floor":2},{"not_picked":["Whirlwind","Havoc"],"picked":"Clash","floor":4},{"not_picked":["Reckless Charge","Armaments"],"picked":"Twin Strike","floor":6},{"not_picked":["Evolve","Barricade"],"picked":"Infernal Blade","floor":8},{"not_picked":["Body Slam","Burning Pact"],"picked":"Corruption","floor":10},{"not_picked":["Perfected Strike","Heavy Blade","Twin Strike"],"picked":"SKIP","floor":13},{"not_picked":["Blood for Blood","Shrug It Off"],"picked":"Fiend Fire","floor":14},{"not_picked":["Demon Form","Bludgeon"],"picked":"Juggernaut","floor":16},{"not_picked":["Fire Breathing","Clash","Headbutt"],"picked":"SKIP","floor":18},{"not_picked":["Twin Strike","Blood for Blood","Anger"],"picked":"SKIP","floor":20},{"not_picked":["Burning Pact","Twin Strike+1"],"picked":"Spot Weakness+1","floor":23},{"not_picked":["Flex","Corruption+1"],"picked":"Burning Pact","floor":25},{"not_picked":["Barricade+1","Flex"],"picked":"Evolve+1","floor":27},{"not_picked":["Clash","Power Through"],"picked":"Disarm+1","floor":31},{"not_picked":["Anger","Thunderclap+1"],"picked":"Spot Weakness","floor":32}],"player_experience":690599,"relics_obtained":[{"floor":6,"key":"Dream Catcher"},{"floor":8,"key":"Charon\u0027s Ashes"},{"floor":9,"key":"Ornamental Fan"},{"floor":14,"key":"Calipers"},{"floor":23,"key":"Frozen Egg 2"},{"floor":25,"key":"Kunai"},{"floor":27,"key":"Pear"}],"event_choices":[{"damage_healed":0,"gold_gain":0,"player_choice":"Ignored","damage_taken":0,"max_hp_gain":0,"max_hp_loss":0,"event_name":"Liars Game","floor":3,"gold_loss":0},{"damage_healed":0,"gold_gain":0,"player_choice":"Grow","damage_taken":0,"max_hp_gain":0,"max_hp_loss":0,"event_name":"Living Wall","floor":5,"gold_loss":0,"cards_upgraded":["Combust"]},{"damage_healed":0,"gold_gain":0,"player_choice":"Searched \u00270\u0027 times","damage_taken":0,"max_hp_gain":0,"max_hp_loss":0,"event_name":"Dead Adventurer","floor":11,"gold_loss":0},{"damage_healed":0,"gold_gain":0,"player_choice":"Became a vampire","damage_taken":0,"max_hp_gain":0,"max_hp_loss":23,"event_name":"Vampires","floor":21,"gold_loss":0,"cards_obtained":["Bite","Bite","Bite","Bite","Bite"]},{"damage_healed":0,"gold_gain":0,"player_choice":"Ignored","damage_taken":0,"max_hp_gain":0,"max_hp_loss":0,"event_name":"Ghosts","floor":24,"gold_loss":0},{"damage_healed":0,"gold_gain":0,"player_choice":"Ignored","damage_taken":0,"max_hp_gain":0,"max_hp_loss":0,"event_name":"Beggar","floor":30,"gold_loss":0}],"is_beta":false,"boss_relics":[{"not_picked":["Runic Cube","Philosopher\u0027s Stone"],"picked":"Snecko Eye"}],"items_purged_floors":[19,29],"is_endless":false,"potions_floor_spawned":[2,4,14,16,18,25,27,31],"killed_by":"Collector","ascension_level":20}