{"path_per_floor":["M","M","?","?","M","R","M","E","T","E","M","R","?","M","R"],"character_chosen":"THE_SILENT","items_purchased":[],"gold_per_floor":[115,132,132,132,143,143,153,181,181,214,232,232,232,246,246],"floor_reached":16,"campfire_rested":0,"playtime":899,"current_hp_per_floor":[68,67,67,53,53,53,53,33,33,32,31,31,31,31,31],"items_purged":[],"gold":246,"score":112,"play_id":"b14cd5a2-4f05-477b-9a12-e3a8367391dc","is_prod":false,"is_daily":false,"is_ascension_mode":false,"campfire_upgraded":3,"path_taken":["M","M","?","?","M","R","M","E","T","E","?","R","?","M","R","BOSS"],"build_version":"2018-02-08-PROD1","purchased_purges":0,"victory":false,"master_deck":["Defend_G","Defend_G","Defend_G","Defend_G","Strike_G","Strike_G","Strike_G+1","Strike_G","Strike_G","Survivor","Neutralize+1","Leg Sweep+1","Quick Slash","Slice","Blade Dance","After Image+1","Dagger Spray","Infinite Blades+1","Prepared"],"max_hp_per_floor":[70,70,70,70,70,70,70,70,70,70,70,70,70,70,70],"relics":["Ring of the Snake","Orichalcum","Torii","Gremlin Horn"],"card_choices":[{"not_picked":["Dagger Throw","Eviscerate"],"picked":"Leg Sweep"},{"not_picked":["Leg Sweep","Flechettes"],"picked":"Quick Slash"},{"not_picked":["Acrobatics","Poisoned Stab"],"picked":"Slice"},{"not_picked":["Caltrops","Skewer"],"picked":"Blade Dance"},{"not_picked":["Acrobatics","Footwork"],"picked":"After Image"},{"not_picked":["Slice","Flying Knee"],"picked":"Dagger Spray"},{"not_picked":["Quick Slash","Deflect"],"picked":"Infinite Blades"},{"not_picked":["Slice","Flechettes"],"picked":"Prepared"}],"player_experience":47567,"potions_floor_usage":[10,16],"damage_taken":[{"damage":2,"enemies":"Blue Slaver","floor":1,"turns":5},{"damage":1,"enemies":"Small Slimes","floor":2,"turns":4},{"damage":0,"enemies":"2 Louse","floor":5,"turns":2},{"damage":0,"enemies":"Large Slime","floor":7,"turns":5},{"damage":20,"enemies":"3 Sentries","floor":8,"turns":10},{"damage":1,"enemies":"Lagavulin","floor":10,"turns":7},{"damage":1,"enemies":"3 Louse","floor":11,"turns":2},{"damage":0,"enemies":"Red Slaver","floor":14,"turns":5},{"damage":32,"enemies":"Slime Boss","floor":16,"turns":11}],"event_choices":[{"event_name":"Bonfire Elementals","player_choice":"BASIC","floor":3,"damage_taken":0},{"event_name":"Shining Light","player_choice":"Entered Light","floor":4,"damage_taken":0},{"event_name":"Golden Wing","player_choice":"Ignored","floor":13,"damage_taken":0}],"boss_relics":[],"potions_floor_spawned":[5,7,11],"seed_played":"7064132871461848157","killed_by":"Slime Boss","ascension_level":0,"is_trial":false}