{"gold_per_floor":[111,131,131,101,120,120,137,63,90,155,174,174,174],"floor_reached":13,"playtime":511,"items_purged":[],"score":166,"play_id":"2183d3f1-705c-4c9c-9660-02d58e679816","local_time":"20190221130246","is_ascension_mode":true,"campfire_choices":[{"data":"Barricade","floor":6,"key":"SMITH"}],"neow_cost":"NONE","seed_source_timestamp":1271546958946,"circlet_count":0,"master_deck":["AscendersBane","Strike_R","Strike_R","Strike_R","Strike_R","Defend_R","Defend_R","Defend_R","Defend_R","Bash","Offering","Shockwave","Barricade+1","Iron Wave","Warcry","Burning Pact","True Grit","Corruption","Body Slam"],"relics":["Burning Blood","Juzu Bracelet","Tiny Chest"],"potions_floor_usage":[10,13],"damage_taken":[{"damage":15,"enemies":"Jaw Worm","floor":1,"turns":4},{"damage":6,"enemies":"Cultist","floor":2,"turns":3},{"damage":4,"enemies":"Small Slimes","floor":5,"turns":4},{"damage":6,"enemies":"Looter","floor":7,"turns":5},{"damage":16,"enemies":"Lagavulin","floor":10,"turns":11},{"damage":13,"enemies":"2 Fungi Beasts","floor":11,"turns":4},{"damage":51,"enemies":"3 Sentries","floor":13,"turns":8}],"seed_played":"4361371657165208598","potions_obtained":[{"floor":2,"key":"EssenceOfSteel"},{"floor":5,"key":"Weak Potion"},{"floor":11,"key":"Regen Potion"}],"is_trial":false,"path_per_floor":["M","M","?","$","M","R","M","$","T","E","M","?","E"],"character_chosen":"IRONCLAD","items_purchased":["Warcry","Corruption"],"campfire_rested":0,"item_purchase_floors":[4,8],"current_hp_per_floor":[59,59,59,59,61,61,61,61,61,51,44,44,8],"gold":174,"neow_bonus":"ONE_RANDOM_RARE_CARD","is_prod":false,"is_daily":false,"chose_seed":false,"campfire_upgraded":1,"win_rate":0,"timestamp":1550772166,"path_taken":["M","M","?","$","M","R","M","?","T","E","M","?","E"],"build_version":"2019-01-23","purchased_purges":0,"victory":false,"max_hp_per_floor":[75,75,75,75,75,75,75,75,75,75,75,75,75],"card_choices":[{"not_picked":["Iron Wave","Clothesline"],"picked":"Shockwave","floor":1},{"not_picked":["Perfected Strike","Spot Weakness"],"picked":"Barricade","floor":2},{"not_picked":["Sentinel","Headbutt"],"picked":"Burning Pact","floor":5},{"not_picked":["Anger","Brutality"],"picked":"True Grit","floor":7},{"not_picked":["Pummel","Clash"],"picked":"Body Slam","floor":10},{"not_picked":["Fire Breathing","Wild Strike","Clash"],"picked":"SKIP","floor":11}],"player_experience":319994,"relics_obtained":[{"floor":9,"key":"Juzu Bracelet"},{"floor":10,"key":"Tiny Chest"}],"event_choices":[{"damage_healed":0,"gold_gain":0,"cards_transformed":["Strike_R"],"player_choice":"Transformed","damage_taken":0,"max_hp_gain":0,"max_hp_loss":0,"event_name":"Transmorgrifier","floor":3,"gold_loss":0,"cards_obtained":["Iron Wave"]},{"damage_healed":0,"gold_gain":0,"player_choice":"Ignored","damage_taken":0,"max_hp_gain":0,"max_hp_loss":0,"event_name":"Liars Game","floor":12,"gold_loss":0}],"is_beta":false,"boss_relics":[],"items_purged_floors":[],"is_endless":false,"potions_floor_spawned":[2,5,11],"killed_by":"3 Sentries","ascension_level":19}