{"gold_per_floor":[116,116,140,164,180,216,232,232,232,407,44,85,115,131,131,262,300,318,318,318,62,82,116,116,159,159,159,180,200,200,240,240,369,369,389,119,119,119,1,1,26,26,79,112,126,140,164,185,185,185],"floor_reached":51,"playtime":2098,"items_purged":["Doubt","Strike_B","Strike_B"],"score":1120,"play_id":"664afaee-d02e-42cb-b061-32f3c6c413cc","local_time":"20180705002812","is_ascension_mode":true,"campfire_choices":[{"data":"Sunder","floor":8,"key":"SMITH"},{"floor":15,"key":"REST"},{"floor":24,"key":"REST"},{"data":"Hologram","floor":27,"key":"SMITH"},{"floor":32,"key":"REST"},{"data":"Double Energy","floor":40,"key":"SMITH"},{"data":"Coolheaded","floor":42,"key":"SMITH"},{"floor":49,"key":"REST"}],"neow_cost":"TEN_PERCENT_HP_LOSS","seed_source_timestamp":886247897803585,"circlet_count":0,"master_deck":["Strike_B","Defend_B","Defend_B","Zap+1","Dualcast","Coolheaded+1","Conserve Battery","Conserve Battery","Sunder+1","Hologram+1","Loop+1","Static Discharge+1","Biased Cognition+1","Loop+1","Storm+1","Double Energy+1","Buffer+1","Auto Shields","Creative AI+1","White Noise+1","Heatsinks+1","Core Surge","Defragment+1","Defragment+1","Static Discharge+1","Undo+1","Defragment+1"],"relics":["Cracked Core","Golden Idol","Bottled Lightning","Anchor","Frozen Egg 2","Oddly Smooth Stone","Odd Mushroom","Tiny House","Spirit Poop","Meat on the Bone","Mummified Hand","Potion Belt","Smiling Mask","Dream Catcher","Busted Crown","Blood Vial","Toxic Egg 2","Juzu Bracelet","Pear"],"potions_floor_usage":[6,6,23,29,31,31,31,33,33,33,33,35,35,50,50,50],"damage_taken":[{"damage":6,"enemies":"2 Louse","floor":1,"turns":3},{"damage":0,"enemies":"Small Slimes","floor":3,"turns":4},{"damage":0,"enemies":"Jaw Worm","floor":4,"turns":4},{"damage":9,"enemies":"Red Slaver","floor":5,"turns":4},{"damage":19,"enemies":"Gremlin Nob","floor":6,"turns":4},{"damage":0,"enemies":"3 Louse","floor":7,"turns":2},{"damage":9,"enemies":"Lagavulin","floor":12,"turns":7},{"damage":2,"floor":13,"turns":4},{"damage":0,"enemies":"Blue Slaver","floor":14,"turns":2},{"damage":17,"enemies":"The Guardian","floor":16,"turns":8},{"damage":6,"enemies":"Spheric Guardian","floor":18,"turns":3},{"damage":16,"enemies":"Shell Parasite","floor":22,"turns":4},{"damage":35,"enemies":"Slavers","floor":23,"turns":4},{"damage":21,"enemies":"Gremlin Leader","floor":25,"turns":4},{"damage":0,"enemies":"Cultist and Chosen","floor":28,"turns":5},{"damage":9,"enemies":"Chosen and Byrds","floor":29,"turns":5},{"damage":23,"enemies":"Slavers","floor":31,"turns":3},{"damage":0,"enemies":"Automaton","floor":33,"turns":8},{"damage":9,"enemies":"3 Darklings","floor":35,"turns":3},{"damage":13,"enemies":"3 Shapes","floor":41,"turns":3},{"damage":4,"enemies":"2 Orb Walkers","floor":44,"turns":2},{"damage":0,"enemies":"Maw","floor":45,"turns":3},{"damage":0,"enemies":"4 Shapes","floor":46,"turns":3},{"damage":13,"enemies":"3 Darklings","floor":47,"turns":3},{"damage":21,"enemies":"Maw","floor":48,"turns":4},{"damage":45,"enemies":"Awakened One","floor":50,"turns":6}],"seed_played":"-407246820176400561","potions_obtained":[{"floor":4,"key":"SkillPotion"},{"floor":5,"key":"SkillPotion"},{"floor":6,"key":"Dexterity Potion"},{"floor":7,"key":"Regen Potion"},{"floor":14,"key":"EntropicBrew"},{"floor":17,"key":"SmokeBomb"},{"floor":28,"key":"Block Potion"},{"floor":29,"key":"EntropicBrew"},{"floor":41,"key":"GamblersBrew"},{"floor":44,"key":"Weak Potion"},{"floor":45,"key":"SpeedPotion"},{"floor":47,"key":"PowerPotion"}],"is_trial":false,"path_per_floor":["M","?","M","M","M","E","M","R","T","?","$","E","?","M","R","B",null,"M","?","?","$","M","E","R","E","T","R","M","M","?","E","R","B",null,"M","$","T","?","$","R","M","R","T","E","M","M","M","M","R","B"],"character_chosen":"DEFECT","items_purchased":["Frozen Egg 2","Loop","Meat on the Bone","Defragment+1","Blood Vial","Defragment+1"],"campfire_rested":4,"item_purchase_floors":[11,11,21,36,36,39],"current_hp_per_floor":[62,62,62,62,53,34,34,34,34,34,34,25,23,23,43,26,63,57,57,57,57,41,18,39,30,30,30,42,45,45,34,55,70,72,63,63,63,63,63,63,52,52,52,60,62,64,60,60,83,50],"gold":185,"neow_bonus":"REMOVE_TWO","is_prod":false,"is_daily":false,"chose_seed":false,"campfire_upgraded":4,"win_rate":0,"timestamp":1530768492,"path_taken":["M","?","?","M","M","E","M","R","T","?","$","E","?","?","R","BOSS","M","?","?","$","?","E","R","E","T","R","M","?","?","E","R","BOSS","M","$","?","?","?","R","?","R","T","E","M","M","M","M","R","BOSS"],"build_version":"2018-06-28","purchased_purges":3,"victory":true,"max_hp_per_floor":[68,68,68,68,68,68,68,68,68,68,68,68,68,68,68,68,73,73,73,73,73,73,73,73,73,73,73,73,73,73,73,73,73,73,73,73,73,73,73,73,73,73,73,83,83,83,83,83,83,83],"card_choices":[{"not_picked":["Redo","Skim"],"picked":"Coolheaded","floor":1},{"not_picked":["Double Energy","Leap"],"picked":"Conserve Battery","floor":3},{"not_picked":["Gash","Steam Power"],"picked":"Conserve Battery","floor":4},{"not_picked":["Beam Cell","Chaos"],"picked":"Sunder","floor":5},{"not_picked":["Blizzard","Scrape"],"picked":"Ball Lightning","floor":6},{"not_picked":["Cold Snap","Rip and Tear"],"picked":"Hologram","floor":7},{"not_picked":["All For One","Beam Cell","Leap"],"picked":"SKIP","floor":12},{"not_picked":["Conserve Battery","Go for the Eyes"],"picked":"Static Discharge+1","floor":13},{"not_picked":["Hologram","Conserve Battery","Aggregate"],"picked":"SKIP","floor":14},{"not_picked":["Reboot","Fission"],"picked":"Biased Cognition+1","floor":16},{"not_picked":["Stack","Compile Driver"],"picked":"Loop+1","floor":18},{"not_picked":["Steam","Coolheaded+1"],"picked":"Storm+1","floor":22},{"not_picked":["Ball Lightning","Steam"],"picked":"Double Energy","floor":23},{"not_picked":["Recycle","Gash+1"],"picked":"Buffer+1","floor":25},{"not_picked":["Hologram","Stack"],"picked":"Auto Shields","floor":28},{"not_picked":["Beam Cell","Compile Driver","Reinforced Body"],"picked":"SKIP","floor":29},{"not_picked":["Barrage+1","Hyperbeam"],"picked":"White Noise+1","floor":31},{"not_picked":["Barrage","BootSequence"],"picked":"Heatsinks+1","floor":32},{"not_picked":["Reboot","Rainbow"],"picked":"Core Surge","floor":33},{"not_picked":["Compile Driver"],"picked":"SKIP","floor":35},{"not_picked":[],"picked":"Static Discharge+1","floor":41},{"not_picked":[],"picked":"Undo+1","floor":44},{"not_picked":["Leap+1"],"picked":"SKIP","floor":45},{"not_picked":["Melter+1"],"picked":"SKIP","floor":46},{"not_picked":["Ball Lightning"],"picked":"SKIP","floor":47},{"not_picked":["Rip and Tear+1"],"picked":"SKIP","floor":48},{"not_picked":[],"picked":"Defragment+1","floor":49}],"player_experience":420179,"relics_obtained":[{"floor":6,"key":"Bottled Lightning"},{"floor":9,"key":"Anchor"},{"floor":12,"key":"Oddly Smooth Stone"},{"floor":13,"key":"Odd Mushroom"},{"floor":23,"key":"Mummified Hand"},{"floor":25,"key":"Potion Belt"},{"floor":26,"key":"Smiling Mask"},{"floor":31,"key":"Dream Catcher"},{"floor":37,"key":"Toxic Egg 2"},{"floor":43,"key":"Juzu Bracelet"},{"floor":44,"key":"Pear"}],"event_choices":[{"event_name":"Golden Idol","player_choice":"Take Wound","floor":2,"damage_taken":0},{"event_name":"Liars Game","player_choice":"agreed","floor":10,"damage_taken":0},{"event_name":"Mushrooms","player_choice":"Fought Mushrooms","floor":13,"damage_taken":0},{"event_name":"Ghosts","player_choice":"Ignored","floor":19,"damage_taken":0},{"event_name":"Bonfire Elementals","player_choice":"CURSE","floor":20,"damage_taken":0},{"event_name":"Transmorgrifier","player_choice":"Transform","floor":30,"damage_taken":0},{"event_name":"Falling","player_choice":"Removed Attack","floor":38,"damage_taken":0}],"boss_relics":[{"not_picked":["White Beast Statue","Ectoplasm"],"picked":"Tiny House"},{"not_picked":["Orrery","Sozu"],"picked":"Busted Crown"}],"items_purged_floors":[11,36,39],"is_endless":false,"potions_floor_spawned":[4,5,6,7,14,16,18,28,29,41,44,45,47,48],"ascension_level":8}