{"gold_per_floor":[117,129,204,258,6,6,20,20,45,45,45,66,66,86,86,209,209,234,258,183,107,107],"floor_reached":22,"playtime":671,"items_purged":[],"score":244,"play_id":"49e2c246-450f-40c2-bee8-f09041f21ff6","local_time":"20190203215116","is_ascension_mode":true,"campfire_choices":[{"data":"Berserk","floor":6,"key":"SMITH"},{"data":"Bash","floor":8,"key":"SMITH"},{"data":"Pommel Strike","floor":11,"key":"SMITH"},{"floor":15,"key":"REST"}],"neow_cost":"NONE","seed_source_timestamp":949909802463270,"circlet_count":0,"master_deck":["Strike_R","Strike_R","Strike_R","Defend_R","Defend_R","Defend_R","Defend_R","Bash+1","Berserk+1","Pommel Strike+1","Iron Wave","Pummel","Pummel","Battle Trance","Limit Break","Sword Boomerang+1","Inflame","Blood for Blood"],"special_seed":0,"relics":["Burning Blood","Juzu Bracelet","Shuriken","Potion Belt","Golden Idol","Black Star"],"potions_floor_usage":[16],"damage_taken":[{"damage":4,"enemies":"Cultist","floor":1,"turns":3},{"damage":0,"enemies":"Small Slimes","floor":2,"turns":3},{"damage":7,"enemies":"Jaw Worm","floor":7,"turns":3},{"damage":4,"enemies":"Exordium Wildlife","floor":12,"turns":3},{"damage":9,"enemies":"2 Fungi Beasts","floor":14,"turns":2},{"damage":51,"enemies":"Hexaghost","floor":16,"turns":8},{"damage":55,"enemies":"Shell Parasite","floor":18,"turns":8},{"damage":12,"enemies":"Chosen","floor":19,"turns":3},{"damage":16,"enemies":"Snake Plant","floor":22,"turns":1}],"seed_played":"550421371158088501","potions_obtained":[{"floor":1,"key":"GamblersBrew"},{"floor":14,"key":"AttackPotion"},{"floor":16,"key":"Fire Potion"}],"is_trial":false,"path_per_floor":["M","M","?","T","$","R","M","R","T","?","R","M","?","M","R","B",null,"M","M","?","$","M"],"character_chosen":"IRONCLAD","items_purchased":["Shuriken","Blood for Blood"],"campfire_rested":1,"item_purchase_floors":[5,21],"current_hp_per_floor":[74,80,69,69,69,69,68,68,68,48,48,50,50,47,71,26,67,18,12,12,12,0],"gold":107,"neow_bonus":"ONE_RANDOM_RARE_CARD","is_prod":false,"is_daily":false,"chose_seed":false,"campfire_upgraded":3,"win_rate":0,"timestamp":1549205476,"path_taken":["M","?","?","?","?","R","M","R","T","?","R","M","?","M","R","BOSS","M","M","?","$","M"],"build_version":"2019-01-23","purchased_purges":0,"victory":false,"max_hp_per_floor":[80,80,80,80,80,80,80,80,80,80,80,80,80,80,80,80,80,80,80,80,80,80],"card_choices":[{"not_picked":["Armaments","Twin Strike"],"picked":"Pommel Strike","floor":1},{"not_picked":["Sword Boomerang","Warcry"],"picked":"Iron Wave","floor":2},{"not_picked":["Havoc","Dual Wield","Corruption"],"picked":"SKIP","floor":7},{"not_picked":["Rampage","Sever Soul"],"picked":"Pummel","floor":12},{"not_picked":["Hemokinesis","Flex"],"picked":"Battle Trance","floor":14},{"not_picked":["Juggernaut","Impervious"],"picked":"Limit Break","floor":16},{"not_picked":["Rampage","Thunderclap"],"picked":"Sword Boomerang+1","floor":18},{"not_picked":["Thunderclap","Heavy Blade"],"picked":"Inflame","floor":19}],"player_experience":317758,"relics_obtained":[{"floor":4,"key":"Juzu Bracelet"},{"floor":9,"key":"Potion Belt"}],"event_choices":[{"damage_healed":0,"gold_gain":75,"player_choice":"Gather Gold","damage_taken":11,"max_hp_gain":0,"max_hp_loss":0,"event_name":"World of Goop","floor":3,"gold_loss":0},{"damage_healed":0,"gold_gain":0,"player_choice":"Take Damage","damage_taken":20,"relics_obtained":["Golden Idol"],"max_hp_gain":0,"max_hp_loss":0,"event_name":"Golden Idol","floor":10,"gold_loss":0},{"damage_healed":0,"gold_gain":0,"cards_transformed":["Strike_R"],"player_choice":"Change","damage_taken":0,"max_hp_gain":0,"max_hp_loss":0,"event_name":"Living Wall","floor":13,"gold_loss":0,"cards_obtained":["Pummel"]},{"cards_removed":["Strike_R"],"damage_healed":0,"gold_gain":0,"player_choice":"Gave Gold","damage_taken":0,"max_hp_gain":0,"max_hp_loss":0,"event_name":"Beggar","floor":20,"gold_loss":75}],"is_beta":false,"boss_relics":[{"not_picked":["Lizard Tail","Coffee Dripper"],"picked":"Black Star"}],"items_purged_floors":[],"is_endless":false,"potions_floor_spawned":[1,14,16],"killed_by":"Snake Plant","ascension_level":8}