{"gold_per_floor":[117,131,150,164,49,78,78,113,159,187,244,244,244],"floor_reached":13,"playtime":533,"items_purged":["Strike_R"],"score":206,"play_id":"6235861c-482c-4a92-842a-6265e1ae31cf","local_time":"20181213090241","is_ascension_mode":true,"campfire_choices":[{"floor":7,"key":"REST"}],"neow_cost":"NONE","seed_source_timestamp":1631730771243787,"circlet_count":0,"master_deck":["AscendersBane","Strike_R","Strike_R","Strike_R","Strike_R","Defend_R","Defend_R","Defend_R","Defend_R","Bash","Wild Strike","Armaments","Reckless Charge","Rampage","Feel No Pain","Intimidate","Inflame","Demon Form"],"relics":["Burning Blood","Shuriken","Self Forming Clay","Anchor","Blood Vial"],"potions_floor_usage":[8,8],"damage_taken":[{"damage":6,"enemies":"Cultist","floor":1,"turns":3},{"damage":7,"enemies":"Jaw Worm","floor":2,"turns":4},{"damage":4,"enemies":"2 Louse","floor":3,"turns":5},{"damage":25,"enemies":"Exordium Wildlife","floor":4,"turns":7},{"damage":24,"enemies":"3 Sentries","floor":6,"turns":11},{"damage":26,"enemies":"Gremlin Nob","floor":8,"turns":4},{"damage":20,"enemies":"3 Sentries","floor":10,"turns":12},{"damage":24,"enemies":"Lagavulin","floor":13,"turns":5}],"seed_played":"-8936727447627214233","potions_obtained":[{"floor":0,"key":"Poison Potion"},{"floor":0,"key":"Swift Potion"},{"floor":2,"key":"Poison Potion"}],"is_trial":false,"path_per_floor":["M","M","M","M","$","E","R","E","T","E","?","?","E"],"character_chosen":"IRONCLAD","items_purchased":["Feel No Pain"],"campfire_rested":1,"item_purchase_floors":[5],"current_hp_per_floor":[68,67,69,50,50,32,54,34,34,20,20,20,0],"gold":244,"neow_bonus":"THREE_SMALL_POTIONS","is_prod":false,"is_daily":false,"chose_seed":false,"campfire_upgraded":0,"win_rate":0,"timestamp":1544709761,"path_taken":["M","M","?","?","$","E","R","E","T","E","?","?","E"],"build_version":"2018-12-06","purchased_purges":1,"victory":false,"max_hp_per_floor":[75,75,75,75,75,75,75,75,75,75,75,75,75],"card_choices":[{"not_picked":["Thunderclap","Pummel"],"picked":"Wild Strike","floor":1},{"not_picked":["Thunderclap","Flex"],"picked":"Armaments","floor":2},{"not_picked":["Entrench","Havoc"],"picked":"Reckless Charge","floor":3},{"not_picked":["Iron Wave","Twin Strike"],"picked":"Rampage","floor":4},{"not_picked":["Flex","Exhume"],"picked":"Intimidate","floor":6},{"not_picked":["Twin Strike","Perfected Strike"],"picked":"Inflame","floor":8},{"not_picked":["True Grit","Heavy Blade"],"picked":"Demon Form","floor":10}],"player_experience":687508,"relics_obtained":[{"floor":6,"key":"Shuriken"},{"floor":8,"key":"Self Forming Clay"},{"floor":9,"key":"Anchor"},{"floor":10,"key":"Blood Vial"}],"event_choices":[{"damage_healed":0,"gold_gain":57,"player_choice":"Gained Gold","damage_taken":0,"max_hp_gain":0,"max_hp_loss":0,"event_name":"Golden Wing","floor":11,"gold_loss":0},{"damage_healed":0,"gold_gain":0,"player_choice":"Fled","damage_taken":0,"max_hp_gain":0,"max_hp_loss":0,"event_name":"Scrap Ooze","floor":12,"gold_loss":0}],"is_beta":false,"boss_relics":[],"items_purged_floors":[5],"is_endless":false,"potions_floor_spawned":[2,3],"killed_by":"Lagavulin","ascension_level":20}