{"path_per_floor":["M","?","M","M","M","E","M","M","T","R","M","M","R","$","R","B",null,"M","M","M","?","?","R","M","M","T","M","M","M","R","?","R","B",null,"M","M","$","M","M","R","?","M","T","M","R","$","R","M","R","B"],"character_chosen":"IRONCLAD","items_purchased":["War Paint","Body Slam","Metallicize"],"gold_per_floor":[113,113,128,148,168,193,212,230,254,254,264,277,277,59,59,155,155,172,191,205,205,130,130,143,157,157,171,189,207,207,307,307,402,402,420,433,286,297,314,314,367,386,435,450,450,250,250,268,268,268],"floor_reached":51,"campfire_rested":2,"playtime":4903,"current_hp_per_floor":[75,75,80,80,80,47,45,45,45,45,44,49,49,49,49,35,80,60,61,61,61,61,61,38,13,13,19,23,14,38,38,62,64,80,80,80,80,71,67,67,70,76,76,80,80,80,80,80,80,78],"items_purged":["Strike_R","Body Slam","Doubt"],"gold":268,"score":486,"play_id":"dfc4e323-d6fd-449b-8113-8910e9edbfe9","is_prod":false,"is_daily":false,"is_ascension_mode":false,"campfire_upgraded":8,"path_taken":["M","?","M","M","M","E","M","M","T","R","M","M","R","$","R","BOSS","M","M","M","?","?","R","M","M","T","M","M","?","R","?","R","BOSS","M","M","$","M","?","R","?","M","T","M","R","$","R","?","R","BOSS"],"build_version":"2018-02-15-PROD1","purchased_purges":3,"victory":true,"master_deck":["Strike_R","Strike_R","Strike_R","Defend_R","Defend_R+1","Defend_R","Defend_R","Bash","Spot Weakness","Barricade+1","Body Slam+1","Iron Wave","Ghostly Armor+1","Seeing Red","Armaments+1","Limit Break","Shrug It Off","Impervious+1","Entrench+1","Battle Trance+1","Headbutt+1","Shrug It Off","Impervious+1","Metallicize+1"],"max_hp_per_floor":[80,80,80,80,80,80,80,80,80,80,80,80,80,80,80,80,80,80,80,80,80,80,80,80,80,80,80,80,80,80,80,80,80,80,80,80,80,80,80,80,80,80,80,80,80,80,80,80,80,80],"relics":["Burning Blood","Dream Catcher","Orichalcum","Prayer Wheel","War Paint","Question Card","Oddly Smooth Stone","Cursed Key","Frozen Eye","Bronze Scales"],"card_choices":[{"not_picked":["Thunderclap","Armaments"],"picked":"Spot Weakness"},{"not_picked":["Sever Soul","Dual Wield"],"picked":"Barricade"},{"not_picked":["Second Wind","Inflame"],"picked":"Body Slam"},{"not_picked":["Power Through","Flex"],"picked":"Iron Wave"},{"not_picked":["Flame Barrier","Perfected Strike"],"picked":"Ghostly Armor"},{"not_picked":["Dropkick","Wild Strike"],"picked":"Seeing Red"},{"not_picked":["Feed","Thunderclap"],"picked":"Armaments"},{"not_picked":["Feed","Impervious"],"picked":"Limit Break"},{"not_picked":["True Grit","Rampage","Heavy Blade"],"picked":"Shrug It Off"},{"not_picked":["Shrug It Off","Fire Breathing","Headbutt"],"picked":"Impervious"},{"not_picked":["Spot Weakness","Wild Strike","Warcry"],"picked":"Battle Trance"},{"not_picked":["Cleave","Flame Barrier","Heavy Blade"],"picked":"Headbutt"},{"not_picked":["Corruption","Shockwave","Limit Break"],"picked":"Shrug It Off"},{"not_picked":["Evolve","Anger","Cleave"],"picked":"Impervious"}],"player_experience":205846,"potions_floor_usage":[5,6,20,20,20,48,50,50],"damage_taken":[{"damage":11,"enemies":"Jaw Worm","floor":1,"turns":6},{"damage":1,"enemies":"Cultist","floor":3,"turns":3},{"damage":3,"enemies":"Small Slimes","floor":4,"turns":3},{"damage":5,"enemies":"Looter","floor":5,"turns":2},{"damage":48,"enemies":"Lagavulin","floor":6,"turns":8},{"damage":8,"enemies":"Blue Slaver","floor":7,"turns":5},{"damage":6,"enemies":"Exordium Wildlife","floor":8,"turns":4},{"damage":7,"enemies":"3 Louse","floor":11,"turns":4},{"damage":1,"enemies":"Red Slaver","floor":12,"turns":6},{"damage":20,"enemies":"The Guardian","floor":16,"turns":13},{"damage":26,"enemies":"Spheric Guardian","floor":18,"turns":10},{"damage":5,"enemies":"Shell Parasite","floor":19,"turns":10},{"damage":21,"enemies":"3 Cultists","floor":20,"turns":8},{"damage":29,"enemies":"Snake Plant","floor":24,"turns":6},{"damage":31,"enemies":"Slaver and Parasite","floor":25,"turns":7},{"damage":0,"enemies":"Snecko","floor":27,"turns":26},{"damage":2,"enemies":"Centurion and Healer","floor":28,"turns":9},{"damage":15,"enemies":"Snake Plant","floor":29,"turns":6},{"damage":4,"enemies":"Champ","floor":33,"turns":11},{"damage":0,"enemies":"3 Darklings","floor":35,"turns":8},{"damage":0,"enemies":"3 Shapes","floor":36,"turns":7},{"damage":15,"enemies":"Maw","floor":38,"turns":6},{"damage":10,"enemies":"4 Shapes","floor":39,"turns":9},{"damage":3,"enemies":"Mysterious Sphere","floor":41,"turns":8},{"damage":0,"enemies":"Sphere and 2 Shapes","floor":42,"turns":6},{"damage":0,"enemies":"Maw","floor":44,"turns":7},{"damage":0,"enemies":"3 Darklings","floor":48,"turns":10},{"damage":8,"enemies":"Awakened One","floor":50,"turns":15}],"event_choices":[{"event_name":"The Lab","player_choice":"Got Potions","floor":2,"damage_taken":0},{"event_name":"The Library","player_choice":"Read","floor":21,"damage_taken":0},{"event_name":"Beggar","player_choice":"Gave Gold","floor":22,"damage_taken":0},{"event_name":"Golden Shrine","player_choice":"Pray","floor":31,"damage_taken":0},{"event_name":"Mysterious Sphere","player_choice":"Fight","floor":41,"damage_taken":0}],"boss_relics":[{"not_picked":["White Beast Statue","Philosopher\u0027s Stone"],"picked":"Question Card"},{"not_picked":["Eternal Feather","Runic Dome"],"picked":"Cursed Key"}],"potions_floor_spawned":[1,3,6,12,16,18,19,28,29,36,39,44],"seed_played":"-7311471937719665765","ascension_level":0,"is_trial":false}