{"gold_per_floor":[113,113,113,113,127,127,162,162,162,206,224,224],"floor_reached":12,"playtime":302,"items_purged":[],"score":154,"play_id":"b6faab1e-95b2-4acf-a70b-0bdf428dccea","local_time":"20180820181235","is_ascension_mode":true,"campfire_choices":[{"floor":6,"key":"REST"},{"floor":8,"key":"REST"}],"neow_cost":"TEN_PERCENT_HP_LOSS","seed_source_timestamp":692418189440279,"circlet_count":0,"master_deck":["Strike_R","Strike_R","Strike_R","Strike_R","Strike_R","Defend_R","Defend_R","Defend_R","Defend_R","Bash","AscendersBane","Cleave","Clothesline","Flame Barrier","Hemokinesis","Reckless Charge"],"relics":["Burning Blood","Torii","Golden Idol","Spirit Poop","Matryoshka","Turnip","Pear","Pantograph","Red Skull"],"potions_floor_usage":[],"damage_taken":[{"damage":0,"enemies":"Small Slimes","floor":1,"turns":3},{"damage":2,"enemies":"2 Louse","floor":5,"turns":3},{"damage":46,"enemies":"Lagavulin","floor":7,"turns":10},{"damage":20,"enemies":"Gremlin Nob","floor":10,"turns":5},{"damage":6,"enemies":"Cultist","floor":11,"turns":3},{"damage":23,"enemies":"3 Sentries","floor":12,"turns":5}],"seed_played":"1164672592973211781","potions_obtained":[{"floor":10,"key":"EssenceOfSteel"}],"is_trial":false,"path_per_floor":["M","?","?","?","M","R","E","R","T","E","M"],"character_chosen":"IRONCLAD","items_purchased":[],"campfire_rested":2,"item_purchase_floors":[],"current_hp_per_floor":[68,68,68,23,27,47,7,27,37,23,23,0],"gold":224,"neow_bonus":"ONE_RARE_RELIC","is_prod":false,"is_daily":false,"chose_seed":false,"campfire_upgraded":0,"win_rate":0,"timestamp":1534803155,"path_taken":["M","?","?","?","M","R","E","R","T","E","?","E"],"build_version":"2018-08-16","purchased_purges":0,"victory":false,"max_hp_per_floor":[68,68,68,68,68,68,68,68,78,78,78,78],"card_choices":[{"not_picked":["Perfected Strike","Anger"],"picked":"Cleave","floor":1},{"not_picked":["Warcry","Flex"],"picked":"Clothesline","floor":5},{"not_picked":["Evolve","Feel No Pain"],"picked":"Flame Barrier","floor":7},{"not_picked":["Shrug It Off","Infernal Blade"],"picked":"Hemokinesis","floor":10},{"not_picked":["Heavy Blade","Barricade"],"picked":"Reckless Charge","floor":11}],"player_experience":470630,"relics_obtained":[{"floor":7,"key":"Turnip"},{"floor":9,"key":"Pear"},{"floor":9,"key":"Pantograph"},{"floor":10,"key":"Red Skull"}],"event_choices":[{"event_name":"Golden Idol","player_choice":"Take Wound","floor":2,"damage_taken":0},{"event_name":"Bonfire Elementals","player_choice":"CURSE","floor":3,"damage_taken":0},{"event_name":"Scrap Ooze","player_choice":"success","floor":4,"damage_taken":45}],"is_beta":false,"boss_relics":[],"items_purged_floors":[],"is_endless":false,"potions_floor_spawned":[10],"killed_by":"3 Sentries","ascension_level":16}