{"gold_per_floor":[110,38,52,65,140,175,175,191,262,287,287,287],"floor_reached":12,"playtime":343,"items_purged":[],"score":88,"play_id":"682291db-b35f-43e9-b63f-1e76e4b57dc2","local_time":"20190204122427","is_ascension_mode":false,"campfire_choices":[{"floor":7,"key":"REST"}],"neow_cost":"NONE","seed_source_timestamp":548540140818099,"circlet_count":0,"master_deck":["Defend_G","Defend_G","Defend_G","Defend_G","Defend_G","Strike_G","Strike_G","Strike_G","Strike_G","Strike_G+1","Survivor","Neutralize","Well Laid Plans","Crippling Poison+1","Bane","Footwork"],"relics":["Ring of the Snake","NeowsBlessing","Peace Pipe","PreservedInsect"],"potions_floor_usage":[10],"damage_taken":[{"damage":0,"enemies":"Cultist","floor":1,"turns":1},{"damage":0,"enemies":"Jaw Worm","floor":3,"turns":1},{"damage":0,"enemies":"Small Slimes","floor":4,"turns":1},{"damage":32,"enemies":"Gremlin Nob","floor":6,"turns":5},{"damage":2,"enemies":"Blue Slaver","floor":8,"turns":5},{"damage":28,"enemies":"Lagavulin","floor":10,"turns":10},{"damage":10,"enemies":"Exordium Thugs","floor":12,"turns":1}],"seed_played":"3268205967746982786","potions_obtained":[{"floor":1,"key":"Poison Potion"},{"floor":4,"key":"Explosive Potion"}],"is_trial":false,"path_per_floor":["M","$","M","M","?","E","R","M","T","E","?","M"],"character_chosen":"THE_SILENT","items_purchased":["Crippling Poison"],"campfire_rested":1,"item_purchase_floors":[2],"current_hp_per_floor":[70,70,70,70,59,27,48,46,46,18,4,0],"gold":287,"neow_bonus":"THREE_ENEMY_KILL","is_prod":false,"is_daily":false,"chose_seed":false,"campfire_upgraded":0,"win_rate":0,"timestamp":1549279467,"path_taken":["M","?","?","M","?","E","R","M","T","E","?","M"],"build_version":"2019-01-23","purchased_purges":0,"victory":false,"max_hp_per_floor":[70,70,70,70,70,70,70,70,70,70,70,70],"card_choices":[{"not_picked":["Flying Knee","Quick Slash"],"picked":"Well Laid Plans","floor":1},{"not_picked":["PiercingWail","Skewer"],"picked":"Bane","floor":3},{"not_picked":["Prepared","Eviscerate"],"picked":"Footwork","floor":4},{"not_picked":["Choke","Acrobatics","Sucker Punch"],"picked":"SKIP","floor":6},{"not_picked":["Underhanded Strike","Concentrate","PiercingWail"],"picked":"SKIP","floor":8},{"not_picked":["Sucker Punch","Dash","PiercingWail"],"picked":"SKIP","floor":10}],"player_experience":175439,"relics_obtained":[{"floor":6,"key":"Peace Pipe"},{"floor":10,"key":"PreservedInsect"}],"event_choices":[{"damage_healed":0,"gold_gain":75,"player_choice":"Gather Gold","damage_taken":11,"max_hp_gain":0,"max_hp_loss":0,"event_name":"World of Goop","floor":5,"gold_loss":0},{"damage_healed":0,"gold_gain":0,"player_choice":"Entered Light","damage_taken":14,"max_hp_gain":0,"max_hp_loss":0,"event_name":"Shining Light","floor":11,"gold_loss":0,"cards_upgraded":["Crippling Poison","Strike_G"]}],"is_beta":true,"boss_relics":[],"items_purged_floors":[],"is_endless":false,"potions_floor_spawned":[1,4],"killed_by":"Exordium Thugs","ascension_level":0}