{"gold_per_floor":[115,115,115,65,65,98,98,110,137,137,28,28,28,43,43,141,141,156,156,156,156,156,220,234,234,234,249,249,266,277,64,64,169,169,188,188,188,188,204,204,204],"floor_reached":41,"playtime":1122,"items_purged":["Defend_B"],"score":658,"play_id":"80ab96cd-8017-4634-9d88-a35e4b2a6efd","local_time":"20180709235959","is_ascension_mode":true,"campfire_choices":[{"floor":7,"key":"REST"},{"data":"Zap","floor":10,"key":"SMITH"},{"data":"Defragment","floor":12,"key":"SMITH"},{"floor":15,"key":"REST"},{"data":"Storm","floor":25,"key":"SMITH"},{"data":"Rainbow","floor":28,"key":"SMITH"},{"floor":32,"key":"REST"},{"data":"Storm","floor":40,"key":"SMITH"}],"neow_cost":"NONE","seed_source_timestamp":1317530786262912,"circlet_count":0,"master_deck":["Defend_B","Defend_B","Zap+1","AscendersBane","Thunder Strike+1","Ball Lightning+1","Rainbow+1","BootSequence","Auto Shields","Defragment+1","Echo Form","Fusion+1","Machine Learning+1","Reboot+1","Storm+1","Defragment+1","Ghostly","Ghostly","Ghostly","Ghostly","Ghostly","Sunder","Ball Lightning","Storm+1","Loop+1","Self Repair","Fission","Writhe"],"relics":["Cracked Core","Bronze Scales","Anchor","DataDisk","Astrolabe","Tiny Chest","Blue Candle","Whetstone","Busted Crown"],"potions_floor_usage":[],"damage_taken":[{"damage":15,"enemies":"2 Louse","floor":1,"turns":3},{"damage":36,"enemies":"Gremlin Nob","floor":6,"turns":4},{"damage":2,"enemies":"Small Slimes","floor":8,"turns":3},{"damage":0,"enemies":"Cultist","floor":14,"turns":3},{"damage":19,"enemies":"The Guardian","floor":16,"turns":7},{"damage":3,"enemies":"Spheric Guardian","floor":18,"turns":3},{"damage":4,"enemies":"Gremlin Leader","floor":23,"turns":6},{"damage":0,"enemies":"Chosen","floor":24,"turns":3},{"damage":3,"enemies":"Centurion and Healer","floor":27,"turns":5},{"damage":1,"enemies":"Snecko","floor":29,"turns":4},{"damage":1,"enemies":"Cultist and Chosen","floor":30,"turns":5},{"damage":19,"enemies":"Automaton","floor":33,"turns":7},{"damage":2,"enemies":"3 Shapes","floor":35,"turns":3},{"damage":3,"enemies":"Orb Walker","floor":39,"turns":3},{"damage":42,"enemies":"4 Shapes","floor":41,"turns":3}],"seed_played":"-7582547712570239681","potions_obtained":[{"floor":6,"key":"Dexterity Potion"},{"floor":8,"key":"Strength Potion"},{"floor":14,"key":"EssenceOfSteel"},{"floor":21,"key":"SteroidPotion"},{"floor":27,"key":"SteroidPotion"}],"is_trial":false,"path_per_floor":["M","?","?","?","?","E","R","M","T","R","$","R","?","M","R","B",null,"M","?","?","?","?","E","M","R","T","M","R","M","M","$","R","B",null,"M","?","$","?","M","R"],"character_chosen":"DEFECT","items_purchased":["Defragment","Self Repair","Whetstone"],"campfire_rested":3,"item_purchase_floors":[11,31,31],"current_hp_per_floor":[53,53,53,53,46,10,32,30,30,30,30,30,5,5,27,8,58,55,55,37,37,37,33,33,33,33,30,30,29,28,28,37,18,32,30,30,30,37,34,34,0],"gold":204,"neow_bonus":"ONE_RANDOM_RARE_CARD","is_prod":false,"is_daily":false,"chose_seed":false,"campfire_upgraded":5,"win_rate":0,"timestamp":1531198799,"path_taken":["M","?","?","?","?","E","R","?","T","R","?","R","?","M","R","BOSS","M","?","?","?","?","E","M","R","T","?","R","M","?","?","R","BOSS","M","?","?","?","?","R","M"],"build_version":"2018-07-05","purchased_purges":1,"victory":false,"max_hp_per_floor":[75,75,75,75,75,75,75,75,75,75,75,75,75,75,75,75,75,75,75,37,37,37,37,37,37,37,37,37,37,37,37,37,37,37,37,37,37,37,37,37,37],"card_choices":[{"not_picked":["Conserve Battery","Scrape"],"picked":"Ball Lightning","floor":1},{"not_picked":["Cold Snap","Heatsinks"],"picked":"BootSequence","floor":6},{"not_picked":["Streamline","Scrape"],"picked":"Auto Shields","floor":8},{"not_picked":["Streamline","Stack","Go for the Eyes"],"picked":"SKIP","floor":14},{"not_picked":["Hyperbeam","Creative AI"],"picked":"Echo Form","floor":16},{"not_picked":["Genetic Algorithm+1","Redo"],"picked":"Storm","floor":18},{"not_picked":["Leap","Gash"],"picked":"Sunder","floor":23},{"not_picked":["Cold Snap","Barrage"],"picked":"Ball Lightning","floor":24},{"not_picked":["Coolheaded+1","Scrape","Redo"],"picked":"SKIP","floor":27},{"not_picked":["Recycle","Conserve Battery"],"picked":"Storm","floor":29},{"not_picked":["Gash+1","Compile Driver+1"],"picked":"Loop+1","floor":30},{"not_picked":["Multi-Cast","Meteor Strike"],"picked":"Fission","floor":33},{"not_picked":["Sweeping Beam"],"picked":"SKIP","floor":35},{"not_picked":["Auto Shields"],"picked":"SKIP","floor":39}],"player_experience":424674,"relics_obtained":[{"floor":6,"key":"Bronze Scales"},{"floor":9,"key":"Anchor"},{"floor":23,"key":"Tiny Chest"},{"floor":26,"key":"Blue Candle"}],"event_choices":[{"event_name":"Liars Game","player_choice":"disagreed","floor":2,"damage_taken":0},{"event_name":"Match and Keep!","player_choice":"1 cards matched","floor":3,"damage_taken":0},{"event_name":"The Cleric","player_choice":"Card Removal","floor":4,"damage_taken":0},{"event_name":"Golden Wing","player_choice":"Card Removal","floor":5,"damage_taken":0},{"event_name":"Scrap Ooze","player_choice":"success","floor":13,"damage_taken":25},{"event_name":"Duplicator","player_choice":"One dupe","floor":19,"damage_taken":0},{"event_name":"Ghosts","player_choice":"Became a Ghost","floor":20,"damage_taken":0},{"event_name":"The Lab","player_choice":"Got Potions","floor":21,"damage_taken":0},{"event_name":"The Woman in Blue","player_choice":"Bought 0 Potions","floor":22,"damage_taken":0},{"event_name":"Falling","player_choice":"Removed Skill","floor":36,"damage_taken":0},{"event_name":"Winding Halls","player_choice":"Writhe","floor":38,"damage_taken":0}],"boss_relics":[{"not_picked":["Sozu","Coffee Dripper"],"picked":"Astrolabe"},{"not_picked":["Empty Cage","Philosopher\u0027s Stone"],"picked":"Busted Crown"}],"items_purged_floors":[11],"is_endless":false,"potions_floor_spawned":[6,8,14,24,27,29,30],"killed_by":"4 Shapes","ascension_level":10}