{"gold_per_floor":[209,226,226,246,262,262,294,294,294,294,294,314,337,348,348,445,445,464,249,260,277,294,294,308,308,385,385,300,300,316,333,333,429,429,441,441,455,474,486,504,504,538,564,596,175,175,187,198,198,198],"floor_reached":51,"playtime":6715,"items_purged":["Strike_B"],"score":800,"play_id":"c9ea2ce3-ac1f-460a-8f7c-bcc0a97935a7","local_time":"20181120235610","is_ascension_mode":true,"campfire_choices":[{"data":"Zap","floor":6.0,"key":"SMITH"},{"data":"Coolheaded","floor":8.0,"key":"SMITH"},{"floor":10.0,"key":"REST"},{"data":"Steam Power","floor":15.0,"key":"SMITH"},{"data":"Apotheosis","floor":23.0,"key":"SMITH"},{"data":"BootSequence","floor":25.0,"key":"SMITH"},{"data":"Double Energy","floor":27.0,"key":"SMITH"},{"data":"Hologram","floor":29.0,"key":"SMITH"},{"data":"Multi-Cast","floor":32.0,"key":"SMITH"},{"floor":41.0,"key":"REST"},{"floor":46,"key":"REST"},{"floor":49,"key":"REST"}],"neow_cost":"NONE","seed_source_timestamp":197170042335079,"circlet_count":0,"master_deck":["Strike_B","Strike_B","Defend_B","Defend_B","Defend_B","Defend_B","Zap+1","Dualcast+1","Go for the Eyes","Hologram+1","Coolheaded+1","Steam Power+1","BootSequence+1","Reboot","Auto Shields","Apotheosis+1","Darkness","Hologram+1","Double Energy+1","Turbo","Multi-Cast+1","Reboot","Doom and Gloom+1","Lockon+1","Loop","Turbo","Sunder","Parasite"],"special_seed":0,"relics":["Cracked Core","DataDisk","Cables","Oddly Smooth Stone","Boot","Nuclear Battery","Bottled Lightning","Kunai","Fusion Hammer","Vajra","MawBank","Happy Flower","Runic Capacitor"],"potions_floor_usage":[42,50,50,50],"damage_taken":[{"damage":0.0,"enemies":"2 Louse","floor":1.0,"turns":1.0},{"damage":0.0,"enemies":"Cultist","floor":2.0,"turns":3.0},{"damage":3.0,"enemies":"Jaw Worm","floor":4.0,"turns":2.0},{"damage":16.0,"enemies":"Exordium Wildlife","floor":5.0,"turns":5.0},{"damage":34.0,"enemies":"Lagavulin","floor":7.0,"turns":6.0},{"damage":0.0,"enemies":"2 Fungi Beasts","floor":12.0,"turns":3.0},{"damage":3.0,"enemies":"Looter","floor":14.0,"turns":2.0},{"damage":4.0,"enemies":"Slime Boss","floor":16.0,"turns":11.0},{"damage":0.0,"enemies":"Spheric Guardian","floor":18.0,"turns":4.0},{"damage":0.0,"enemies":"Chosen","floor":20.0,"turns":6.0},{"damage":2.0,"enemies":"3 Cultists","floor":21.0,"turns":6.0},{"damage":0.0,"enemies":"Centurion and Healer","floor":22.0,"turns":4.0},{"damage":0.0,"enemies":"Shelled Parasite and Fungi","floor":24.0,"turns":8.0},{"damage":6.0,"enemies":"Chosen and Byrds","floor":30.0,"turns":8.0},{"damage":0.0,"enemies":"Cultist and Chosen","floor":31.0,"turns":7.0},{"damage":0.0,"enemies":"Champ","floor":33.0,"turns":9.0},{"damage":0.0,"enemies":"3 Shapes","floor":35.0,"turns":4.0},{"damage":0.0,"enemies":"Orb Walker","floor":37.0,"turns":3.0},{"damage":0.0,"enemies":"4 Shapes","floor":38.0,"turns":3.0},{"damage":6.0,"enemies":"Sphere and 2 Shapes","floor":39.0,"turns":6.0},{"damage":0.0,"enemies":"Jaw Worm Horde","floor":40.0,"turns":4.0},{"damage":12,"enemies":"Reptomancer","floor":42,"turns":4},{"damage":0,"enemies":"Maw","floor":44,"turns":5},{"damage":0,"enemies":"Writhing Mass","floor":47,"turns":10},{"damage":4,"enemies":"Jaw Worm Horde","floor":48,"turns":5},{"damage":0,"enemies":"Time Eater","floor":50,"turns":7}],"seed_played":"2667996015573249614","potions_obtained":[{"floor":4.0,"key":"PowerPotion"},{"floor":7.0,"key":"Fire Potion"},{"floor":14.0,"key":"SneckoOil"},{"floor":24.0,"key":"PowerPotion"},{"floor":31.0,"key":"PowerPotion"},{"floor":33.0,"key":"GamblersBrew"},{"floor":35.0,"key":"GamblersBrew"},{"floor":38.0,"key":"GamblersBrew"},{"floor":42,"key":"Dexterity Potion"}],"is_trial":false,"path_per_floor":["M","M","?","M","M","R","E","R","T","R","?","M","T","M","R","B",null,"M","$","M","M","M","R","M","R","T","R","?","R","M","M","R","B",null,"M","?","M","M","M","M","R","E","T","M","$","R","M","M","R","B",null],"character_chosen":"DEFECT","items_purchased":["Auto Shields","Apotheosis","Happy Flower","Runic Capacitor"],"campfire_rested":4,"item_purchase_floors":[19,19,45,45],"current_hp_per_floor":[75,75,75,72,56,56,22,22,22,44,44,44,44,41,41,37,75,75,75,75,73,73,73,73,73,73,73,73,73,67,67,67,67,75,75,75,75,75,69,69,75,63,63,63,63,75,75,71,75,75],"gold":198,"neow_bonus":"HUNDRED_GOLD","is_prod":false,"is_daily":false,"chose_seed":false,"campfire_upgraded":8,"win_rate":0,"timestamp":1542725770,"path_taken":["M","M","?","M","?","R","E","R","T","R","?","M","?","M","R","BOSS","M","$","M","M","M","R","M","R","T","R","?","R","M","M","R","BOSS","M","?","M","M","M","M","R","E","T","M","$","R","M","M","R","BOSS"],"build_version":"2018-11-15","purchased_purges":1,"victory":true,"max_hp_per_floor":[75,75,75,75,75,75,75,75,75,75,75,75,75,75,75,75,75,75,75,75,75,75,75,75,75,75,75,75,75,75,75,75,75,75,75,75,75,75,75,75,75,75,75,75,75,75,75,75,75,75],"card_choices":[{"not_picked":["Stack","Melter"],"picked":"FTL","floor":1.0},{"not_picked":["Fusion","Leap"],"picked":"Go for the Eyes","floor":2.0},{"not_picked":["Conserve Battery","Leap"],"picked":"Hologram","floor":4.0},{"not_picked":["Redo","Biased Cognition","Fusion"],"picked":"SKIP","floor":5.0},{"not_picked":["Gash","Hologram"],"picked":"Coolheaded","floor":7.0},{"not_picked":["Doom and Gloom","Beam Cell"],"picked":"Steam Power","floor":12.0},{"not_picked":["Force Field","Go for the Eyes"],"picked":"BootSequence","floor":14.0},{"not_picked":["Electrodynamics","Biased Cognition"],"picked":"Reboot","floor":16.0},{"not_picked":["Redo+1","Barrage","Streamline"],"picked":"SKIP","floor":18.0},{"not_picked":["Compile Driver","Conserve Battery","Stack"],"picked":"SKIP","floor":20.0},{"not_picked":["Hologram+1","Steam"],"picked":"Darkness","floor":21.0},{"not_picked":["Steam","Self Repair"],"picked":"Hologram+1","floor":22.0},{"not_picked":["Lockon","Reinforced Body+1"],"picked":"Double Energy","floor":24.0},{"not_picked":["Storm","Ball Lightning"],"picked":"Turbo","floor":30.0},{"not_picked":["Beam Cell","Redo"],"picked":"Multi-Cast","floor":31.0},{"not_picked":["Multi-Cast","Biased Cognition"],"picked":"Reboot","floor":33.0},{"not_picked":["Go for the Eyes+1","Hello World","Cold Snap"],"picked":"SKIP","floor":35.0},{"not_picked":["Streamline","Cold Snap"],"picked":"Doom and Gloom+1","floor":37.0},{"not_picked":["Conserve Battery+1","Hologram+1"],"picked":"Lockon+1","floor":38.0},{"not_picked":["Darkness","Streamline"],"picked":"Loop","floor":39.0},{"not_picked":["Conserve Battery","Gash"],"picked":"Turbo","floor":40.0},{"not_picked":["Steam Power","Meteor Strike"],"picked":"Sunder","floor":42},{"not_picked":["Beam Cell+1","Gash","Stack+1"],"picked":"SKIP","floor":44},{"not_picked":["Chaos","Hello World","Leap"],"picked":"SKIP","floor":47},{"not_picked":["Beam Cell+1","Melter+1","Streamline"],"picked":"SKIP","floor":48}],"player_experience":74837,"relics_obtained":[{"floor":7.0,"key":"Cables"},{"floor":9.0,"key":"Oddly Smooth Stone"},{"floor":13.0,"key":"Boot"},{"floor":26.0,"key":"Bottled Lightning"},{"floor":42,"key":"Vajra"},{"floor":43,"key":"MawBank"}],"event_choices":[{"cards_removed":["FTL"],"damage_healed":0.0,"max_hp_gain":0.0,"max_hp_loss":0.0,"gold_gain":0.0,"event_name":"WeMeetAgain","player_choice":"Gave Card","floor":3.0,"gold_loss":0.0,"damage_taken":0.0,"relics_obtained":["DataDisk"]},{"damage_healed":0.0,"max_hp_gain":0.0,"max_hp_loss":0.0,"gold_gain":0.0,"event_name":"Living Wall","player_choice":"Grow","floor":11.0,"gold_loss":0.0,"damage_taken":0.0,"cards_upgraded":["Dualcast"]},{"damage_healed":0.0,"max_hp_gain":0.0,"max_hp_loss":0.0,"gold_gain":0.0,"event_name":"Addict","player_choice":"Obtained Relic","floor":28.0,"gold_loss":85.0,"damage_taken":0.0,"relics_obtained":["Kunai"]},{"cards_removed":["Strike_B"],"damage_healed":0.0,"max_hp_gain":0.0,"max_hp_loss":0.0,"gold_gain":0.0,"event_name":"Falling","player_choice":"Removed Attack","floor":36.0,"gold_loss":0.0,"damage_taken":0.0}],"is_beta":false,"boss_relics":[{"not_picked":["Runic Dome","Orrery"],"picked":"Nuclear Battery"},{"not_picked":["Runic Pyramid","Philosopher\u0027s Stone"],"picked":"Fusion Hammer"}],"items_purged_floors":[45],"is_endless":false,"potions_floor_spawned":[4,7,14,24,31,33,35,37,38,39,42],"ascension_level":1}