{"gold_per_floor":[113,113,130,305,26,26,46,46,69,94,94,14,24,40,40,112,112,122,67,67,117,131,162,162,187,210,242,242,273,289,309,309,381,381,392,409,194,194,214,246,246,271,271,301,354,354,334,351,351,351],"floor_reached":51,"playtime":1742,"items_purged":["Doubt","Strike_R","Strike_R"],"score":1471,"play_id":"a42f6209-e8b3-4568-9db1-0ee63e756dd4","local_time":"20190206182940","is_ascension_mode":true,"campfire_choices":[{"data":"Metallicize","floor":6.0,"key":"SMITH"},{"data":"Armaments","floor":8.0,"key":"SMITH"},{"floor":11.0,"key":"REST"},{"data":"Shockwave","floor":15.0,"key":"SMITH"},{"floor":24.0,"key":"REST"},{"floor":28.0,"key":"REST"},{"floor":32.0,"key":"REST"},{"floor":41.0,"key":"REST"},{"floor":46.0,"key":"REST"},{"data":"Immolate","floor":49.0,"key":"SMITH"}],"neow_cost":"NONE","seed_source_timestamp":0,"circlet_count":0,"master_deck":["AscendersBane","Strike_R","Strike_R","Defend_R","Defend_R","Defend_R","Defend_R","Bash","Bloodletting","Shockwave+1","Clothesline","Metallicize+1","Cleave","Armaments+1","Demon Form+1","Immolate+1","Barricade+1","Heavy Blade+1","Whirlwind+1","Impervious","Heavy Blade+1","Heavy Blade+1"],"special_seed":0,"relics":["Burning Blood","The Courier","Happy Flower","Bronze Scales","Frozen Egg 2","Snecko Eye","Pear","Molten Egg 2","Strawberry","Vajra","Oddly Smooth Stone","Philosopher\u0027s Stone","Lantern","Meat on the Bone","PreservedInsect","Darkstone Periapt","Dream Catcher","Charon\u0027s Ashes"],"potions_floor_usage":[50],"damage_taken":[{"damage":6.0,"enemies":"2 Louse","floor":1.0,"turns":4.0},{"damage":7.0,"enemies":"Jaw Worm","floor":3.0,"turns":5.0},{"damage":1.0,"enemies":"Cultist","floor":7.0,"turns":5.0},{"damage":26.0,"enemies":"Lagavulin","floor":10.0,"turns":8.0},{"damage":2.0,"enemies":"Looter","floor":13.0,"turns":4.0},{"damage":14.0,"enemies":"3 Louse","floor":14.0,"turns":2.0},{"damage":38.0,"enemies":"Slime Boss","floor":16.0,"turns":15.0},{"damage":19.0,"enemies":"Spheric Guardian","floor":18.0,"turns":4.0},{"damage":0.0,"enemies":"3 Byrds","floor":22.0,"turns":2.0},{"damage":32.0,"enemies":"Slavers","floor":23.0,"turns":3.0},{"damage":0.0,"enemies":"Gremlin Leader","floor":25.0,"turns":5.0},{"damage":25.0,"enemies":"Book of Stabbing","floor":27.0,"turns":5.0},{"damage":34.0,"enemies":"Slavers","floor":29.0,"turns":4.0},{"damage":11.0,"enemies":"Sentry and Sphere","floor":30.0,"turns":3.0},{"damage":8.0,"enemies":"Centurion and Healer","floor":31.0,"turns":3.0},{"damage":51.0,"enemies":"Champ","floor":33.0,"turns":7.0},{"damage":9.0,"enemies":"3 Darklings","floor":35.0,"turns":2.0},{"damage":3.0,"enemies":"Orb Walker","floor":36.0,"turns":4.0},{"damage":8.0,"enemies":"3 Darklings","floor":39.0,"turns":3.0},{"damage":25.0,"enemies":"Reptomancer","floor":40.0,"turns":6.0},{"damage":33.0,"enemies":"Nemesis","floor":42.0,"turns":7.0},{"damage":0.0,"enemies":"Reptomancer","floor":44.0,"turns":4.0},{"damage":30.0,"enemies":"2 Orb Walkers","floor":45.0,"turns":3.0},{"damage":2.0,"enemies":"Sphere and 2 Shapes","floor":48.0,"turns":3.0},{"damage":84,"enemies":"Awakened One","floor":50,"turns":9}],"seed_played":"5839535980809518039","potions_obtained":[{"floor":10.0,"key":"Swift Potion"},{"floor":14.0,"key":"SpeedPotion"},{"floor":16.0,"key":"PowerPotion"},{"floor":23.0,"key":"LiquidBronze"},{"floor":30.0,"key":"Energy Potion"},{"floor":44.0,"key":"Strength Potion"},{"floor":47.0,"key":"Fruit Juice"}],"is_trial":false,"path_per_floor":["M","?","M","?","$","R","M","R","T","E","R","$","M","M","R","B",null,"M","$","?","?","M","E","R","E","T","E","R","E","M","M","R","B",null,"M","M","$","?","M","E","R","E","T","E","?","R","?","M","R","B",null],"character_chosen":"IRONCLAD","items_purchased":["Metallicize","Happy Flower","Cleave","Immolate","Lantern"],"campfire_rested":6,"item_purchase_floors":[5,5,5,19,37],"current_hp_per_floor":[68,61,60,60,60,60,65,65,65,45,67,67,71,63,63,31,64,51,51,51,51,57,41,66,72,79,60,87,59,54,52,79,34,78,75,78,78,78,76,57,83,56,56,62,50,76,81,85,85,19],"gold":351,"neow_bonus":"THREE_CARDS","is_prod":false,"is_daily":false,"chose_seed":false,"campfire_upgraded":4,"win_rate":0,"timestamp":1549495780,"path_taken":["M","?","M","?","?","R","M","R","T","E","R","$","M","M","R","BOSS","M","$","?","?","M","E","R","E","T","E","R","E","?","M","R","BOSS","M","M","$","?","M","E","R","E","T","E","?","R","?","?","R","BOSS"],"build_version":"2019-01-23","purchased_purges":3,"victory":true,"max_hp_per_floor":[75,75,75,75,75,75,75,75,75,75,75,75,75,75,75,75,75,75,75,75,75,75,85,85,85,92,92,92,92,92,92,92,92,92,92,92,92,87,87,87,87,87,87,87,87,87,92,92,92,92],"card_choices":[{"not_picked":["Twin Strike","Blood for Blood"],"picked":"Bloodletting","floor":0.0},{"not_picked":["Twin Strike","Feel No Pain"],"picked":"Shockwave","floor":1.0},{"not_picked":["Blood for Blood","Iron Wave"],"picked":"Clothesline","floor":3.0},{"not_picked":["Seeing Red","Clash"],"picked":"Armaments","floor":7.0},{"not_picked":["Anger","Carnage","Intimidate"],"picked":"SKIP","floor":10.0},{"not_picked":["Sword Boomerang","Clash","Armaments"],"picked":"SKIP","floor":13.0},{"not_picked":["Rupture+1","Iron Wave","Evolve+1"],"picked":"SKIP","floor":14.0},{"not_picked":["Berserk+1","Juggernaut+1"],"picked":"Demon Form+1","floor":16.0},{"not_picked":["Cleave","Wild Strike+1","Shrug It Off"],"picked":"SKIP","floor":18.0},{"not_picked":["Uppercut","Twin Strike"],"picked":"Barricade+1","floor":22.0},{"not_picked":["Pommel Strike","Corruption+1","Armaments"],"picked":"SKIP","floor":23.0},{"not_picked":["Havoc","Anger"],"picked":"Heavy Blade+1","floor":25.0},{"not_picked":["Power Through","Bloodletting"],"picked":"Whirlwind+1","floor":27.0},{"not_picked":["Burning Pact","Perfected Strike+1","Sword Boomerang+1"],"picked":"SKIP","floor":29.0},{"not_picked":["Seeing Red","Cleave+1","Perfected Strike+1"],"picked":"SKIP","floor":30.0},{"not_picked":["Headbutt+1","Thunderclap+1","Rupture+1"],"picked":"SKIP","floor":31.0},{"not_picked":["Reaper+1","Limit Break"],"picked":"Impervious","floor":33.0},{"not_picked":["Body Slam+1","Dual Wield","Warcry+1"],"picked":"SKIP","floor":35.0},{"not_picked":["Flex","Twin Strike+1"],"picked":"Heavy Blade+1","floor":36.0},{"not_picked":["Headbutt+1","Anger+1","True Grit"],"picked":"SKIP","floor":39.0},{"not_picked":["Fire Breathing+1","Flex+1","Clash+1"],"picked":"SKIP","floor":40.0},{"not_picked":["Shrug It Off","Dropkick+1","Fiend Fire+1"],"picked":"SKIP","floor":42.0},{"not_picked":["Iron Wave+1","Whirlwind+1","Armaments"],"picked":"SKIP","floor":44.0},{"not_picked":["Thunderclap+1","Sword Boomerang+1"],"picked":"Heavy Blade+1","floor":45.0},{"not_picked":["Infernal Blade","Rampage+1","Inflame+1"],"picked":"SKIP","floor":48.0}],"player_experience":236380,"relics_obtained":[{"floor":9.0,"key":"Bronze Scales"},{"floor":10.0,"key":"Frozen Egg 2"},{"floor":23.0,"key":"Pear"},{"floor":25.0,"key":"Molten Egg 2"},{"floor":26.0,"key":"Strawberry"},{"floor":27.0,"key":"Vajra"},{"floor":29.0,"key":"Oddly Smooth Stone"},{"floor":40.0,"key":"Meat on the Bone"},{"floor":42.0,"key":"PreservedInsect"},{"floor":43.0,"key":"Darkstone Periapt"},{"floor":44.0,"key":"Dream Catcher"},{"floor":45.0,"key":"Charon\u0027s Ashes"}],"event_choices":[{"damage_healed":0.0,"max_hp_gain":0.0,"max_hp_loss":0.0,"gold_gain":0.0,"event_name":"Scrap Ooze","player_choice":"Success","floor":2.0,"gold_loss":0.0,"damage_taken":7.0,"relics_obtained":["The Courier"]},{"damage_healed":0.0,"max_hp_gain":0.0,"max_hp_loss":0.0,"gold_gain":175.0,"event_name":"Liars Game","player_choice":"AGREE","floor":4.0,"gold_loss":0.0,"damage_taken":0.0,"cards_obtained":["Doubt"]},{"cards_removed":["Strike_R"],"damage_healed":0.0,"max_hp_gain":0.0,"max_hp_loss":0.0,"gold_gain":0.0,"event_name":"Back to Basics","player_choice":"Elegance","floor":20.0,"gold_loss":0.0,"damage_taken":0.0},{"damage_healed":0.0,"max_hp_gain":0.0,"max_hp_loss":0.0,"gold_gain":100.0,"event_name":"The Joust","player_choice":"Bet on Murderer","floor":21.0,"gold_loss":50.0,"damage_taken":0.0},{"damage_healed":0.0,"max_hp_gain":0.0,"max_hp_loss":5.0,"gold_gain":0.0,"event_name":"Winding Halls","player_choice":"Max HP","floor":38.0,"gold_loss":0.0,"damage_taken":0.0},{"damage_healed":0.0,"max_hp_gain":0.0,"max_hp_loss":0.0,"gold_gain":0.0,"event_name":"Mysterious Sphere","player_choice":"Fight","floor":45.0,"gold_loss":0.0,"damage_taken":0.0},{"damage_healed":0.0,"max_hp_gain":0.0,"max_hp_loss":0.0,"gold_gain":0.0,"event_name":"The Woman in Blue","player_choice":"Bought 1 Potion","floor":47.0,"gold_loss":0.0,"damage_taken":0.0}],"is_beta":false,"boss_relics":[{"not_picked":["Busted Crown","Runic Cube"],"picked":"Snecko Eye"},{"not_picked":["Runic Pyramid","Eternal Feather"],"picked":"Philosopher\u0027s Stone"}],"items_purged_floors":[5,12,37],"is_endless":false,"potions_floor_spawned":[10,14,16,18,23,27,30,33,36,39,44],"ascension_level":14}