{"path_per_floor":["M","?","M","?","M","R","?","$","T","?","R","M","E","M","R","B",null,"M","?","$","?","M","R","?","?","T","M","M","M","$"],"character_chosen":"IRONCLAD","items_purchased":["Immolate","Matryoshka"],"gold_per_floor":[16,73,91,91,110,110,185,27,102,162,162,177,204,223,223,296,296,310,310,59,59,69,69,69,69,69,89,100,119,44,44],"floor_reached":31,"campfire_rested":1,"playtime":807,"current_hp_per_floor":[67,67,69,74,76,76,65,65,65,56,56,63,41,44,73,8,75,52,52,52,72,60,60,60,60,60,44,40,59,59,0],"items_purged":["Strike_R"],"gold":44,"score":436,"play_id":"17db55fd-0389-4822-b29f-d45fb5717625","local_time":"20180503134704","is_prod":false,"is_daily":false,"chose_seed":false,"is_ascension_mode":true,"campfire_upgraded":3,"timestamp":1525373224,"path_taken":["M","?","?","?","M","R","?","?","T","?","R","?","E","M","R","BOSS","M","?","$","?","M","R","?","?","T","M","M","?","?","E"],"build_version":"2018-04-28v2","seed_source_timestamp":2685784433893383,"purchased_purges":1,"victory":false,"master_deck":["Strike_R","Strike_R","Strike_R","Defend_R","Defend_R","Defend_R","Defend_R","Bash","AscendersBane","Feed+1","Thunderclap","Iron Wave","True Grit","Immolate+1","Shrug It Off","Infernal Blade","Reaper","Demon Form+1","Injury","Carnage"],"max_hp_per_floor":[78,78,81,86,89,89,89,89,89,89,89,93,93,97,97,97,97,101,101,101,101,101,101,101,101,101,101,105,109,109,109],"relics":["Burning Blood","Bottled Lightning","Blood Vial","Omamori","Calling Bell","Bag of Marbles","Mercury Hourglass","Du-Vu Doll","Matryoshka","Dream Catcher","Darkstone Periapt"],"card_choices":[{"not_picked":["Fiend Fire","Dark Embrace"],"picked":"Feed","floor":0},{"not_picked":["Bloodletting","Clothesline"],"picked":"Thunderclap","floor":1},{"not_picked":["Ghostly Armor","Corruption"],"picked":"Iron Wave","floor":3},{"not_picked":["Sentinel","Armaments"],"picked":"True Grit","floor":5},{"not_picked":["Warcry","Twin Strike"],"picked":"Shrug It Off","floor":10},{"not_picked":["Iron Wave","Havoc"],"picked":"Infernal Blade","floor":12},{"not_picked":["True Grit","Cleave"],"picked":"Reaper","floor":13},{"not_picked":["Dark Embrace","Juggernaut"],"picked":"Demon Form","floor":16}],"player_experience":307015,"potions_floor_usage":[16,16,27],"damage_taken":[{"damage":10,"enemies":"Small Slimes","floor":1,"turns":4},{"damage":7,"enemies":"2 Louse","floor":3,"turns":3},{"damage":7,"enemies":"Jaw Worm","floor":5,"turns":3},{"damage":15,"enemies":"Gremlin Nob","floor":10,"turns":4},{"damage":5,"enemies":"Gremlin Gang","floor":12,"turns":3},{"damage":30,"enemies":"Lagavulin","floor":13,"turns":5},{"damage":9,"enemies":"Blue Slaver","floor":14,"turns":4},{"damage":73,"enemies":"The Guardian","floor":16,"turns":13},{"damage":35,"enemies":"Shell Parasite","floor":18,"turns":3},{"damage":44,"enemies":"2 Thieves","floor":22,"turns":3},{"damage":24,"enemies":"Snake Plant","floor":27,"turns":3},{"damage":22,"enemies":"3 Cultists","floor":28,"turns":4},{"damage":2,"enemies":"Centurion and Healer","floor":29,"turns":5},{"damage":86,"enemies":"Gremlin Leader","floor":31,"turns":5}],"event_choices":[{"event_name":"Golden Wing","player_choice":"Gained Gold","floor":2,"damage_taken":0},{"event_name":"Big Fish","player_choice":"Donut","floor":4,"damage_taken":0},{"event_name":"World of Goop","player_choice":"Gather Gold","floor":7,"damage_taken":0},{"event_name":"Dead Adventurer","player_choice":"Searched \u00271\u0027 times","floor":10,"damage_taken":0},{"event_name":"Ghosts","player_choice":"Ignored","floor":19,"damage_taken":0},{"event_name":"The Library","player_choice":"Heal","floor":21,"damage_taken":0},{"event_name":"Beggar","player_choice":"Ignored","floor":24,"damage_taken":0},{"event_name":"Transmorgrifier","player_choice":"Transform","floor":25,"damage_taken":0}],"boss_relics":[{"not_picked":["Eternal Feather","Ectoplasm"],"picked":"Calling Bell"}],"potions_floor_spawned":[1,12,13,14,18,22],"seed_played":"5814912564560565419","killed_by":"Gremlin Leader","ascension_level":15,"is_trial":false}