{"gold_per_floor":[117,117,137,97,272,272,287,287,287,287,300,300,331,345,345,445,445,461,472,472,472,164,164,164,175,229,229,247,247,247,172,172,274,274,284,294,294,143,162,162,190,190,190,204,224,244,244,244,244,244],"floor_reached":51,"playtime":5363,"items_purged":["Doubt","Strike_B"],"score":781,"play_id":"0b4cb80f-1d22-4c96-acbb-64be48f5909e","local_time":"20181202220701","is_ascension_mode":true,"campfire_choices":[{"data":"Zap","floor":6.0,"key":"SMITH"},{"data":"Dualcast","floor":8.0,"key":"SMITH"},{"data":"Cold Snap","floor":10.0,"key":"SMITH"},{"data":"Glacier","floor":12.0,"key":"SMITH"},{"floor":15.0,"key":"REST"},{"data":"Echo Form","floor":23.0,"key":"SMITH"},{"data":"Glacier","floor":29.0,"key":"SMITH"},{"floor":32.0,"key":"REST"},{"data":"Redo","floor":40.0,"key":"SMITH"},{"floor":42.0,"key":"REST"},{"data":"White Noise","floor":49,"key":"SMITH"}],"neow_cost":"NONE","seed_source_timestamp":346182861104708,"circlet_count":0,"master_deck":["Strike_B","Strike_B","Strike_B","Defend_B","Defend_B+1","Defend_B","Defend_B","Zap+1","Dualcast+1","Steam+1","Cold Snap+1","White Noise+1","Loop","Glacier+1","BootSequence","Hologram","Echo Form+1","Ball Lightning","Coolheaded+1","Echo Form+1","Glacier+1","Doom and Gloom","Loop+1","Echo Form+1","Consume+1","Redo+1","Madness","Madness","Sunder+1","Shame","Conserve Battery","BootSequence+1","Go for the Eyes+1","Panache+1"],"special_seed":0,"relics":["Cracked Core","DataDisk","Darkstone Periapt","Mercury Hourglass","Strawberry","Inserter","Frozen Egg 2","Lantern","War Paint","Dream Catcher","Cursed Key","Anchor","Question Card"],"potions_floor_usage":[45,50],"damage_taken":[{"damage":7.0,"enemies":"Small Slimes","floor":1.0,"turns":3.0},{"damage":0.0,"enemies":"Jaw Worm","floor":3.0,"turns":3.0},{"damage":7.0,"enemies":"2 Louse","floor":7.0,"turns":2.0},{"damage":8.0,"enemies":"Blue Slaver","floor":11.0,"turns":2.0},{"damage":10.0,"enemies":"Gremlin Nob","floor":13.0,"turns":4.0},{"damage":2.0,"enemies":"2 Fungi Beasts","floor":14.0,"turns":3.0},{"damage":25.0,"enemies":"Hexaghost","floor":16.0,"turns":10.0},{"damage":13.0,"enemies":"Shell Parasite","floor":18.0,"turns":5.0},{"damage":2.0,"enemies":"3 Byrds","floor":19.0,"turns":4.0},{"damage":0.0,"enemies":"Snecko","floor":25.0,"turns":6.0},{"damage":12.0,"enemies":"Cultist and Chosen","floor":28.0,"turns":6.0},{"damage":14.0,"enemies":"Collector","floor":33.0,"turns":10.0},{"damage":0.0,"enemies":"Orb Walker","floor":35.0,"turns":5.0},{"damage":18.0,"enemies":"3 Darklings","floor":36.0,"turns":6.0},{"damage":3.0,"enemies":"Spire Growth","floor":39.0,"turns":7.0},{"damage":6.0,"enemies":"Nemesis","floor":41.0,"turns":7.0},{"damage":21.0,"enemies":"Maw","floor":44.0,"turns":7.0},{"damage":22,"enemies":"Jaw Worm Horde","floor":45,"turns":4},{"damage":0,"enemies":"4 Shapes","floor":46,"turns":2},{"damage":58,"enemies":"Donu and Deca","floor":50,"turns":10}],"seed_played":"9158488277315765554","potions_obtained":[{"floor":1.0,"key":"Strength Potion"},{"floor":7.0,"key":"PowerPotion"},{"floor":16.0,"key":"Weak Potion"},{"floor":18.0,"key":"Swift Potion"},{"floor":19.0,"key":"PowerPotion"},{"floor":33.0,"key":"SpeedPotion"},{"floor":41.0,"key":"Explosive Potion"},{"floor":45,"key":"PowerPotion"}],"is_trial":false,"path_per_floor":["M","?","M","$","?","R","M","R","T","R","M","R","E","M","R","B",null,"M","M","?","T","$","R","?","M","T","?","M","R","?","?","R","B",null,"M","M","?","$","M","R","E","R","T","M","M","M","?","?","R","B",null],"character_chosen":"DEFECT","items_purchased":["White Noise","Echo Form+1","Lantern","Block Potion"],"campfire_rested":3,"item_purchase_floors":[4,22,22,38],"current_hp_per_floor":[68,65,65,65,71,71,64,64,64,64,56,56,53,51,77,52,79,66,64,64,64,64,64,64,64,64,64,52,52,52,52,78,64,82,82,64,53,53,50,50,44,70,76,55,33,33,33,82,82,24],"gold":244,"neow_bonus":"RANDOM_COMMON_RELIC","is_prod":false,"is_daily":false,"chose_seed":false,"campfire_upgraded":8,"win_rate":0,"timestamp":1543756021,"path_taken":["M","?","M","$","?","R","?","R","T","R","M","R","E","M","R","BOSS","M","M","?","?","$","R","?","M","T","?","?","R","?","?","R","BOSS","M","?","?","$","M","R","E","R","T","M","M","M","?","?","R","BOSS"],"build_version":"2018-11-15","purchased_purges":2,"victory":true,"max_hp_per_floor":[75,75,75,75,81,81,81,81,81,81,81,81,88,88,88,88,88,88,88,88,88,88,88,88,88,88,88,88,88,88,88,88,88,88,88,88,88,88,88,88,88,88,94,94,94,94,94,82,82,82],"card_choices":[{"not_picked":["Double Energy","Leap"],"picked":"Steam","floor":1.0},{"not_picked":["Storm","Coolheaded"],"picked":"Cold Snap","floor":3.0},{"not_picked":["Reprogram","Skim"],"picked":"Loop","floor":7.0},{"not_picked":["Compile Driver","Chaos"],"picked":"Glacier","floor":11.0},{"not_picked":["White Noise","Streamline"],"picked":"BootSequence","floor":13.0},{"not_picked":["Storm","Barrage"],"picked":"Hologram","floor":14.0},{"not_picked":["Rainbow","Multi-Cast"],"picked":"Echo Form","floor":16.0},{"not_picked":["Gash","Auto Shields+1"],"picked":"Ball Lightning","floor":18.0},{"not_picked":["Sweeping Beam","Loop"],"picked":"Coolheaded+1","floor":19.0},{"not_picked":["Genetic Algorithm+1","Ball Lightning","Beam Cell"],"picked":"SKIP","floor":25.0},{"not_picked":["Coolheaded","Turbo+1"],"picked":"Glacier","floor":28.0},{"not_picked":["Go for the Eyes","Beam Cell"],"picked":"Loop+1","floor":32.0},{"not_picked":["Hyperbeam","Multi-Cast"],"picked":"Echo Form+1","floor":33.0},{"not_picked":["Gash+1","Chill+1"],"picked":"Consume+1","floor":35.0},{"not_picked":["Beam Cell+1","Gash+1"],"picked":"Redo","floor":36.0},{"not_picked":["Barrage+1","Streamline","Heatsinks+1"],"picked":"SKIP","floor":39.0},{"not_picked":["Reinforced Body+1","Doom and Gloom+1"],"picked":"Sunder+1","floor":41.0},{"not_picked":["Coolheaded+1","Chill","Go for the Eyes"],"picked":"Conserve Battery","floor":44.0},{"not_picked":["Rebound+1","Compile Driver","Cold Snap+1"],"picked":"BootSequence+1","floor":45},{"not_picked":["Stack","BootSequence","Melter"],"picked":"Go for the Eyes+1","floor":46},{"not_picked":["Impatience","Jack Of All Trades","HandOfGreed"],"picked":"Panache+1","floor":47}],"player_experience":155642,"relics_obtained":[{"floor":9.0,"key":"Mercury Hourglass"},{"floor":13.0,"key":"Strawberry"},{"floor":21.0,"key":"Frozen Egg 2"},{"floor":26.0,"key":"War Paint"},{"floor":41.0,"key":"Anchor"},{"floor":43.0,"key":"Question Card"}],"event_choices":[{"damage_healed":0.0,"max_hp_gain":0.0,"max_hp_loss":0.0,"gold_gain":0.0,"event_name":"Scrap Ooze","player_choice":"Success","floor":2.0,"gold_loss":0.0,"damage_taken":3.0,"relics_obtained":["Darkstone Periapt"]},{"damage_healed":0.0,"max_hp_gain":0.0,"max_hp_loss":0.0,"gold_gain":175.0,"event_name":"Liars Game","player_choice":"AGREE","floor":5.0,"gold_loss":0.0,"damage_taken":0.0,"cards_obtained":["Doubt"]},{"damage_healed":0.0,"max_hp_gain":0.0,"max_hp_loss":0.0,"gold_gain":0.0,"event_name":"Vampires","player_choice":"Ignored","floor":20.0,"gold_loss":0.0,"damage_taken":0.0},{"damage_healed":0.0,"max_hp_gain":0.0,"max_hp_loss":0.0,"gold_gain":0.0,"event_name":"Cursed Tome","player_choice":"Ignored","floor":24.0,"gold_loss":0.0,"damage_taken":0.0},{"damage_healed":0.0,"max_hp_gain":0.0,"max_hp_loss":0.0,"gold_gain":0.0,"event_name":"Ghosts","player_choice":"Ignored","floor":27.0,"gold_loss":0.0,"damage_taken":0.0},{"damage_healed":0.0,"max_hp_gain":0.0,"max_hp_loss":0.0,"gold_gain":0.0,"event_name":"The Library","player_choice":"Read","floor":30.0,"gold_loss":0.0,"damage_taken":0.0,"cards_obtained":["Doom and Gloom"]},{"damage_healed":0.0,"max_hp_gain":0.0,"max_hp_loss":0.0,"gold_gain":0.0,"event_name":"WeMeetAgain","player_choice":"Paid Gold","floor":31.0,"gold_loss":75.0,"damage_taken":0.0,"relics_obtained":["Dream Catcher"]},{"damage_healed":0.0,"max_hp_gain":0.0,"max_hp_loss":0.0,"gold_gain":0.0,"event_name":"Winding Halls","player_choice":"Embrace Madness","floor":37.0,"gold_loss":0.0,"damage_taken":11.0,"cards_obtained":["Madness","Madness"]},{"damage_healed":0,"gold_gain":0,"player_choice":"Memory 1","damage_taken":0,"max_hp_gain":0,"max_hp_loss":0,"event_name":"SensoryStone","floor":47,"gold_loss":0},{"damage_healed":82,"gold_gain":0,"player_choice":"Heal","damage_taken":0,"max_hp_gain":0,"max_hp_loss":12,"event_name":"The Moai Head","floor":48,"gold_loss":0}],"is_beta":false,"boss_relics":[{"not_picked":["White Beast Statue","Empty Cage"],"picked":"Inserter"},{"not_picked":["Eternal Feather","Philosopher\u0027s Stone"],"picked":"Cursed Key"}],"items_purged_floors":[22,38],"is_endless":false,"potions_floor_spawned":[1,7,16,18,19,33,41,45],"ascension_level":5}