{"gold_per_floor":[117,39,59,72,90,90,125,139,139,172,185,185,185,220,220,220],"floor_reached":16,"playtime":641,"items_purged":[],"score":238,"play_id":"cd68b90e-52a6-4e0b-82cd-39835fef69eb","local_time":"20181023181931","is_ascension_mode":true,"campfire_choices":[{"data":"Poisoned Stab","floor":6,"key":"SMITH"},{"floor":12,"key":"REST"},{"data":"Cloak And Dagger","floor":15,"key":"SMITH"}],"neow_cost":"NONE","seed_source_timestamp":509108915092512,"circlet_count":0,"master_deck":["Defend_G","Defend_G","Defend_G","Defend_G","Defend_G","Strike_G","Strike_G","Strike_G","Strike_G","Strike_G","Survivor","Neutralize+1","AscendersBane","Quick Slash","All Out Attack","Poisoned Stab+1","Deflect","Cloak And Dagger+1","Pain"],"relics":["Ring of the Snake","Happy Flower","Ornamental Fan","Turnip","WarpedTongs","Blue Candle"],"potions_floor_usage":[7,7,10,14],"damage_taken":[{"damage":0,"enemies":"Jaw Worm","floor":1,"turns":5},{"damage":0,"enemies":"Cultist","floor":3,"turns":3},{"damage":0,"enemies":"2 Louse","floor":4,"turns":2},{"damage":14,"enemies":"Exordium Thugs","floor":5,"turns":4},{"damage":12,"enemies":"Lagavulin","floor":7,"turns":6},{"damage":9,"enemies":"Blue Slaver","floor":8,"turns":5},{"damage":7,"enemies":"3 Sentries","floor":10,"turns":8},{"damage":0,"enemies":"Looter","floor":11,"turns":3},{"damage":16,"enemies":"Gremlin Nob","floor":14,"turns":4},{"damage":20,"enemies":"Hexaghost","floor":16,"turns":9}],"seed_played":"2860098654840396512","potions_obtained":[{"floor":3,"key":"PowerPotion"},{"floor":5,"key":"FearPotion"},{"floor":7,"key":"SneckoOil"},{"floor":8,"key":"Poison Potion"}],"is_trial":false,"path_per_floor":["M","$","M","M","M","R","E","M","T","E","M","R","?","E","R"],"character_chosen":"THE_SILENT","items_purchased":["All Out Attack"],"campfire_rested":1,"item_purchase_floors":[2],"current_hp_per_floor":[59,59,59,59,45,45,33,24,24,17,17,36,36,20,20,0],"gold":220,"neow_bonus":"UPGRADE_CARD","is_prod":false,"is_daily":false,"chose_seed":false,"campfire_upgraded":2,"win_rate":0,"timestamp":1540333171,"path_taken":["M","$","M","M","M","R","E","M","T","E","M","R","?","E","R","BOSS"],"build_version":"2018-10-18","purchased_purges":0,"victory":false,"max_hp_per_floor":[66,66,66,66,66,66,66,66,66,66,66,66,66,66,66,66],"card_choices":[{"not_picked":["Blade Dance","Outmaneuver"],"picked":"Quick Slash","floor":1},{"not_picked":["Sucker Punch","Acrobatics"],"picked":"Poisoned Stab","floor":3},{"not_picked":["Underhanded Strike","Prepared"],"picked":"Deflect","floor":4},{"not_picked":["Sucker Punch","Finisher","Eviscerate"],"picked":"SKIP","floor":5},{"not_picked":["Finisher","Prepared","Acrobatics"],"picked":"SKIP","floor":7},{"not_picked":["Sucker Punch","Eviscerate","Masterful Stab"],"picked":"SKIP","floor":8},{"not_picked":["A Thousand Cuts","Crippling Poison"],"picked":"Cloak And Dagger","floor":10},{"not_picked":["PiercingWail","Dagger Throw","Dagger Spray"],"picked":"SKIP","floor":11},{"not_picked":["Dodge and Roll","Underhanded Strike","Acrobatics"],"picked":"SKIP","floor":14}],"player_experience":601037,"relics_obtained":[{"floor":7,"key":"Happy Flower"},{"floor":9,"key":"Ornamental Fan"},{"floor":10,"key":"Turnip"},{"floor":14,"key":"Blue Candle"}],"event_choices":[{"damage_healed":0,"gold_gain":0,"player_choice":"Rummage","damage_taken":0,"relics_obtained":["WarpedTongs"],"max_hp_gain":0,"max_hp_loss":0,"event_name":"Accursed Blacksmith","floor":13,"gold_loss":0,"cards_obtained":["Pain"]}],"is_beta":false,"boss_relics":[],"items_purged_floors":[],"is_endless":false,"potions_floor_spawned":[3,5,7,8],"killed_by":"Hexaghost","ascension_level":19}