{"path_per_floor":["M","?","M","M","?","R","M","M","T","M","?","R","$","M","R","B",null,"M","$","?","?","$","R","E","?","T","R","M"],"character_chosen":"THE_SILENT","items_purchased":["Footwork","Infinite Blades","Frozen Eye"],"gold_per_floor":[111,286,301,316,316,316,329,339,393,405,405,405,248,258,258,354,654,667,192,192,162,37,37,63,63,63,63,81],"floor_reached":29,"campfire_rested":2,"playtime":3318,"current_hp_per_floor":[70,70,70,64,64,64,49,36,43,43,43,66,66,64,64,4,77,70,70,70,70,70,70,20,20,20,43,11],"items_purged":["Normality","Doubt","Injury"],"gold":81,"play_id":"32ba7ece-5c04-4816-9ab7-f78fb23c799e","is_prod":false,"is_daily":false,"is_ascension_mode":false,"campfire_upgraded":3,"path_taken":["M","?","?","M","?","R","M","M","T","M","?","R","$","M","R","BOSS","M","$","?","?","?","R","E","?","T","R","M","?"],"build_version":"2018-01-25-PROD3","purchased_purges":3,"victory":false,"master_deck":["Defend_G","Defend_G","Defend_G","Defend_G","Defend_G","Strike_G","Strike_G","Strike_G","Strike_G","Survivor","Neutralize","Clumsy","Cloak And Dagger+1","Outmaneuver+1","Accuracy","Prepared","Skewer","Backflip","Footwork","Accuracy+1","Burst","Parasite","Clumsy","Outmaneuver","Infinite Blades","Calculated Gamble","Deflect+1","Escape Plan","Cloak And Dagger+1"],"max_hp_per_floor":[70,70,70,70,70,70,70,70,77,77,77,77,77,77,77,77,77,77,77,77,77,77,77,77,77,77,77,77],"relics":["Ring of the Snake","Ice Cream","Ancient Tea Set","Strawberry","Calling Bell","Bag of Marbles","Prayer Wheel","Old Coin","Frozen Eye","Lantern","Anchor"],"card_choices":[{"not_picked":["Quick Slash","Bane"],"picked":"Cloak And Dagger"},{"not_picked":["Well Laid Plans","Underhanded Strike"],"picked":"Outmaneuver"},{"not_picked":["Dagger Spray","Caltrops"],"picked":"Accuracy"},{"not_picked":["Slice","Quick Slash"],"picked":"Prepared"},{"not_picked":["Underhanded Strike","Quick Slash"],"picked":"Skewer"},{"not_picked":["Flying Knee","Choke"],"picked":"Backflip"},{"not_picked":["Endless Agony","Crippling Poison"],"picked":"Accuracy"},{"not_picked":["Tactician","Wraith Form"],"picked":"Burst"},{"not_picked":["Underhanded Strike","Flying Knee"],"picked":"Outmaneuver"},{"not_picked":["Underhanded Strike","Dagger Spray"],"picked":"Deflect"},{"not_picked":["Dagger Throw","Flechettes"],"picked":"Escape Plan"},{"not_picked":["Flying Knee","Backflip"],"picked":"Cloak And Dagger"}],"player_experience":147846,"potions_floor_usage":[29],"damage_taken":[{"damage":0.0,"enemies":"Jaw Worm","floor":1.0,"turns":7.0},{"damage":0.0,"enemies":"Small Slimes","floor":3.0,"turns":5.0},{"damage":6.0,"enemies":"2 Louse","floor":4.0,"turns":6.0},{"damage":15.0,"enemies":"Lots of Slimes","floor":7.0,"turns":7.0},{"damage":13.0,"enemies":"2 Fungi Beasts","floor":8.0,"turns":6.0},{"damage":0.0,"enemies":"Red Slaver","floor":10.0,"turns":4.0},{"damage":2.0,"enemies":"Exordium Thugs","floor":14.0,"turns":4.0},{"damage":60.0,"enemies":"Hexaghost","floor":16.0,"turns":15.0},{"damage":7,"enemies":"Shell Parasite","floor":18,"turns":11},{"damage":50,"enemies":"Book of Stabbing","floor":24,"turns":8},{"damage":32,"enemies":"3 Byrds","floor":28,"turns":6},{"damage":11,"enemies":"Snake Plant","floor":29,"turns":3}],"event_choices":[{"event_name":"Liars Game","player_choice":"agreed","floor":2.0,"damage_taken":0.0},{"event_name":"Accursed Blacksmith","player_choice":"Rummage","floor":5.0,"damage_taken":0.0},{"event_name":"Golden Wing","player_choice":"Ignored","floor":11.0,"damage_taken":0.0},{"event_name":"Transmorgrifier","player_choice":"Transform","floor":20,"damage_taken":0},{"event_name":"The Woman in Blue","player_choice":"Bought 2 Potions","floor":21,"damage_taken":0},{"event_name":"Drug Dealer","player_choice":"Ignored","floor":25,"damage_taken":0}],"boss_relics":[{"not_picked":["Velvet Choker","Black Star"],"picked":"Calling Bell"}],"potions_floor_spawned":[3,8,10,24],"seed_played":"-3129355184539804950","killed_by":"Snake Plant","ascension_level":0,"is_trial":false}