{"gold_per_floor":[117,42,61,79,39,66,66,92,162,162,182,182,211,223,223,301,301,301,301,301,301,14,14],"floor_reached":23,"playtime":775,"items_purged":["Normality"],"score":622,"play_id":"5c6c09e3-681d-428b-8f58-e9894921e21c","local_time":"20190218150758","is_ascension_mode":true,"campfire_choices":[{"data":"Hyperbeam","floor":7.0,"key":"SMITH"},{"floor":10,"key":"REST"},{"data":"Zap","floor":12,"key":"SMITH"},{"data":"Loop","floor":15,"key":"SMITH"}],"neow_cost":"CURSE","seed_source_timestamp":365614786463597,"circlet_count":0,"master_deck":["AscendersBane","Strike_B","Strike_B","Strike_B","Strike_B","Defend_B","Defend_B","Defend_B","Defend_B","Zap+1","Dualcast","Thinking Ahead","Good Instincts","Reinforced Body","Gash","Ball Lightning","Melter","Hyperbeam+1","FTL","Gash","Loop+1","Hologram","Buffer","Gash+1","Compile Driver","Conserve Battery+1"],"special_seed":0,"relics":["Cracked Core","FossilizedHelix","PreservedInsect","Shuriken","Orichalcum","Ectoplasm","Red Mask","Kunai"],"potions_floor_usage":[8,18,21,21],"damage_taken":[{"damage":7.0,"enemies":"Cultist","floor":1.0,"turns":4.0},{"damage":0.0,"enemies":"Small Slimes","floor":3.0,"turns":4.0},{"damage":4.0,"enemies":"2 Louse","floor":4.0,"turns":4.0},{"damage":32.0,"enemies":"Gremlin Nob","floor":6.0,"turns":4.0},{"damage":0,"enemies":"Lagavulin","floor":8,"turns":6},{"damage":0,"enemies":"2 Fungi Beasts","floor":11,"turns":3},{"damage":0,"enemies":"3 Sentries","floor":13,"turns":1},{"damage":0,"enemies":"Looter","floor":14,"turns":3},{"damage":0,"enemies":"Slime Boss","floor":16,"turns":6},{"damage":17,"enemies":"3 Byrds","floor":18,"turns":3},{"damage":0,"enemies":"Spheric Guardian","floor":19,"turns":3},{"damage":0,"enemies":"3 Cultists","floor":20,"turns":3},{"damage":30,"enemies":"Masked Bandits","floor":21,"turns":4},{"damage":22,"enemies":"Gremlin Leader","floor":23,"turns":2}],"seed_played":"-5991820101368512989","potions_obtained":[{"floor":3.0,"key":"SkillPotion"},{"floor":4.0,"key":"EssenceOfSteel"},{"floor":6.0,"key":"AttackPotion"},{"floor":13,"key":"Dexterity Potion"},{"floor":18,"key":"Block Potion"}],"is_trial":false,"path_per_floor":["M","$","M","M","$","E","R","E","T","R","M","R","E","M","R","B",null,"M","M","M","?","$","E"],"character_chosen":"DEFECT","items_purchased":["Melter","Kunai"],"campfire_rested":1,"item_purchase_floors":[5,22],"current_hp_per_floor":[57,57,57,53,53,21,21,21,21,42,42,42,42,42,42,42,64,47,47,47,17,17,0],"gold":14,"neow_bonus":"RANDOM_COLORLESS_2","is_prod":false,"is_daily":false,"chose_seed":false,"campfire_upgraded":3,"win_rate":0,"timestamp":1550520478,"path_taken":["M","$","M","M","?","E","R","E","T","R","M","R","E","M","R","BOSS","M","M","M","?","$","E"],"build_version":"2019-01-23","purchased_purges":1,"victory":false,"max_hp_per_floor":[71,71,71,71,71,71,71,71,71,71,71,71,71,71,71,71,71,71,71,71,71,71,71],"card_choices":[{"not_picked":["Hologram","Double Energy"],"picked":"Reinforced Body","floor":1.0},{"not_picked":["Steam","Rebound"],"picked":"Gash","floor":3.0},{"not_picked":["Streamline","White Noise"],"picked":"Ball Lightning","floor":4.0},{"not_picked":["Redo","Meteor Strike"],"picked":"Hyperbeam","floor":6.0},{"not_picked":["Tempest","Turbo"],"picked":"FTL","floor":8},{"not_picked":["Tempest","Consume"],"picked":"Gash","floor":11},{"not_picked":["Stack","Leap"],"picked":"Loop","floor":13},{"not_picked":["Conserve Battery","Barrage"],"picked":"Hologram","floor":14},{"not_picked":["Biased Cognition","Thunder Strike"],"picked":"Buffer","floor":16},{"not_picked":["Conserve Battery+1","Ball Lightning"],"picked":"Gash+1","floor":18},{"not_picked":["Steam","Consume"],"picked":"Compile Driver","floor":19},{"not_picked":["Ball Lightning","Leap"],"picked":"Conserve Battery+1","floor":20}],"player_experience":853473,"relics_obtained":[{"floor":6.0,"key":"FossilizedHelix"},{"floor":8,"key":"PreservedInsect"},{"floor":9,"key":"Shuriken"},{"floor":13,"key":"Orichalcum"},{"floor":21,"key":"Red Mask"}],"event_choices":[{"damage_healed":0,"gold_gain":0,"player_choice":"Fought Bandits","damage_taken":0,"max_hp_gain":0,"max_hp_loss":0,"event_name":"Masked Bandits","floor":21,"gold_loss":0}],"is_beta":false,"boss_relics":[{"not_picked":["Tiny House","Orrery"],"picked":"Ectoplasm"}],"items_purged_floors":[2],"is_endless":false,"potions_floor_spawned":[3,4,6,13,18],"killed_by":"Gremlin Leader","ascension_level":20}