{"gold_per_floor":[114,130,205,219,394,426,426,445,445,445],"floor_reached":10,"playtime":372,"items_purged":[],"score":68,"play_id":"a739881d-ddde-4988-a1fa-b5d63cee40f5","local_time":"20190125081315","is_ascension_mode":false,"campfire_choices":[],"neow_cost":"NONE","seed_source_timestamp":266287701201500,"circlet_count":0,"master_deck":["Strike_B","Strike_B","Strike_B","Strike_B","Defend_B","Defend_B","Defend_B","Defend_B","Zap","Dualcast","Redo","Lockon","Doubt","Regret","Steam"],"relics":["Cracked Core","Art of War","Torii"],"potions_floor_usage":[],"damage_taken":[{"damage":0,"enemies":"Cultist","floor":1,"turns":3},{"damage":0,"enemies":"2 Louse","floor":2,"turns":2},{"damage":0,"enemies":"Small Slimes","floor":4,"turns":2},{"damage":30,"enemies":"Lagavulin","floor":6,"turns":6},{"damage":4,"enemies":"Looter","floor":8,"turns":3},{"damage":44,"enemies":"Lagavulin Event","floor":10,"turns":5}],"seed_played":"-6881563163670006037","potions_obtained":[{"floor":6,"key":"EssenceOfSteel"}],"is_trial":false,"path_per_floor":["M","M","?","M","?","E","?","M","T","?"],"character_chosen":"DEFECT","items_purchased":[],"campfire_rested":0,"item_purchase_floors":[],"current_hp_per_floor":[82,82,71,71,71,41,41,37,37,0],"gold":445,"neow_bonus":"TEN_PERCENT_HP_BONUS","is_prod":false,"is_daily":false,"chose_seed":false,"campfire_upgraded":0,"win_rate":0,"timestamp":1548400395,"path_taken":["M","M","?","M","?","E","?","M","T","?"],"build_version":"2019-01-23","purchased_purges":0,"victory":false,"max_hp_per_floor":[82,82,82,82,82,82,82,82,82,82],"card_choices":[{"not_picked":["Coolheaded","Compile Driver"],"picked":"Redo","floor":1},{"not_picked":["Go for the Eyes","Leap"],"picked":"Lockon","floor":2},{"not_picked":["Compile Driver","Beam Cell","Hologram"],"picked":"SKIP","floor":4},{"not_picked":["Biased Cognition","Chill","Beam Cell"],"picked":"SKIP","floor":6},{"not_picked":["Hologram","Go for the Eyes"],"picked":"Steam","floor":8}],"player_experience":152459,"relics_obtained":[{"floor":6,"key":"Art of War"}],"event_choices":[{"damage_healed":0,"gold_gain":75,"player_choice":"Gather Gold","damage_taken":11,"max_hp_gain":0,"max_hp_loss":0,"event_name":"World of Goop","floor":3,"gold_loss":0},{"damage_healed":0,"gold_gain":175,"player_choice":"AGREE","damage_taken":0,"max_hp_gain":0,"max_hp_loss":0,"event_name":"Liars Game","floor":5,"gold_loss":0,"cards_obtained":["Doubt"]},{"damage_healed":0,"gold_gain":0,"player_choice":"Box","damage_taken":0,"relics_obtained":["Torii"],"max_hp_gain":0,"max_hp_loss":0,"event_name":"Big Fish","floor":7,"gold_loss":0,"cards_obtained":["Regret"]},{"damage_healed":0,"gold_gain":0,"player_choice":"Searched \u00271\u0027 times","damage_taken":0,"max_hp_gain":0,"max_hp_loss":0,"event_name":"Dead Adventurer","floor":10,"gold_loss":0}],"is_beta":true,"boss_relics":[],"items_purged_floors":[],"is_endless":false,"potions_floor_spawned":[6],"killed_by":"Lagavulin Event","ascension_level":0}