{"gold_per_floor":[114,124,24,42,42,76,76,106,106,133,53,53,80,97,97,168,168,108,108,8,8,8,8,8,8,8,8,8,8,8,8,8,8,8,8,8,8,8,8,8,8,8,8,8,8,8,8,8,8,8],"floor_reached":51,"playtime":2873,"items_purged":["Strike_B","Strike_B"],"score":1425,"play_id":"3a7c0758-4ce7-49d1-abb2-880e235b2be9","local_time":"20181106100324","is_ascension_mode":true,"campfire_choices":[{"data":"Zap","floor":7.0,"key":"SMITH"},{"floor":12.0,"key":"REST"},{"data":"Defragment","floor":15.0,"key":"SMITH"},{"data":"Hyperbeam","floor":23.0,"key":"SMITH"},{"floor":25.0,"key":"REST"},{"data":"Beam Cell","floor":30.0,"key":"SMITH"},{"data":"Tempest","floor":32.0,"key":"SMITH"},{"data":"Echo Form","floor":41,"key":"SMITH"},{"data":"Capacitor","floor":46,"key":"SMITH"},{"floor":49,"key":"REST"}],"neow_cost":"NONE","seed_source_timestamp":0,"circlet_count":0,"master_deck":["AscendersBane","Strike_B","Strike_B","Defend_B","Defend_B","Defend_B","Defend_B","Zap+1","Dualcast","Self Repair","Tempest+1","Ball Lightning","Genetic Algorithm","BootSequence","Echo Form+1","Defragment+1","Cold Snap","Conserve Battery","Hyperbeam+1","Cold Snap","Sweeping Beam","Defragment+1","Compile Driver","Beam Cell+1","Glacier","Core Surge","Stack","Conserve Battery","Capacitor+1","Glacier","Conserve Battery+1","Secret Weapon","Hologram","BootSequence+1","Go for the Eyes"],"special_seed":0,"relics":["Cracked Core","NlothsMask","Happy Flower","Bronze Scales","Gambling Chip","Vajra","Ectoplasm","Enchiridion","DataDisk","Smiling Mask","Runic Pyramid","Emotion Chip","Omamori","Mercury Hourglass","Tiny Chest"],"potions_floor_usage":[48,50],"damage_taken":[{"damage":1.0,"enemies":"Cultist","floor":1.0,"turns":3.0},{"damage":13.0,"enemies":"Small Slimes","floor":2.0,"turns":4.0},{"damage":0.0,"enemies":"2 Louse","floor":4.0,"turns":1.0},{"damage":29.0,"enemies":"3 Sentries","floor":6.0,"turns":6.0},{"damage":38.0,"enemies":"Gremlin Nob","floor":8.0,"turns":4.0},{"damage":10.0,"enemies":"Lagavulin","floor":10.0,"turns":7.0},{"damage":23.0,"enemies":"3 Sentries","floor":13.0,"turns":5.0},{"damage":6.0,"enemies":"Exordium Wildlife","floor":14.0,"turns":6.0},{"damage":24.0,"enemies":"Hexaghost","floor":16.0,"turns":8.0},{"damage":11.0,"enemies":"2 Thieves","floor":18.0,"turns":3.0},{"damage":14.0,"enemies":"Shell Parasite","floor":19.0,"turns":5.0},{"damage":18.0,"enemies":"Chosen and Byrds","floor":21.0,"turns":5.0},{"damage":37.0,"enemies":"Slavers","floor":24.0,"turns":4.0},{"damage":25.0,"enemies":"3 Cultists","floor":28.0,"turns":4.0},{"damage":19.0,"enemies":"Centurion and Healer","floor":29.0,"turns":7.0},{"damage":0.0,"enemies":"Snake Plant","floor":31.0,"turns":3.0},{"damage":39.0,"enemies":"Collector","floor":33.0,"turns":11.0},{"damage":23,"enemies":"3 Darklings","floor":35,"turns":3},{"damage":4,"enemies":"Mind Bloom Boss Battle","floor":37,"turns":7},{"damage":0,"enemies":"Orb Walker","floor":39,"turns":2},{"damage":28,"enemies":"Reptomancer","floor":40,"turns":6},{"damage":0,"enemies":"Jaw Worm Horde","floor":42,"turns":5},{"damage":0,"enemies":"Spire Growth","floor":45,"turns":4},{"damage":14,"enemies":"Transient","floor":47,"turns":6},{"damage":24,"enemies":"Nemesis","floor":48,"turns":6},{"damage":49,"enemies":"Awakened One","floor":50,"turns":16}],"seed_played":"-1770843133226485676","potions_obtained":[{"floor":2.0,"key":"Explosive Potion"},{"floor":6.0,"key":"Block Potion"},{"floor":13.0,"key":"SpeedPotion"},{"floor":14.0,"key":"Ancient Potion"},{"floor":24.0,"key":"SpeedPotion"},{"floor":28.0,"key":"PowerPotion"},{"floor":33.0,"key":"Dexterity Potion"},{"floor":37,"key":"Dexterity Potion"}],"is_trial":false,"path_per_floor":["M","M","$","M","?","E","R","E","T","E","$","R","E","M","R","B",null,"M","M","$","M","?","R","E","R","T","?","M","M","R","M","R","B",null,"M","$","?","?","M","E","R","M","T","?","M","R","M","E","R","B",null],"character_chosen":"DEFECT","items_purchased":["Ball Lightning","Defragment"],"campfire_rested":3,"item_purchase_floors":[3,11],"current_hp_per_floor":[70,64,64,64,64,42,42,11,11,15,15,38,29,51,51,41,69,65,72,72,61,40,40,10,33,33,33,29,38,38,52,52,27,65,49,49,59,59,59,38,38,38,38,38,45,45,45,28,51,9],"gold":8,"neow_bonus":"TEN_PERCENT_HP_BONUS","is_prod":false,"is_daily":false,"chose_seed":false,"campfire_upgraded":7,"win_rate":0,"timestamp":1541516604,"path_taken":["M","M","$","M","?","E","R","E","T","E","$","R","E","M","R","BOSS","M","?","$","M","?","R","E","R","T","?","M","?","R","M","R","BOSS","M","$","?","?","M","E","R","?","T","?","M","R","M","E","R","BOSS"],"build_version":"2018-11-01","purchased_purges":2,"victory":true,"max_hp_per_floor":[78,78,78,78,78,78,78,78,78,78,78,78,78,78,78,78,78,78,78,78,78,78,78,78,78,78,78,78,78,78,78,78,78,78,78,78,78,78,78,78,78,78,78,78,78,78,78,78,78,78],"card_choices":[{"not_picked":["Gash","Cold Snap"],"picked":"Self Repair","floor":1.0},{"not_picked":["Heatsinks","Storm"],"picked":"Tempest","floor":2.0},{"not_picked":["Compile Driver","Coolheaded"],"picked":"Genetic Algorithm","floor":4.0},{"not_picked":["Leap","Consume"],"picked":"BootSequence","floor":6.0},{"not_picked":["Double Energy","Redo"],"picked":"Self Repair","floor":8.0},{"not_picked":["Reprogram","Redo"],"picked":"Echo Form","floor":10.0},{"not_picked":["Skim","Sweeping Beam"],"picked":"Cold Snap","floor":13.0},{"not_picked":["Skim","Sweeping Beam"],"picked":"Conserve Battery","floor":14.0},{"not_picked":["Rainbow","Thunder Strike"],"picked":"Hyperbeam","floor":16.0},{"not_picked":["Rebound","Steam"],"picked":"Cold Snap","floor":18.0},{"not_picked":["Cold Snap","Rainbow"],"picked":"Sweeping Beam","floor":19.0},{"not_picked":["Cold Snap","Rebound"],"picked":"Defragment+1","floor":21.0},{"not_picked":["Leap","Blizzard","Darkness"],"picked":"SKIP","floor":24.0},{"not_picked":["Hello World","Recycle"],"picked":"Compile Driver","floor":28.0},{"not_picked":["Melter","Turbo"],"picked":"Beam Cell","floor":29.0},{"not_picked":["Hologram","Compile Driver"],"picked":"Glacier","floor":31.0},{"not_picked":["Reboot","All For One"],"picked":"Core Surge","floor":33.0},{"not_picked":["Sweeping Beam","Steam"],"picked":"Stack","floor":35},{"not_picked":["Steam+1","Turbo"],"picked":"Conserve Battery","floor":37},{"not_picked":["Cold Snap","Ball Lightning"],"picked":"Capacitor","floor":39},{"not_picked":["Conserve Battery","Barrage"],"picked":"Glacier","floor":40},{"not_picked":["Beam Cell","Stack"],"picked":"Conserve Battery+1","floor":42},{"not_picked":["Mind Blast","Flash of Steel"],"picked":"Secret Weapon","floor":44},{"not_picked":["Force Field","Streamline"],"picked":"Hologram","floor":45},{"not_picked":["Hologram","Streamline"],"picked":"BootSequence+1","floor":47},{"not_picked":["Coolheaded","Blizzard"],"picked":"Go for the Eyes","floor":48}],"player_experience":617306,"relics_obtained":[{"floor":6.0,"key":"Happy Flower"},{"floor":8.0,"key":"Bronze Scales"},{"floor":10.0,"key":"Gambling Chip"},{"floor":13.0,"key":"Vajra"},{"floor":22.0,"key":"Enchiridion"},{"floor":24.0,"key":"DataDisk"},{"floor":26.0,"key":"Smiling Mask"},{"floor":37,"key":"Emotion Chip"},{"floor":40,"key":"Omamori"},{"floor":43,"key":"Mercury Hourglass"},{"floor":48,"key":"Tiny Chest"}],"event_choices":[{"damage_healed":0.0,"max_hp_gain":0.0,"max_hp_loss":0.0,"gold_gain":0.0,"event_name":"FaceTrader","player_choice":"Trade","floor":5.0,"gold_loss":0.0,"damage_taken":0.0,"relics_obtained":["NlothsMask"]},{"damage_healed":0.0,"max_hp_gain":0.0,"max_hp_loss":0.0,"gold_gain":0.0,"event_name":"Cursed Tome","player_choice":"Obtained Book","floor":22.0,"gold_loss":0.0,"damage_taken":21.0},{"damage_healed":0.0,"max_hp_gain":0.0,"max_hp_loss":0.0,"gold_gain":0.0,"event_name":"Golden Shrine","player_choice":"Ignored","floor":27.0,"gold_loss":0.0,"damage_taken":0.0},{"damage_healed":0,"gold_gain":0,"player_choice":"Fight","damage_taken":0,"max_hp_gain":0,"max_hp_loss":0,"event_name":"MindBloom","floor":37,"gold_loss":0},{"cards_removed":["Self Repair"],"damage_healed":0,"gold_gain":0,"player_choice":"Purged","damage_taken":0,"max_hp_gain":0,"max_hp_loss":0,"event_name":"Purifier","floor":38,"gold_loss":0},{"damage_healed":0,"gold_gain":0,"player_choice":"Memory 1","damage_taken":0,"max_hp_gain":0,"max_hp_loss":0,"event_name":"SensoryStone","floor":44,"gold_loss":0}],"is_beta":false,"boss_relics":[{"not_picked":["White Beast Statue","Eternal Feather"],"picked":"Ectoplasm"},{"not_picked":["Nuclear Battery","Fusion Hammer"],"picked":"Runic Pyramid"}],"items_purged_floors":[3,20],"is_endless":false,"potions_floor_spawned":[2,6,13,14,19,24,28,33,37,40,42,45],"ascension_level":19}