{"gold_per_floor":[117,16,16,16,16,16,47,47,72,105,41,41,76,94,94,94],"floor_reached":16,"playtime":348,"items_purged":["Strike_G"],"score":328,"play_id":"76bec81b-2a35-4a4b-924d-b88e4ee36ecd","local_time":"20190218130654","is_ascension_mode":true,"campfire_choices":[{"data":"Neutralize","floor":6,"key":"SMITH"},{"data":"Leg Sweep","floor":8,"key":"SMITH"},{"data":"Crippling Poison","floor":15,"key":"SMITH"}],"neow_cost":"NONE","seed_source_timestamp":358809528077693,"circlet_count":0,"master_deck":["AscendersBane","Defend_G","Defend_G","Defend_G","Defend_G","Defend_G","Strike_G+1","Strike_G","Strike_G","Strike_G","Survivor","Neutralize+1","Dagger Throw+1","Flying Knee","Leg Sweep+1","Cloak And Dagger","Crippling Poison+1","Cloak And Dagger"],"relics":["Ring of the Snake","NeowsBlessing","Regal Pillow","Golden Idol","Letter Opener","Whetstone","Thread and Needle","Juzu Bracelet"],"potions_floor_usage":[16],"damage_taken":[{"damage":0,"enemies":"Cultist","floor":1,"turns":1},{"damage":0,"enemies":"3 Sentries","floor":7,"turns":1},{"damage":0,"enemies":"Gremlin Nob","floor":10,"turns":1},{"damage":30,"enemies":"Lagavulin","floor":13,"turns":9},{"damage":0,"enemies":"Jaw Worm","floor":14,"turns":4},{"damage":14,"enemies":"Slime Boss","floor":16,"turns":6}],"seed_played":"7652273016857936026","potions_obtained":[{"floor":13,"key":"Energy Potion"}],"is_trial":false,"path_per_floor":["M","$","?","?","?","R","E","R","T","E","?","$","E","M","R","B"],"character_chosen":"THE_SILENT","items_purchased":["Flying Knee"],"campfire_rested":0,"item_purchase_floors":[2],"current_hp_per_floor":[59,59,41,41,41,41,41,41,41,41,41,41,11,11,11,0],"gold":94,"neow_bonus":"THREE_ENEMY_KILL","is_prod":false,"is_daily":false,"chose_seed":false,"campfire_upgraded":3,"win_rate":0,"timestamp":1550513214,"path_taken":["M","$","?","?","?","R","E","R","T","E","?","?","E","M","R","BOSS"],"build_version":"2019-01-23","purchased_purges":1,"victory":false,"max_hp_per_floor":[66,66,66,66,60,60,60,60,60,60,60,60,60,60,60,60],"card_choices":[{"not_picked":["Dodge and Roll","Backflip"],"picked":"Dagger Throw","floor":1},{"not_picked":["Venomology","Backflip"],"picked":"Leg Sweep","floor":7},{"not_picked":["Acrobatics","Setup"],"picked":"Cloak And Dagger","floor":10},{"not_picked":["Bane","Expertise"],"picked":"Crippling Poison","floor":13},{"not_picked":["Dagger Throw","Acrobatics"],"picked":"Cloak And Dagger","floor":14}],"player_experience":848320,"relics_obtained":[{"floor":7,"key":"Letter Opener"},{"floor":9,"key":"Whetstone"},{"floor":10,"key":"Thread and Needle"},{"floor":13,"key":"Juzu Bracelet"}],"event_choices":[{"damage_healed":0,"gold_gain":0,"player_choice":"Success","damage_taken":18,"relics_obtained":["Regal Pillow"],"max_hp_gain":0,"max_hp_loss":0,"event_name":"Scrap Ooze","floor":3,"gold_loss":0},{"damage_healed":0,"gold_gain":0,"player_choice":"Ignored","damage_taken":0,"max_hp_gain":0,"max_hp_loss":0,"event_name":"Liars Game","floor":4,"gold_loss":0},{"damage_healed":0,"gold_gain":0,"player_choice":"Lose Max HP","damage_taken":0,"relics_obtained":["Golden Idol"],"max_hp_gain":0,"max_hp_loss":6,"event_name":"Golden Idol","floor":5,"gold_loss":0},{"damage_healed":0,"gold_gain":0,"player_choice":"Left Gold","damage_taken":0,"max_hp_gain":0,"max_hp_loss":0,"event_name":"World of Goop","floor":11,"gold_loss":64}],"is_beta":false,"boss_relics":[],"items_purged_floors":[2],"is_endless":false,"potions_floor_spawned":[13],"killed_by":"Slime Boss","ascension_level":20}