{"gold_per_floor":[118,118,134,134,52,52,68,94,144,155,155,172,25,41,41,113,113,124,91,110,126,139,139,169,180,228,228,8,8,8,8,8,83,83,97,0,100,115,132,161,17,17,17,17,52,52,52,70,70,70],"floor_reached":50,"playtime":3970,"items_purged":[],"score":924,"play_id":"1d4416a3-6bf4-4ab1-afed-aedccf040564","local_time":"20190207011701","is_ascension_mode":true,"campfire_choices":[{"floor":6.0,"key":"REST"},{"floor":11.0,"key":"REST"},{"data":"Chaos","floor":15.0,"key":"SMITH"},{"floor":23.0,"key":"REST"},{"floor":27.0,"key":"REST"},{"data":"Fission","floor":29.0,"key":"SMITH"},{"floor":32.0,"key":"REST"},{"floor":42.0,"key":"REST"},{"data":"Glacier","floor":44.0,"key":"SMITH"},{"floor":49,"key":"REST"}],"neow_cost":"NONE","seed_source_timestamp":0,"circlet_count":0,"master_deck":["AscendersBane","Strike_B","Strike_B","Strike_B","Defend_B","Defend_B+1","Defend_B","Zap+1","Dualcast","Machine Learning","Gash","Go for the Eyes","Defragment","FTL","Glacier+1","Chaos+1","Hologram","Coolheaded","Fission+1","Redo","Loop+1","Defragment+1","Undo","Hologram","BootSequence","Leap","Electrodynamics+1","Force Field","All For One","Decay","Gash+1","Chill+1","Glacier","Leap+1","Hologram","Streamline+1","Redo","Writhe"],"special_seed":0,"relics":["Cracked Core","Strawberry","Frozen Egg 2","Regal Pillow","Juzu Bracelet","Sozu","Bag of Preparation","Blood Vial","Peace Pipe","Calipers","Astrolabe","Red Mask","Nunchaku","Girya","Pen Nib","Symbiotic Virus","Cables"],"potions_floor_usage":[],"damage_taken":[{"damage":7.0,"enemies":"Small Slimes","floor":1.0,"turns":4.0},{"damage":0.0,"enemies":"2 Louse","floor":3.0,"turns":2.0},{"damage":6.0,"enemies":"Jaw Worm","floor":7.0,"turns":3.0},{"damage":30.0,"enemies":"Gremlin Nob","floor":8.0,"turns":4.0},{"damage":0.0,"enemies":"2 Fungi Beasts","floor":10.0,"turns":5.0},{"damage":7.0,"enemies":"Blue Slaver","floor":12.0,"turns":4.0},{"damage":0.0,"enemies":"Large Slime","floor":14.0,"turns":4.0},{"damage":43.0,"enemies":"The Guardian","floor":16.0,"turns":12.0},{"damage":4.0,"enemies":"3 Byrds","floor":18.0,"turns":6.0},{"damage":0.0,"enemies":"Spheric Guardian","floor":20.0,"turns":6.0},{"damage":21.0,"enemies":"Snake Plant","floor":21.0,"turns":4.0},{"damage":4.0,"enemies":"Chosen and Byrds","floor":22.0,"turns":10.0},{"damage":60.0,"enemies":"Gremlin Leader","floor":24.0,"turns":13.0},{"damage":10.0,"enemies":"Centurion and Healer","floor":25.0,"turns":8.0},{"damage":24.0,"enemies":"Automaton","floor":33.0,"turns":14.0},{"damage":2.0,"enemies":"3 Shapes","floor":35.0,"turns":4.0},{"damage":5.0,"enemies":"Mind Bloom Boss Battle","floor":37.0,"turns":7.0},{"damage":8.0,"enemies":"Orb Walker","floor":38.0,"turns":4.0},{"damage":8.0,"enemies":"3 Darklings","floor":39.0,"turns":6.0},{"damage":36.0,"enemies":"Reptomancer","floor":40.0,"turns":8.0},{"damage":33,"enemies":"Giant Head","floor":45,"turns":9},{"damage":10,"enemies":"Spire Growth","floor":48,"turns":5},{"damage":87,"enemies":"Awakened One","floor":50,"turns":17}],"seed_played":"1712626578480580764","potions_obtained":[{"floor":7.0,"key":"SteroidPotion"},{"floor":10.0,"key":"Fire Potion"}],"is_trial":false,"path_per_floor":["M","?","M","?","$","R","M","E","T","M","R","M","$","M","R","B",null,"M","$","M","M","M","R","E","M","T","R","$","R","?","?","R","B",null,"M","?","?","M","M","E","$","R","T","R","E","$","?","M","R","B"],"character_chosen":"DEFECT","items_purchased":["Defragment","Juzu Bracelet","Loop+1","Electrodynamics+1","Force Field","Pen Nib"],"campfire_rested":7,"item_purchase_floors":[5,13,19,28,28,41],"current_hp_per_floor":[61,46,46,35,35,59,53,23,23,23,62,55,55,55,55,12,65,61,61,61,40,36,75,15,5,5,44,44,44,44,44,82,58,76,76,76,73,67,61,27,27,66,66,66,35,35,56,48,82,0],"gold":70,"neow_bonus":"ONE_RANDOM_RARE_CARD","is_prod":false,"is_daily":false,"chose_seed":false,"campfire_upgraded":3,"win_rate":0,"timestamp":1549477021,"path_taken":["M","?","M","?","$","R","M","E","T","M","R","M","$","M","R","BOSS","M","$","M","M","M","R","E","M","T","R","$","R","?","?","R","BOSS","M","?","?","M","M","E","$","R","T","R","E","$","?","M","R","BOSS"],"build_version":"2019-01-23","purchased_purges":0,"victory":false,"max_hp_per_floor":[75,75,75,82,82,82,82,82,82,82,82,82,82,82,82,82,82,82,82,82,82,82,82,82,82,82,82,82,82,82,82,82,82,82,82,82,82,82,82,82,82,82,82,82,82,82,82,82,82,82],"card_choices":[{"not_picked":["Coolheaded","Turbo"],"picked":"Gash","floor":1.0},{"not_picked":["Beam Cell","FTL"],"picked":"Go for the Eyes","floor":3.0},{"not_picked":["Turbo","Hyperbeam"],"picked":"FTL","floor":7.0},{"not_picked":["Compile Driver","Force Field"],"picked":"Glacier","floor":8.0},{"not_picked":["Compile Driver","Redo"],"picked":"Chaos","floor":10.0},{"not_picked":["Barrage","Auto Shields"],"picked":"Hologram","floor":12.0},{"not_picked":["Cold Snap","Leap"],"picked":"Coolheaded","floor":14.0},{"not_picked":["Creative AI+1","Machine Learning+1"],"picked":"Fission","floor":16.0},{"not_picked":["Force Field","Fusion"],"picked":"Redo","floor":18.0},{"not_picked":["Undo","Ball Lightning+1"],"picked":"Defragment+1","floor":20.0},{"not_picked":["Streamline+1","Cold Snap"],"picked":"Undo","floor":21.0},{"not_picked":["Blizzard","Hello World+1"],"picked":"Hologram","floor":22.0},{"not_picked":["Turbo","Rebound"],"picked":"BootSequence","floor":24.0},{"not_picked":["Sunder","Sweeping Beam"],"picked":"Leap","floor":25.0},{"not_picked":["Electrodynamics+1","Thunder Strike"],"picked":"All For One","floor":33.0},{"not_picked":["Reinforced Body","Doom and Gloom"],"picked":"Glacier","floor":35.0},{"not_picked":["Ball Lightning+1","Sunder+1"],"picked":"Leap+1","floor":37.0},{"not_picked":["Leap","Streamline","Beam Cell"],"picked":"SKIP","floor":38.0},{"not_picked":["Sweeping Beam","White Noise+1"],"picked":"Hologram","floor":39.0},{"not_picked":["Hologram","White Noise+1"],"picked":"Streamline+1","floor":40.0},{"not_picked":["Reprogram","Leap"],"picked":"Redo","floor":45},{"not_picked":["Conserve Battery","Streamline","Electrodynamics+1"],"picked":"SKIP","floor":48}],"player_experience":329302,"relics_obtained":[{"floor":8.0,"key":"Frozen Egg 2"},{"floor":9.0,"key":"Regal Pillow"},{"floor":24.0,"key":"Bag of Preparation"},{"floor":26.0,"key":"Blood Vial"},{"floor":37.0,"key":"Nunchaku"},{"floor":40.0,"key":"Girya"},{"floor":43.0,"key":"Symbiotic Virus"},{"floor":45,"key":"Cables"}],"event_choices":[{"damage_healed":0.0,"max_hp_gain":0.0,"max_hp_loss":0.0,"gold_gain":0.0,"event_name":"Shining Light","player_choice":"Entered Light","floor":2.0,"gold_loss":0.0,"damage_taken":15.0,"cards_upgraded":["Defend_B","Zap"]},{"damage_healed":0.0,"max_hp_gain":0.0,"max_hp_loss":0.0,"gold_gain":0.0,"event_name":"Scrap Ooze","player_choice":"Success","floor":4.0,"gold_loss":0.0,"damage_taken":18.0,"relics_obtained":["Strawberry"]},{"damage_healed":0.0,"max_hp_gain":0.0,"max_hp_loss":0.0,"gold_gain":0.0,"event_name":"Addict","player_choice":"Stole Relic","floor":30.0,"gold_loss":0.0,"damage_taken":0.0,"relics_obtained":["Peace Pipe"],"cards_obtained":["Shame"]},{"damage_healed":0.0,"max_hp_gain":0.0,"max_hp_loss":0.0,"gold_gain":0.0,"event_name":"The Mausoleum","player_choice":"Opened","floor":31.0,"gold_loss":0.0,"damage_taken":0.0,"relics_obtained":["Calipers"]},{"damage_healed":0.0,"max_hp_gain":0.0,"max_hp_loss":0.0,"gold_gain":0.0,"event_name":"Tomb of Lord Red Mask","player_choice":"Paid","floor":36.0,"gold_loss":97.0,"damage_taken":0.0,"relics_obtained":["Red Mask"]},{"damage_healed":0.0,"max_hp_gain":0.0,"max_hp_loss":0.0,"gold_gain":0.0,"event_name":"MindBloom","player_choice":"Fight","floor":37.0,"gold_loss":0.0,"damage_taken":0.0},{"damage_healed":21,"gold_gain":0,"player_choice":"Writhe","damage_taken":0,"max_hp_gain":0,"max_hp_loss":0,"event_name":"Winding Halls","floor":47,"gold_loss":0,"cards_obtained":["Writhe"]}],"is_beta":false,"boss_relics":[{"not_picked":["Ectoplasm","Philosopher\u0027s Stone"],"picked":"Sozu"},{"not_picked":["Empty Cage","Calling Bell"],"picked":"Astrolabe"}],"items_purged_floors":[],"is_endless":false,"potions_floor_spawned":[7,10,12,20,25,37,45,48],"killed_by":"Awakened One","ascension_level":13}