{"gold_per_floor":[215,215,290,308,308,342,342,360,385,385,416,436,436,459,459,584,584,609,592,592,502,523,564,564,579,603,603,167,187,187,206,206,326,326,345,345],"floor_reached":36,"playtime":3127,"items_purged":["Shame"],"score":419,"play_id":"86fcf59b-85ee-472e-97eb-25a8ef2e555b","local_time":"20190116101130","is_ascension_mode":false,"campfire_choices":[{"floor":7,"key":"REST"},{"floor":10,"key":"REST"},{"data":"Noxious Fumes","floor":15,"key":"SMITH"},{"floor":24,"key":"REST"},{"floor":27,"key":"REST"},{"data":"Doubt","floor":32,"key":"PURGE"}],"neow_cost":"NONE","seed_source_timestamp":118177938825000,"circlet_count":0,"master_deck":["Defend_G","Defend_G+1","Defend_G","Defend_G","Defend_G","Survivor","Neutralize+1","Caltrops+1","Backflip","Injury","Flying Knee","Dash","Backflip","Iron Wave","Noxious Fumes+1","Masterful Stab","Outmaneuver","Bite","Bite","Bite","Bite","Bite","Heel Hook","Footwork","Bane","After Image"],"relics":["Ring of the Snake","Golden Idol","Vajra","Snake Skull","Calling Bell","Bag of Preparation","Sundial","Peace Pipe","Dodecahedron","Regal Pillow","Lantern","Frozen Eye","Black Star"],"potions_floor_usage":[6,16,23,23,23,25],"damage_taken":[{"damage":4,"enemies":"Jaw Worm","floor":1,"turns":6},{"damage":0,"enemies":"Small Slimes","floor":4,"turns":4},{"damage":21,"enemies":"Gremlin Nob","floor":6,"turns":6},{"damage":0,"enemies":"Cultist","floor":8,"turns":3},{"damage":13,"enemies":"3 Sentries","floor":11,"turns":8},{"damage":0,"enemies":"Looter","floor":12,"turns":3},{"damage":0,"enemies":"2 Fungi Beasts","floor":14,"turns":4},{"damage":16,"enemies":"The Guardian","floor":16,"turns":9},{"damage":13,"enemies":"Shell Parasite","floor":18,"turns":7},{"damage":13,"enemies":"2 Thieves","floor":19,"turns":5},{"damage":18,"enemies":"Snake Plant","floor":22,"turns":5},{"damage":32,"enemies":"Slavers","floor":23,"turns":6},{"damage":21,"enemies":"Cultist and Chosen","floor":25,"turns":6},{"damage":5,"enemies":"Shelled Parasite and Fungi","floor":29,"turns":6},{"damage":18,"enemies":"Snake Plant","floor":31,"turns":4},{"damage":49,"enemies":"Collector","floor":33,"turns":11},{"damage":34,"enemies":"3 Darklings","floor":35,"turns":5},{"damage":40,"enemies":"2 Orb Walkers","floor":36,"turns":3}],"seed_played":"5740626482212620304","potions_obtained":[{"floor":1,"key":"EssenceOfSteel"},{"floor":12,"key":"Weak Potion"},{"floor":16,"key":"Swift Potion"},{"floor":18,"key":"Explosive Potion"},{"floor":19,"key":"Poison Potion"},{"floor":23,"key":"SkillPotion"}],"is_trial":false,"path_per_floor":["M","?","?","M","?","E","R","M","T","R","E","M","?","M","R","B",null,"M","M","?","?","M","E","R","M","T","R","$","M","?","M","R","B",null,"M","?"],"character_chosen":"THE_SILENT","items_purchased":["Lantern","Frozen Eye"],"campfire_rested":4,"item_purchase_floors":[28,28],"current_hp_per_floor":[66,52,41,41,41,20,41,41,41,62,49,51,51,53,53,39,70,57,46,46,46,34,6,27,12,12,48,48,49,70,52,52,21,70,38,0],"gold":345,"neow_bonus":"HUNDRED_GOLD","is_prod":false,"is_daily":false,"chose_seed":false,"campfire_upgraded":1,"win_rate":0,"timestamp":1547629890,"path_taken":["M","?","?","M","?","E","R","?","T","R","E","M","?","M","R","BOSS","M","?","?","?","M","E","R","M","T","R","$","?","?","M","R","BOSS","M","?"],"build_version":"2019-01-14v2","purchased_purges":1,"victory":false,"max_hp_per_floor":[70,70,70,70,70,70,70,70,70,70,70,70,70,70,70,70,70,70,70,70,70,70,70,70,70,70,70,70,70,70,70,70,70,70,70,70],"card_choices":[{"not_picked":["Backflip","Calculated Gamble"],"picked":"Caltrops","floor":1},{"not_picked":["Underhanded Strike","Dagger Throw"],"picked":"Backflip","floor":4},{"not_picked":["Catalyst","Deadly Poison"],"picked":"Flying Knee","floor":6},{"not_picked":["Distraction","Infinite Blades"],"picked":"Dash","floor":8},{"not_picked":["Doppelganger","Deadly Poison","Bane"],"picked":"SKIP","floor":11},{"not_picked":["Calculated Gamble","Poisoned Stab"],"picked":"Backflip","floor":12},{"not_picked":["Deflect","Blade Dance"],"picked":"Noxious Fumes","floor":14},{"not_picked":["Bane","Flechettes+1"],"picked":"Masterful Stab","floor":18},{"not_picked":["Wraith Form v2","Backflip"],"picked":"Outmaneuver","floor":19},{"not_picked":["Flying Knee","Slice"],"picked":"Heel Hook","floor":22},{"not_picked":["Distraction","Dagger Spray","Riddle With Holes"],"picked":"SKIP","floor":23},{"not_picked":["Poisoned Stab","Bane"],"picked":"Footwork","floor":25},{"not_picked":["Dash","Blade Dance+1"],"picked":"Bane","floor":29},{"not_picked":["Deadly Poison","Sucker Punch","Expertise+1"],"picked":"SKIP","floor":31},{"not_picked":["Doppelganger","Tools of the Trade"],"picked":"After Image","floor":33},{"not_picked":["Bouncing Flask","PiercingWail","Deadly Poison"],"picked":"SKIP","floor":35}],"player_experience":109737,"relics_obtained":[{"floor":6,"key":"Vajra"},{"floor":9,"key":"Snake Skull"},{"floor":11,"key":"Blood Vial"},{"floor":17,"key":"Bag of Preparation"},{"floor":17,"key":"Sundial"},{"floor":17,"key":"Peace Pipe"},{"floor":23,"key":"Dodecahedron"},{"floor":26,"key":"Regal Pillow"}],"event_choices":[{"damage_healed":0,"gold_gain":0,"player_choice":"Entered Light","damage_taken":14,"max_hp_gain":0,"max_hp_loss":0,"event_name":"Shining Light","floor":2,"gold_loss":0,"cards_upgraded":["Defend_G","Neutralize"]},{"damage_healed":0,"gold_gain":75,"player_choice":"Gather Gold","damage_taken":11,"max_hp_gain":0,"max_hp_loss":0,"event_name":"World of Goop","floor":3,"gold_loss":0},{"damage_healed":0,"gold_gain":0,"player_choice":"Take Wound","damage_taken":0,"relics_obtained":["Golden Idol"],"max_hp_gain":0,"max_hp_loss":0,"event_name":"Golden Idol","floor":5,"gold_loss":0,"cards_obtained":["Injury"]},{"cards_removed":["Strike_G"],"damage_healed":0,"gold_gain":0,"player_choice":"Took Card","damage_taken":0,"max_hp_gain":0,"max_hp_loss":0,"event_name":"NoteForYourself","floor":13,"gold_loss":0,"cards_obtained":["Iron Wave"]},{"damage_healed":0,"gold_gain":0,"player_choice":"Became a vampire (Vial)","damage_taken":0,"max_hp_gain":0,"max_hp_loss":0,"event_name":"Vampires","floor":20,"relics_lost":["Blood Vial"],"gold_loss":0,"cards_obtained":["Bite","Bite","Bite","Bite","Bite"]},{"cards_removed":["Shame"],"damage_healed":0,"gold_gain":0,"player_choice":"Upgrade and Remove","damage_taken":0,"max_hp_gain":0,"max_hp_loss":0,"event_name":"Designer","floor":21,"gold_loss":90,"cards_upgraded":["Caltrops"]},{"damage_healed":23,"gold_gain":0,"player_choice":"Heal","damage_taken":0,"max_hp_gain":0,"max_hp_loss":0,"event_name":"The Library","floor":30,"gold_loss":0},{"damage_healed":0,"gold_gain":0,"player_choice":"Fight","damage_taken":0,"max_hp_gain":0,"max_hp_loss":0,"event_name":"Mysterious Sphere","floor":36,"gold_loss":0}],"is_beta":true,"boss_relics":[{"not_picked":["Empty Cage","Ectoplasm"],"picked":"Calling Bell"},{"not_picked":["Tiny House","Orrery"],"picked":"Black Star"}],"items_purged_floors":[28],"is_endless":false,"potions_floor_spawned":[1,12,16,18,19,22,23],"killed_by":"2 Orb Walkers","ascension_level":0}