{"gold_per_floor":[119,137,152,168,221,221,251,251,251,251,251,251,251,251,251,329,379,390,42,42,52,68,68,91,122,122,172,172,172,183,200,200,274,274,285,285,295,315,315,315],"floor_reached":40,"playtime":1291,"items_purged":["Strike_B"],"score":1133,"play_id":"86170409-2940-4d40-a836-251007b6f805","local_time":"20190218040858","is_ascension_mode":true,"campfire_choices":[{"floor":6.0,"key":"REST"},{"data":"All For One","floor":10.0,"key":"SMITH"},{"floor":12.0,"key":"REST"},{"data":"Go for the Eyes","floor":15.0,"key":"SMITH"},{"floor":23.0,"key":"REST"},{"data":"Swift Strike","floor":28.0,"key":"SMITH"},{"floor":32.0,"key":"REST"}],"neow_cost":"NONE","seed_source_timestamp":0,"circlet_count":0,"master_deck":["AscendersBane","Strike_B","Strike_B+1","Defend_B","Defend_B","Defend_B+1","Defend_B","Zap","Dualcast+1","All For One+1","Cold Snap","Gash","Go for the Eyes+1","Static Discharge","Echo Form","Gash+1","Swift Strike+1","Gash+1","Gash+1","Gash","FTL","Core Surge","Conserve Battery+1","Parasite"],"special_seed":0,"relics":["Cracked Core","Pear","Dead Branch","Tiny House","Regal Pillow","PreservedInsect","StoneCalendar","Juzu Bracelet","Nuclear Battery"],"potions_floor_usage":[40],"damage_taken":[{"damage":3.0,"enemies":"2 Louse","floor":1.0,"turns":3.0},{"damage":5.0,"enemies":"Jaw Worm","floor":2.0,"turns":4.0},{"damage":9.0,"enemies":"Small Slimes","floor":3.0,"turns":3.0},{"damage":4.0,"enemies":"Exordium Thugs","floor":4.0,"turns":4.0},{"damage":20.0,"enemies":"Gremlin Nob","floor":7.0,"turns":4.0},{"damage":43.0,"enemies":"Hexaghost","floor":16.0,"turns":12.0},{"damage":11.0,"enemies":"3 Byrds","floor":18.0,"turns":2.0},{"damage":28.0,"enemies":"Shell Parasite","floor":21.0,"turns":5.0},{"damage":15.0,"enemies":"3 Cultists","floor":22.0,"turns":4.0},{"damage":19.0,"enemies":"Gremlin Leader","floor":25.0,"turns":4.0},{"damage":36.0,"enemies":"Snake Plant","floor":30.0,"turns":4.0},{"damage":0.0,"enemies":"Chosen and Byrds","floor":31.0,"turns":3.0},{"damage":19.0,"enemies":"Champ","floor":33.0,"turns":7.0},{"damage":58.0,"enemies":"3 Darklings","floor":35.0,"turns":5.0},{"damage":10.0,"enemies":"3 Shapes","floor":37.0,"turns":7.0},{"damage":23.0,"enemies":"Writhing Mass","floor":38.0,"turns":7.0},{"damage":60,"enemies":"Reptomancer","floor":40,"turns":2}],"seed_played":"-5522380529122470079","potions_obtained":[{"floor":3.0,"key":"Regen Potion"},{"floor":4.0,"key":"Fire Potion"},{"floor":7.0,"key":"PowerPotion"},{"floor":30.0,"key":"Ancient Potion"},{"floor":31.0,"key":"SkillPotion"},{"floor":33.0,"key":"EssenceOfSteel"},{"floor":37.0,"key":"Ancient Potion"}],"is_trial":false,"path_per_floor":["M","M","M","M","?","R","E","?","T","R","?","R","?","?","R","B",null,"M","$","?","M","M","R","T","E","T","?","R","?","M","M","R","B",null,"M","?","M","M","?","E"],"character_chosen":"DEFECT","items_purchased":["Regal Pillow","Swift Strike"],"campfire_rested":4,"item_purchase_floors":[19,19],"current_hp_per_floor":[61,56,47,43,43,64,54,54,54,54,30,54,59,59,59,16,74,63,63,63,35,34,76,76,57,57,57,57,57,21,21,63,44,79,21,75,65,42,42,0],"gold":315,"neow_bonus":"ONE_RANDOM_RARE_CARD","is_prod":false,"is_daily":false,"chose_seed":false,"campfire_upgraded":3,"win_rate":0,"timestamp":1550480938,"path_taken":["M","M","M","M","?","R","E","?","T","R","?","R","?","?","R","BOSS","M","$","?","?","M","R","?","E","T","?","R","?","M","M","R","BOSS","M","?","M","M","?","E"],"build_version":"2019-01-23","purchased_purges":1,"victory":false,"max_hp_per_floor":[71,71,71,71,71,71,81,81,81,81,81,81,86,86,86,86,91,91,91,91,91,91,91,91,91,91,91,91,91,91,91,91,91,91,91,75,75,75,75,75],"card_choices":[{"not_picked":["Turbo","Heatsinks"],"picked":"Cold Snap","floor":1.0},{"not_picked":["Scrape","Sweeping Beam"],"picked":"Gash","floor":2.0},{"not_picked":["Skim","Beam Cell"],"picked":"Go for the Eyes","floor":3.0},{"not_picked":["Redo","Steam","Hello World"],"picked":"SKIP","floor":4.0},{"not_picked":["Doom and Gloom","Hologram","Reprogram"],"picked":"SKIP","floor":7.0},{"not_picked":["Reboot","Multi-Cast"],"picked":"Echo Form","floor":16.0},{"not_picked":["Rip and Tear","Consume"],"picked":"Gash+1","floor":18.0},{"not_picked":["Rebound","Recycle"],"picked":"Gash+1","floor":21.0},{"not_picked":["Melter","Steam","Streamline"],"picked":"SKIP","floor":22.0},{"not_picked":["Streamline","Loop","Electrodynamics"],"picked":"SKIP","floor":25.0},{"not_picked":["Hologram","Sweeping Beam","Recycle"],"picked":"SKIP","floor":30.0},{"not_picked":["Turbo","Consume"],"picked":"FTL","floor":31.0},{"not_picked":["Electrodynamics","Creative AI"],"picked":"Core Surge","floor":33.0},{"not_picked":["Heatsinks","Melter+1"],"picked":"Conserve Battery+1","floor":35.0},{"not_picked":["Coolheaded+1","Rebound","Hologram"],"picked":"SKIP","floor":37.0},{"not_picked":["Cold Snap","Conserve Battery","Rip and Tear"],"picked":"SKIP","floor":38.0}],"player_experience":300205,"relics_obtained":[{"floor":7.0,"key":"Pear"},{"floor":9.0,"key":"Dead Branch"},{"floor":24.0,"key":"PreservedInsect"},{"floor":25.0,"key":"StoneCalendar"},{"floor":26.0,"key":"Juzu Bracelet"}],"event_choices":[{"damage_healed":0.0,"max_hp_gain":0.0,"max_hp_loss":0.0,"gold_gain":53.0,"event_name":"Golden Wing","player_choice":"Gained Gold","floor":5.0,"gold_loss":0.0,"damage_taken":0.0},{"damage_healed":0.0,"max_hp_gain":0.0,"max_hp_loss":0.0,"gold_gain":0.0,"event_name":"Liars Game","player_choice":"Ignored","floor":8.0,"gold_loss":0.0,"damage_taken":0.0},{"damage_healed":0.0,"max_hp_gain":0.0,"max_hp_loss":0.0,"gold_gain":0.0,"event_name":"Shining Light","player_choice":"Entered Light","floor":11.0,"gold_loss":0.0,"damage_taken":24.0,"cards_upgraded":["Defend_B","Dualcast"]},{"damage_healed":0.0,"max_hp_gain":5.0,"max_hp_loss":0.0,"gold_gain":0.0,"event_name":"Big Fish","player_choice":"Donut","floor":13.0,"gold_loss":0.0,"damage_taken":0.0},{"damage_healed":0.0,"max_hp_gain":0.0,"max_hp_loss":0.0,"gold_gain":0.0,"cards_transformed":["Strike_B"],"event_name":"Living Wall","player_choice":"Change","floor":14.0,"gold_loss":0.0,"damage_taken":0.0,"cards_obtained":["Static Discharge"]},{"damage_healed":0.0,"max_hp_gain":0.0,"max_hp_loss":0.0,"gold_gain":0.0,"event_name":"Duplicator","player_choice":"Copied","floor":20.0,"gold_loss":0.0,"damage_taken":0.0,"cards_obtained":["Gash"]},{"damage_healed":0.0,"max_hp_gain":0.0,"max_hp_loss":0.0,"gold_gain":100.0,"event_name":"The Joust","player_choice":"Bet on Murderer","floor":27.0,"gold_loss":50.0,"damage_taken":0.0},{"damage_healed":0.0,"max_hp_gain":0.0,"max_hp_loss":0.0,"gold_gain":0.0,"event_name":"The Library","player_choice":"Read","floor":29.0,"gold_loss":0.0,"damage_taken":0.0,"cards_obtained":["Gash"]},{"damage_healed":75.0,"max_hp_gain":0.0,"max_hp_loss":16.0,"gold_gain":0.0,"event_name":"The Moai Head","player_choice":"Heal","floor":36.0,"gold_loss":0.0,"damage_taken":0.0},{"damage_healed":0,"gold_gain":0,"player_choice":"0 cards matched","damage_taken":0,"max_hp_gain":0,"max_hp_loss":0,"event_name":"Match and Keep!","floor":39,"gold_loss":0,"cards_obtained":[]}],"is_beta":false,"boss_relics":[{"not_picked":["Eternal Feather","Cursed Key"],"picked":"Tiny House"},{"not_picked":["Velvet Choker","Snecko Eye"],"picked":"Nuclear Battery"}],"items_purged_floors":[19],"is_endless":false,"potions_floor_spawned":[3,4,7,30,31,33,37],"killed_by":"Reptomancer","ascension_level":20}