{"gold_per_floor":[110,110,127,127,127,166,166,179,204,204,49,49,87,0,0,96,96,109,58,58,76,95,95,125,125,125,135,164,164,183,143,143,220,220,230,230,230,230,245,245,257,257],"floor_reached":42,"playtime":2007,"items_purged":["Strike_G"],"score":817,"play_id":"44b22ac3-7629-4d86-af9b-e1d5a9bb0a12","local_time":"20190223143943","is_ascension_mode":true,"campfire_choices":[{"data":"Skewer","floor":7,"key":"SMITH"},{"floor":10,"key":"REST"},{"data":"Noxious Fumes","floor":15,"key":"SMITH"},{"data":"Envenom","floor":23,"key":"SMITH"},{"data":"Caltrops","floor":25,"key":"SMITH"},{"data":"Dagger Spray","floor":29,"key":"SMITH"},{"data":"Well Laid Plans","floor":32,"key":"SMITH"},{"floor":40,"key":"REST"}],"neow_cost":"NONE","seed_source_timestamp":937475993723288,"circlet_count":0,"master_deck":["AscendersBane","Defend_G","Defend_G","Defend_G","Defend_G","Defend_G","Strike_G","Strike_G","Survivor","Neutralize","Skewer+1","Dagger Spray+1","Quick Slash","Noxious Fumes+1","Burst+1","Leg Sweep+1","Deflect+1","Envenom+1","Dodge and Roll+1","Backflip+1","Prepared+1","Caltrops+1","Cloak And Dagger+1","Well Laid Plans+1","Storm of Steel+1","Prepared+1","Flying Knee+1"],"relics":["Ring of the Snake","NeowsBlessing","Bloody Idol","Ancient Tea Set","Sundial","Juzu Bracelet","Toxic Egg 2","Busted Crown","Anchor","Shuriken","Black Star"],"potions_floor_usage":[24,24,35,42,42],"damage_taken":[{"damage":0,"enemies":"Jaw Worm","floor":1,"turns":1},{"damage":0,"enemies":"Cultist","floor":3,"turns":1},{"damage":0,"enemies":"Lagavulin","floor":6,"turns":1},{"damage":0,"enemies":"Small Slimes","floor":8,"turns":1},{"damage":7,"enemies":"3 Sentries","floor":13,"turns":5},{"damage":9,"enemies":"Hexaghost","floor":16,"turns":11},{"damage":15,"enemies":"2 Thieves","floor":18,"turns":4},{"damage":0,"enemies":"Shell Parasite","floor":21,"turns":7},{"damage":8,"enemies":"Snake Plant","floor":22,"turns":6},{"damage":8,"enemies":"Slavers","floor":24,"turns":4},{"damage":0,"enemies":"Sentry and Sphere","floor":27,"turns":4},{"damage":12,"enemies":"Gremlin Leader","floor":28,"turns":7},{"damage":0,"enemies":"Chosen and Byrds","floor":30,"turns":5},{"damage":28,"enemies":"Collector","floor":33,"turns":10},{"damage":1,"enemies":"Orb Walker","floor":35,"turns":4},{"damage":32,"enemies":"3 Darklings","floor":39,"turns":5},{"damage":8,"enemies":"Jaw Worm Horde","floor":41,"turns":4},{"damage":78,"enemies":"Giant Head","floor":42,"turns":7}],"seed_played":"2310577021148864714","potions_obtained":[{"floor":3,"key":"Swift Potion"},{"floor":6,"key":"EssenceOfSteel"},{"floor":28,"key":"Weak Potion"},{"floor":30,"key":"SkillPotion"},{"floor":35,"key":"Energy Potion"}],"is_trial":false,"path_per_floor":["M","?","M","?","?","E","R","M","T","R","$","?","E","$","R","B",null,"M","$","?","M","M","R","E","R","T","M","E","R","M","$","R","B",null,"M","?","$","?","M","R","M","E"],"character_chosen":"THE_SILENT","items_purchased":["Noxious Fumes","Leg Sweep+1","Deflect+1","Backflip+1","Well Laid Plans"],"campfire_rested":2,"item_purchase_floors":[11,14,14,19,31],"current_hp_per_floor":[59,59,59,36,25,25,25,25,25,44,44,44,37,37,37,28,57,42,42,42,47,44,44,41,41,41,46,39,39,44,44,44,21,55,59,59,59,59,32,50,47,0],"gold":257,"neow_bonus":"THREE_ENEMY_KILL","is_prod":false,"is_daily":false,"chose_seed":false,"campfire_upgraded":6,"win_rate":0,"timestamp":1550961583,"path_taken":["M","?","?","?","?","E","R","M","T","R","$","?","E","$","R","BOSS","M","?","?","M","M","R","E","R","T","M","E","R","M","$","R","BOSS","M","?","$","?","M","R","M","E"],"build_version":"2019-01-23","purchased_purges":1,"victory":false,"max_hp_per_floor":[66,66,66,66,66,66,66,66,66,66,66,66,66,66,66,66,66,66,66,66,66,66,66,66,66,66,66,66,66,66,66,66,66,66,66,66,66,63,63,63,63,63],"card_choices":[{"not_picked":["Poisoned Stab","Setup"],"picked":"Skewer","floor":1},{"not_picked":["Deflect","All Out Attack"],"picked":"Dagger Spray","floor":3},{"not_picked":["Acrobatics","Blade Dance"],"picked":"Quick Slash","floor":6},{"not_picked":["Deflect","Underhanded Strike","Distraction"],"picked":"SKIP","floor":8},{"not_picked":["Dagger Spray","Distraction"],"picked":"Burst","floor":13},{"not_picked":["Glass Knife","A Thousand Cuts"],"picked":"Envenom","floor":16},{"not_picked":[],"picked":"Dodge and Roll+1","floor":18},{"not_picked":[],"picked":"Prepared+1","floor":21},{"not_picked":[],"picked":"Caltrops","floor":22},{"not_picked":[],"picked":"Cloak And Dagger+1","floor":24},{"not_picked":["Poisoned Stab"],"picked":"SKIP","floor":27},{"not_picked":["Masterful Stab"],"picked":"SKIP","floor":28},{"not_picked":["Choke"],"picked":"SKIP","floor":30},{"not_picked":[],"picked":"Storm of Steel+1","floor":33},{"not_picked":["Skewer"],"picked":"SKIP","floor":35},{"not_picked":[],"picked":"Prepared+1","floor":39},{"not_picked":[],"picked":"Flying Knee+1","floor":41}],"player_experience":231489,"relics_obtained":[{"floor":6,"key":"Sundial"},{"floor":9,"key":"Juzu Bracelet"},{"floor":13,"key":"Toxic Egg 2"},{"floor":24,"key":"Anchor"},{"floor":28,"key":"Shuriken"}],"event_choices":[{"cards_removed":["Strike_G"],"damage_healed":0,"gold_gain":0,"player_choice":"Purged","damage_taken":0,"max_hp_gain":0,"max_hp_loss":0,"event_name":"Purifier","floor":2,"gold_loss":0},{"damage_healed":0,"gold_gain":0,"player_choice":"Take Damage","damage_taken":23,"relics_obtained":["Golden Idol"],"max_hp_gain":0,"max_hp_loss":0,"event_name":"Golden Idol","floor":4,"gold_loss":0},{"damage_healed":0,"gold_gain":0,"player_choice":"Success","damage_taken":11,"relics_obtained":["Ancient Tea Set"],"max_hp_gain":0,"max_hp_loss":0,"event_name":"Scrap Ooze","floor":5,"gold_loss":0},{"damage_healed":0,"gold_gain":0,"cards_transformed":["Strike_G"],"player_choice":"Transformed","damage_taken":0,"max_hp_gain":0,"max_hp_loss":0,"event_name":"Transmorgrifier","floor":12,"gold_loss":0,"cards_obtained":["All Out Attack"]},{"damage_healed":0,"gold_gain":0,"player_choice":"Gave Idol","damage_taken":0,"relics_obtained":["Bloody Idol"],"max_hp_gain":0,"max_hp_loss":0,"event_name":"Forgotten Altar","floor":20,"relics_lost":["Golden Idol"],"gold_loss":0},{"cards_removed":["All Out Attack"],"damage_healed":0,"gold_gain":0,"player_choice":"Removed Attack","damage_taken":0,"max_hp_gain":0,"max_hp_loss":0,"event_name":"Falling","floor":36,"gold_loss":0},{"damage_healed":0,"gold_gain":0,"player_choice":"Max HP","damage_taken":0,"max_hp_gain":0,"max_hp_loss":3,"event_name":"Winding Halls","floor":38,"gold_loss":0}],"is_beta":false,"boss_relics":[{"not_picked":["Snecko Eye","Astrolabe"],"picked":"Busted Crown"},{"not_picked":["Tiny House","Pandora\u0027s Box"],"picked":"Black Star"}],"items_purged_floors":[11],"is_endless":false,"potions_floor_spawned":[3,6,21,22,28,30,35],"killed_by":"Giant Head","ascension_level":15}