{"path_per_floor":["M","?","?","M","?","R","$","M","T","R","M","?","?","M","R","B",null,"M","$","?","M","M"],"character_chosen":"IRONCLAD","items_purchased":["Orichalcum"],"gold_per_floor":[19,19,19,44,219,219,144,168,192,192,216,216,216,235,235,356,356,374,224,224,244,267],"floor_reached":23,"campfire_rested":1,"playtime":1411,"current_hp_per_floor":[80,64,64,70,70,70,70,70,70,70,70,75,59,63,80,20,80,42,42,42,25,15],"items_purged":["Doubt"],"gold":267,"play_id":"214761a8-2e1a-490e-8661-c816aef59c37","is_prod":false,"is_daily":false,"campfire_rituals":0,"campfire_upgraded":2,"is_hardmode":false,"path_taken":["M","?","?","M","?","R","$","?","T","R","M","?","?","M","R","BOSS","M","$","?","M","M","M"],"build_version":"2018-01-04-PROD1","purchased_purges":1,"victory":false,"master_deck":["Strike_R","Strike_R","Strike_R","Strike_R","Strike_R","Defend_R","Defend_R","Defend_R","Defend_R","Bash","Thunderclap","Iron Wave","Impervious","Thunderclap","Clash","Sword Boomerang"],"max_hp_per_floor":[80,80,80,80,80,80,80,80,80,80,80,80,80,80,80,80,80,80,80,80,80,80],"relics":["Burning Blood","Red Skull","Golden Idol","Juzu Bracelet","Eternal Feather","Orichalcum"],"campfire_meditates":0,"card_choices":[{"not_picked":["Hemokinesis","Flame Barrier"],"picked":"Heavy Blade"},{"not_picked":["Havoc","Dual Wield"],"picked":"Thunderclap"},{"not_picked":["Bloodletting","Fire Breathing"],"picked":"Iron Wave"},{"not_picked":["Double Tap","Berserk"],"picked":"Impervious"},{"not_picked":["Dropkick","Body Slam"],"picked":"Thunderclap"},{"not_picked":["Uppercut","Dual Wield"],"picked":"Clash"},{"not_picked":["Wild Strike","Flame Barrier"],"picked":"Sword Boomerang"}],"player_experience":78337,"potions_floor_usage":[16],"damage_taken":[{"damage":0,"enemies":"2 Louse","floor":1,"turns":4},{"damage":0,"enemies":"Cultist","floor":4,"turns":4},{"damage":6,"enemies":"Jaw Worm","floor":8,"turns":4},{"damage":6,"enemies":"Red Slaver","floor":11,"turns":4},{"damage":2,"enemies":"Gremlin Gang","floor":14,"turns":5},{"damage":66,"enemies":"The Guardian","floor":16,"turns":15},{"damage":44,"enemies":"Shell Parasite","floor":18,"turns":9},{"damage":23,"enemies":"2 Thieves","floor":21,"turns":5},{"damage":16,"enemies":"3 Cultists","floor":22,"turns":5},{"damage":19,"enemies":"Slaver and Parasite","floor":23,"turns":1}],"event_choices":[{"event_name":"Golden Idol","player_choice":"Take Damage","floor":2,"damage_taken":0},{"event_name":"Upgrade Shrine","player_choice":"Upgraded","floor":3,"damage_taken":0},{"event_name":"Liars Game","player_choice":"agreed","floor":5,"damage_taken":0},{"event_name":"Bonfire Elementals","player_choice":"ATTACK","floor":12,"damage_taken":0},{"event_name":"Shining Light","player_choice":"Entered Light","floor":13,"damage_taken":0},{"event_name":"The Lab","player_choice":"Got Potions","floor":20,"damage_taken":0}],"boss_relics":[{"not_picked":["Runic Cube","Snecko Eye"],"picked":"Eternal Feather"}],"potions_floor_spawned":[1,4,8,22],"seed_played":"-9021707684289588415","killed_by":"Slaver and Parasite","is_trial":false}