{"gold_per_floor":[19,30,45,45,45,45,75,91,117,117,145,164,199,213,213,213],"floor_reached":16,"playtime":770,"items_purged":[],"score":226,"play_id":"22f6642c-2602-4cb1-b6df-ea788a0ad3f2","local_time":"20180928230933","is_ascension_mode":true,"campfire_choices":[{"data":"Poisoned Stab","floor":6,"key":"SMITH"},{"data":"Dash","floor":10,"key":"SMITH"},{"data":"Sucker Punch","floor":15,"key":"SMITH"}],"neow_cost":"NO_GOLD","seed_source_timestamp":449825387343436,"circlet_count":0,"master_deck":["Defend_G","Defend_G","Defend_G","Defend_G","Defend_G","Strike_G","Strike_G","Strike_G","Strike_G","Survivor","Neutralize","AscendersBane","Poisoned Stab+1","Backflip","Dash+1","Dagger Spray","Backflip","PiercingWail","Sucker Punch+1","Cloak And Dagger","Deflect","Deflect"],"relics":["Ring of the Snake","Anchor","Blood Vial","Smiling Mask","Pear"],"potions_floor_usage":[11,16],"damage_taken":[{"damage":10,"enemies":"2 Louse","floor":1,"turns":4},{"damage":2,"enemies":"Small Slimes","floor":2,"turns":4},{"damage":0,"enemies":"Jaw Worm","floor":3,"turns":4},{"damage":6,"enemies":"Gremlin Nob","floor":7,"turns":5},{"damage":0,"enemies":"Exordium Wildlife","floor":8,"turns":3},{"damage":20,"enemies":"Lagavulin","floor":11,"turns":8},{"damage":1,"enemies":"Lots of Slimes","floor":12,"turns":4},{"damage":19,"enemies":"3 Sentries","floor":13,"turns":9},{"damage":0,"enemies":"Exordium Thugs","floor":14,"turns":6},{"damage":40,"enemies":"Slime Boss","floor":16,"turns":12}],"seed_played":"-378287437637251474","potions_obtained":[{"floor":2,"key":"Dexterity Potion"},{"floor":7,"key":"FearPotion"},{"floor":13,"key":"SpeedPotion"}],"is_trial":false,"path_per_floor":["M","M","M","?","?","R","E","M","T","R","E","M","E","M","R"],"character_chosen":"THE_SILENT","items_purchased":[],"campfire_rested":0,"item_purchase_floors":[],"current_hp_per_floor":[67,65,65,65,65,65,59,59,59,59,41,42,35,37,37,0],"gold":213,"neow_bonus":"TWENTY_PERCENT_HP_BONUS","is_prod":false,"is_daily":false,"chose_seed":false,"campfire_upgraded":3,"win_rate":0,"timestamp":1538190573,"path_taken":["M","M","M","?","?","R","E","M","T","R","E","M","E","M","R","BOSS"],"build_version":"2018-09-27","purchased_purges":0,"victory":false,"max_hp_per_floor":[84,84,84,84,84,84,84,84,84,84,84,84,94,94,94,94],"card_choices":[{"not_picked":["Slice","Bane"],"picked":"Poisoned Stab","floor":1},{"not_picked":["Poisoned Stab","Catalyst"],"picked":"Backflip","floor":2},{"not_picked":["Deflect","Poisoned Stab"],"picked":"Dash","floor":3},{"not_picked":["Dagger Throw","Dagger Spray"],"picked":"Backflip","floor":7},{"not_picked":["Blade Dance","Dodge and Roll"],"picked":"PiercingWail","floor":8},{"not_picked":["Bullet Time","Prepared"],"picked":"Sucker Punch","floor":11},{"not_picked":["Acrobatics","Concentrate"],"picked":"Cloak And Dagger","floor":12},{"not_picked":["Concentrate","Cloak And Dagger"],"picked":"Deflect","floor":13},{"not_picked":["Reflex","Prepared"],"picked":"Deflect","floor":14}],"player_experience":509831,"relics_obtained":[{"floor":7,"key":"Anchor"},{"floor":9,"key":"Blood Vial"},{"floor":11,"key":"Smiling Mask"},{"floor":13,"key":"Pear"}],"event_choices":[{"event_name":"Liars Game","player_choice":"disagreed","floor":4,"damage_taken":0},{"event_name":"Transmorgrifier","player_choice":"Transform","floor":5,"damage_taken":0}],"is_beta":false,"boss_relics":[],"items_purged_floors":[],"is_endless":false,"potions_floor_spawned":[2,7,13,14],"killed_by":"Slime Boss","ascension_level":13}