{"gold_per_floor":[114,114,133,152,171,190,228,33,83,4,23,198,198,217,217,342,342,361,380,380,399,418,418,418,437,437,187,187,206,225,225],"floor_reached":31,"playtime":2006,"items_purged":["Injury","Normality"],"score":293,"play_id":"4d14bebc-2d0b-4bc0-9ec4-e7eb4d286715","local_time":"20180630223329","daily_mods":["Heirloom","Cursed Run","Terminal"],"is_ascension_mode":false,"campfire_choices":[{"data":"Defragment","floor":13.0,"key":"SMITH"},{"data":"Dualcast","floor":15.0,"key":"SMITH"},{"floor":23.0,"key":"REST"},{"data":"Creative AI","floor":28,"key":"SMITH"}],"neow_cost":"","seed_source_timestamp":772978530872359,"circlet_count":0,"master_deck":["Strike_B","Strike_B","Strike_B","Strike_B","Defend_B","Defend_B","Defend_B","Defend_B","Zap","Dualcast+1","Darkness","Conserve Battery","Biased Cognition","FTL","Auto Shields","Sunder","Pain","Defragment+1","Doubt","Redo","Doubt","Creative AI+1","Static Discharge","Chill","Ghostly","Ghostly","Ghostly","Ghostly","Ghostly","Stack","Chaos+1","Barrage+1","Glacier+1"],"special_seed":17712,"relics":["Cursed Key","Darkstone Periapt","Du-Vu Doll","Torii","Golden Idol","Emotion Chip","Tiny Chest","Dream Catcher","Sozu","Ice Cream","Lantern"],"potions_floor_usage":[],"damage_taken":[{"damage":0.0,"enemies":"Cultist","floor":1.0,"turns":3.0},{"damage":0.0,"enemies":"2 Louse","floor":3.0,"turns":2.0},{"damage":0.0,"enemies":"Jaw Worm","floor":4.0,"turns":3.0},{"damage":2.0,"enemies":"Lots of Slimes","floor":5.0,"turns":6.0},{"damage":0.0,"enemies":"Red Slaver","floor":6.0,"turns":3.0},{"damage":0.0,"enemies":"3 Sentries","floor":7.0,"turns":8.0},{"damage":5.0,"enemies":"Gremlin Gang","floor":11.0,"turns":3.0},{"damage":1.0,"enemies":"3 Louse","floor":14.0,"turns":3.0},{"damage":10.0,"enemies":"The Guardian","floor":16.0,"turns":8.0},{"damage":13.0,"enemies":"3 Byrds","floor":18.0,"turns":4.0},{"damage":31.0,"enemies":"Shell Parasite","floor":19.0,"turns":5.0},{"damage":19.0,"enemies":"Centurion and Healer","floor":21.0,"turns":10.0},{"damage":11.0,"enemies":"Slaver and Parasite","floor":22.0,"turns":9.0},{"damage":2.0,"enemies":"Snake Plant","floor":25.0,"turns":5.0},{"damage":3,"enemies":"Centurion and Healer","floor":29,"turns":9},{"damage":17,"enemies":"Slaver and Parasite","floor":30,"turns":8},{"damage":1,"enemies":"Snake Plant","floor":31,"turns":1}],"seed_played":"-6354376717605939393","potions_obtained":[{"floor":3.0,"key":"GamblersBrew"},{"floor":4.0,"key":"Weak Potion"},{"floor":11.0,"key":"Explosive Potion"},{"floor":14.0,"key":"Energy Potion"},{"floor":16.0,"key":"Fire Potion"}],"is_trial":false,"path_per_floor":["M","?","M","M","M","M","E","$","T","$","M","?","R","M","R","B",null,"M","M","?","M","M","R","?","M","T","$","R","M","M"],"character_chosen":"DEFECT","items_purchased":["Tiny Chest","Defragment","Lantern"],"campfire_rested":1,"item_purchase_floors":[],"current_hp_per_floor":[73,78,77,76,74,74,73,72,77,76,71,77,77,76,76,72,81,68,37,37,18,7,17,17,15,21,21,21,18,1,0],"gold":225,"neow_bonus":"","is_prod":false,"is_daily":true,"chose_seed":false,"campfire_upgraded":3,"win_rate":0,"timestamp":1530372809,"path_taken":["M","?","?","M","M","M","E","$","T","?","?","?","R","M","R","BOSS","M","?","?","M","M","R","?","M","T","$","R","?","M","M"],"build_version":"2018-06-28","purchased_purges":2,"victory":false,"max_hp_per_floor":[73,78,77,76,75,74,73,72,77,76,75,80,79,78,77,82,81,80,79,38,37,36,35,34,33,38,37,36,35,34,34],"card_choices":[{"not_picked":["Turbo","Coolheaded"],"picked":"Darkness","floor":1.0},{"not_picked":["Go for the Eyes","Streamline"],"picked":"Conserve Battery","floor":3.0},{"not_picked":["Go for the Eyes","Beam Cell"],"picked":"Biased Cognition","floor":4.0},{"not_picked":["Self Repair","Reinforced Body"],"picked":"FTL","floor":5.0},{"not_picked":["Steam","Ball Lightning"],"picked":"Auto Shields","floor":6.0},{"not_picked":["Blizzard","Redo"],"picked":"Sunder","floor":7.0},{"not_picked":["Blizzard","Heatsinks","Turbo"],"picked":"SKIP","floor":11.0},{"not_picked":["Gash","Reprogram"],"picked":"Redo","floor":14.0},{"not_picked":["Rainbow","Machine Learning"],"picked":"Creative AI","floor":16.0},{"not_picked":["Cold Snap","Hello World"],"picked":"Static Discharge","floor":18.0},{"not_picked":["Hologram","Heatsinks"],"picked":"Chill","floor":19.0},{"not_picked":["Steam Power","Conserve Battery"],"picked":"Stack","floor":21.0},{"not_picked":["Sweeping Beam","Fusion"],"picked":"Chaos+1","floor":22.0},{"not_picked":["Recycle","Conserve Battery"],"picked":"Barrage+1","floor":23.0},{"not_picked":["Rebound","Hello World","Scrape+1"],"picked":"SKIP","floor":25.0},{"not_picked":["Hello World","Cold Snap","Undo"],"picked":"SKIP","floor":29},{"not_picked":["Beam Cell","Rip and Tear"],"picked":"Glacier+1","floor":30}],"player_experience":18003,"relics_obtained":[{"floor":7.0,"key":"Emotion Chip"},{"floor":9.0,"key":"Dream Catcher"},{"floor":26.0,"key":"Ice Cream"}],"event_choices":[{"event_name":"Golden Idol","player_choice":"Take Wound","floor":2.0,"damage_taken":0.0},{"event_name":"Liars Game","player_choice":"agreed","floor":12.0,"damage_taken":0.0},{"event_name":"Ghosts","player_choice":"Became a Ghost","floor":20.0,"damage_taken":0.0},{"event_name":"Accursed Blacksmith","player_choice":"Ignore","floor":24.0,"damage_taken":0.0}],"boss_relics":[{"not_picked":["Astrolabe","Orrery"],"picked":"Sozu"}],"items_purged_floors":[],"is_endless":false,"potions_floor_spawned":[3,4,11,14,16,19,21,25],"killed_by":"Snake Plant","ascension_level":0}