{"gold_per_floor":[367,162,177,188,188,217,217,249,249,249,262,275,290,5,5,79,79,91,102,120,120],"floor_reached":21,"playtime":837,"items_purged":["Strike_B","Defend_B"],"score":357,"play_id":"7d175543-a07a-4ff9-8dfd-f6d376b7bc77","local_time":"20180930225110","is_ascension_mode":true,"campfire_choices":[{"data":"Defragment","floor":7,"key":"SMITH"},{"floor":10,"key":"REST"},{"data":"Storm","floor":15,"key":"SMITH"}],"neow_cost":"TEN_PERCENT_HP_LOSS","seed_source_timestamp":621456058051426,"circlet_count":0,"master_deck":["Strike_B","Strike_B","Strike_B","Defend_B","Defend_B","Defend_B","Zap","Dualcast","AscendersBane","Sweeping Beam","Defragment+1","Rip and Tear","Ball Lightning","Steam","Capacitor","Go for the Eyes","Leap","Storm+1","Leap","Capacitor","Echo Form","Coolheaded","Chill","Force Field"],"relics":["Cracked Core","Gambling Chip","Thread and Needle","Blood Vial","Incense Burner","Tiny Chest","Runic Dome"],"potions_floor_usage":[3,6,8,11],"damage_taken":[{"damage":0,"enemies":"Small Slimes","floor":1,"turns":2},{"damage":0,"enemies":"Jaw Worm","floor":3,"turns":1},{"damage":0,"enemies":"2 Louse","floor":4,"turns":1},{"damage":25,"enemies":"Lagavulin","floor":6,"turns":6},{"damage":12,"enemies":"3 Sentries","floor":8,"turns":6},{"damage":3,"enemies":"Gremlin Gang","floor":11,"turns":3},{"damage":0,"enemies":"Blue Slaver","floor":12,"turns":3},{"damage":0,"enemies":"3 Louse","floor":13,"turns":3},{"damage":20,"enemies":"The Guardian","floor":16,"turns":7},{"damage":15,"enemies":"Shell Parasite","floor":18,"turns":4},{"damage":7,"enemies":"3 Byrds","floor":19,"turns":4},{"damage":16,"enemies":"Snake Plant","floor":20,"turns":4},{"damage":22,"enemies":"Snecko","floor":21,"turns":5}],"seed_played":"-3299749467022827371","potions_obtained":[{"floor":1,"key":"Explosive Potion"},{"floor":4,"key":"AttackPotion"},{"floor":6,"key":"Dexterity Potion"},{"floor":8,"key":"Explosive Potion"},{"floor":19,"key":"EssenceOfSteel"}],"is_trial":false,"path_per_floor":["M","$","M","M","?","E","R","E","T","R","M","M","M","$","R","B",null,"M","M","M"],"character_chosen":"DEFECT","items_purchased":["Defragment","Rip and Tear","Tiny Chest","Capacitor"],"campfire_rested":1,"item_purchase_floors":[2,2,14,14],"current_hp_per_floor":[64,64,64,64,46,21,21,9,9,28,27,29,31,31,31,13,51,38,33,19,0],"gold":120,"neow_bonus":"TWO_FIFTY_GOLD","is_prod":false,"is_daily":false,"chose_seed":false,"campfire_upgraded":2,"win_rate":0,"timestamp":1538362270,"path_taken":["M","$","M","M","?","E","R","E","T","R","M","M","M","$","R","BOSS","M","M","M","M"],"build_version":"2018-09-27","purchased_purges":2,"victory":false,"max_hp_per_floor":[64,64,64,64,64,64,64,64,64,64,64,64,64,64,64,64,64,64,64,64,64],"card_choices":[{"not_picked":["Chaos","Loop"],"picked":"Sweeping Beam","floor":1},{"not_picked":["Sweeping Beam","Self Repair"],"picked":"Ball Lightning","floor":3},{"not_picked":["Recycle","Rainbow"],"picked":"Steam","floor":4},{"not_picked":["Ball Lightning","Leap"],"picked":"Capacitor","floor":6},{"not_picked":["Beam Cell","Darkness"],"picked":"Go for the Eyes","floor":8},{"not_picked":["Redo","Sweeping Beam"],"picked":"Leap","floor":11},{"not_picked":["Redo","Go for the Eyes"],"picked":"Storm","floor":12},{"not_picked":["Steam Power","Gash"],"picked":"Leap","floor":13},{"not_picked":["Reboot","Creative AI"],"picked":"Echo Form","floor":16},{"not_picked":["Hologram","Reprogram"],"picked":"Coolheaded","floor":18},{"not_picked":["Redo","Ball Lightning"],"picked":"Chill","floor":19},{"not_picked":["Aggregate+1","Lockon"],"picked":"Force Field","floor":20}],"player_experience":530642,"relics_obtained":[{"floor":6,"key":"Thread and Needle"},{"floor":8,"key":"Blood Vial"},{"floor":9,"key":"Incense Burner"}],"event_choices":[{"event_name":"Scrap Ooze","player_choice":"success","floor":5,"damage_taken":18}],"is_beta":false,"boss_relics":[{"not_picked":["Orrery","Calling Bell"],"picked":"Runic Dome"}],"items_purged_floors":[2,14],"is_endless":false,"potions_floor_spawned":[1,4,6,8,19],"killed_by":"Snecko","ascension_level":17}