{"path_per_floor":["M","M","M","M","$","E","R","M","T","E","?","M","M","?","R","B",null,"M","M","?","$","T"],"character_chosen":"IRONCLAD","items_purchased":["Carnage"],"gold_per_floor":[117,136,148,162,83,118,118,136,136,167,225,243,261,261,261,362,362,374,384,384,384,384],"floor_reached":23,"campfire_rested":1,"playtime":1121,"current_hp_per_floor":[79,79,75,69,69,48,48,54,54,56,56,65,57,41,65,56,80,56,52,37,37,37],"items_purged":[],"gold":384,"score":213,"play_id":"da0f3721-41f1-4fbf-9add-72d3bb178385","is_prod":false,"is_daily":false,"is_ascension_mode":true,"campfire_upgraded":1,"path_taken":["M","M","M","M","$","E","R","M","T","E","?","M","M","?","R","BOSS","M","M","?","$","?","E"],"build_version":"2018-02-08-PROD1","purchased_purges":0,"victory":false,"master_deck":["Strike_R","Strike_R+1","Strike_R+1","Strike_R","Strike_R","Defend_R","Defend_R","Defend_R","Defend_R","Bash","Heavy Blade","Thunderclap","Carnage+1","Seeing Red","Demon Form","Cleave","Cleave"],"max_hp_per_floor":[80,80,80,80,80,80,80,80,80,80,80,80,80,80,80,80,80,80,80,85,85,85],"relics":["Burning Blood","Bottled Flame","Meat on the Bone","Magic Flower","Runic Dome","Thread and Needle"],"card_choices":[{"not_picked":["Sword Boomerang","Searing Blow"],"picked":"Heavy Blade"},{"not_picked":["Clash","Clothesline"],"picked":"Thunderclap"},{"not_picked":["Headbutt","Pommel Strike"],"picked":"Seeing Red"},{"not_picked":["Feed","Barricade"],"picked":"Demon Form"},{"not_picked":["Anger","Entrench"],"picked":"Cleave"},{"not_picked":["Searing Blow","Havoc"],"picked":"Cleave"}],"player_experience":188311,"potions_floor_usage":[10,12,13,16,23],"damage_taken":[{"damage":7,"enemies":"2 Louse","floor":1,"turns":2},{"damage":6,"enemies":"Jaw Worm","floor":2,"turns":4},{"damage":10,"enemies":"Cultist","floor":3,"turns":4},{"damage":12,"enemies":"3 Louse","floor":4,"turns":4},{"damage":27,"enemies":"Gremlin Nob","floor":6,"turns":4},{"damage":0,"enemies":"2 Fungi Beasts","floor":8,"turns":2},{"damage":16,"enemies":"3 Sentries","floor":10,"turns":4},{"damage":0,"enemies":"Looter","floor":12,"turns":1},{"damage":17,"enemies":"Exordium Thugs","floor":13,"turns":5},{"damage":36,"enemies":"Slime Boss","floor":16,"turns":8},{"damage":51,"enemies":"2 Thieves","floor":18,"turns":4},{"damage":31,"enemies":"Shell Parasite","floor":19,"turns":4},{"damage":40,"enemies":"Slavers","floor":23,"turns":3}],"event_choices":[{"event_name":"Golden Wing","player_choice":"Gained Gold","floor":11,"damage_taken":0},{"event_name":"Shining Light","player_choice":"Entered Light","floor":14,"damage_taken":0},{"event_name":"Forgotten Altar","player_choice":"Shed Blood","floor":20,"damage_taken":0}],"boss_relics":[{"not_picked":["Astrolabe","Mark of Pain"],"picked":"Runic Dome"}],"potions_floor_spawned":[4,10,12,13,19],"seed_played":"3835521336295371764","killed_by":"Slavers","ascension_level":1,"is_trial":false}