{"gold_per_floor":[113,127,146,63,78,78,103,103,127,147,177,196,227,302,302,376,376,376,291,211,211,211,211,211],"floor_reached":24,"playtime":935,"items_purged":[],"score":418,"play_id":"899f4919-f70b-459c-a8b6-7059f0e601a2","local_time":"20181014183526","is_ascension_mode":true,"campfire_choices":[{"data":"Streamline","floor":6,"key":"SMITH"},{"data":"Zap","floor":8,"key":"SMITH"},{"data":"Auto Shields","floor":15,"key":"SMITH"},{"data":"Biased Cognition","floor":23,"key":"SMITH"}],"neow_cost":"TEN_PERCENT_HP_LOSS","seed_source_timestamp":584451670567468,"circlet_count":0,"master_deck":["Strike_B","Strike_B","Strike_B","Strike_B","Defend_B","Defend_B","Defend_B","Defend_B","Zap+1","Dualcast","AscendersBane","Auto Shields+1","Streamline+1","Melter","FTL","Ball Lightning","Ball Lightning","Go for the Eyes","Biased Cognition+1","Cold Snap","Sweeping Beam","Leap+1","Capacitor"],"relics":["Cracked Core","Mango","Anchor","Ancient Tea Set","DataDisk","Potion Belt","Ectoplasm","Kunai"],"potions_floor_usage":[5,7,12,24],"damage_taken":[{"damage":1,"enemies":"Cultist","floor":1,"turns":4},{"damage":0,"enemies":"Jaw Worm","floor":2,"turns":4},{"damage":3,"enemies":"Small Slimes","floor":3,"turns":4},{"damage":0,"enemies":"Gremlin Gang","floor":5,"turns":3},{"damage":7,"enemies":"Lagavulin","floor":7,"turns":6},{"damage":0,"enemies":"2 Fungi Beasts","floor":10,"turns":2},{"damage":8,"enemies":"Gremlin Nob","floor":11,"turns":3},{"damage":0,"enemies":"3 Louse","floor":12,"turns":2},{"damage":14,"enemies":"Lagavulin","floor":13,"turns":5},{"damage":30,"enemies":"The Guardian","floor":16,"turns":8},{"damage":8,"enemies":"Shell Parasite","floor":18,"turns":4},{"damage":4,"enemies":"2 Thieves","floor":20,"turns":4},{"damage":4,"enemies":"Snecko","floor":21,"turns":4},{"damage":8,"enemies":"3 Cultists","floor":22,"turns":5},{"damage":44,"enemies":"Slavers","floor":24,"turns":4}],"seed_played":"-5659763775710002081","potions_obtained":[{"floor":1,"key":"EssenceOfSteel"},{"floor":2,"key":"Explosive Potion"},{"floor":11,"key":"Fruit Juice"},{"floor":18,"key":"EssenceOfSteel"},{"floor":22,"key":"EssenceOfSteel"}],"is_trial":false,"path_per_floor":["M","M","M","$","M","R","E","R","T","M","E","M","E","?","R","B",null,"M","?","M","M","M","R"],"character_chosen":"DEFECT","items_purchased":["FTL"],"campfire_rested":0,"item_purchase_floors":[4],"current_hp_per_floor":[77,77,74,74,74,74,67,67,67,67,59,64,50,39,39,9,65,57,57,53,49,41,41,0],"gold":211,"neow_bonus":"ONE_RARE_RELIC","is_prod":false,"is_daily":false,"chose_seed":false,"campfire_upgraded":4,"win_rate":0,"timestamp":1539556526,"path_taken":["M","M","?","$","M","R","E","R","T","M","E","M","E","?","R","BOSS","M","?","M","M","M","R","E"],"build_version":"2018-10-11","purchased_purges":0,"victory":false,"max_hp_per_floor":[78,78,78,78,78,78,78,78,78,78,78,83,83,83,83,83,83,83,83,83,83,83,83,83],"card_choices":[{"not_picked":["Lockon","Cold Snap"],"picked":"Auto Shields","floor":1},{"not_picked":["Redo","Leap"],"picked":"Streamline","floor":2},{"not_picked":["Beam Cell","Leap"],"picked":"Melter","floor":3},{"not_picked":["Coolheaded","Compile Driver"],"picked":"Ball Lightning","floor":5},{"not_picked":["Rebound","Hello World","Amplify"],"picked":"SKIP","floor":7},{"not_picked":["Fusion","Hologram"],"picked":"Ball Lightning","floor":10},{"not_picked":["BootSequence","Reboot","Turbo"],"picked":"SKIP","floor":11},{"not_picked":["Beam Cell","Hello World"],"picked":"Go for the Eyes","floor":12},{"not_picked":["Barrage","Gash","BootSequence"],"picked":"SKIP","floor":13},{"not_picked":["Core Surge","Creative AI"],"picked":"Biased Cognition","floor":16},{"not_picked":["Conserve Battery","Lockon"],"picked":"Cold Snap","floor":18},{"not_picked":["Stack","Beam Cell"],"picked":"Sweeping Beam","floor":20},{"not_picked":["Steam","Aggregate"],"picked":"Leap+1","floor":21},{"not_picked":["Cold Snap","Sweeping Beam"],"picked":"Capacitor","floor":22}],"player_experience":567965,"relics_obtained":[{"floor":7,"key":"Anchor"},{"floor":9,"key":"Ancient Tea Set"},{"floor":11,"key":"DataDisk"},{"floor":13,"key":"Potion Belt"}],"event_choices":[{"event_name":"World of Goop","player_choice":"Gather Gold","floor":14,"damage_taken":0},{"event_name":"Addict","player_choice":"Obtained Relic","floor":19,"damage_taken":0}],"is_beta":false,"boss_relics":[{"not_picked":["Busted Crown","Runic Dome"],"picked":"Ectoplasm"}],"items_purged_floors":[],"is_endless":false,"potions_floor_spawned":[1,2,3,11,18,22],"killed_by":"Slavers","ascension_level":18}