{"path_per_floor":["M","?","M","M","?","R","$","?","T","R","M","M","M","M","R","B",null,"M","M","?","?"],"character_chosen":"THE_SILENT","items_purchased":["Skewer","Cloak And Dagger"],"gold_per_floor":[114,114,131,145,145,145,14,14,14,14,30,41,53,63,63,160,160,172,187,187,112,112],"floor_reached":22,"campfire_rested":2,"playtime":624,"item_purchase_floors":[7,7],"current_hp_per_floor":[35,35,31,31,31,52,52,45,45,45,41,35,31,25,46,13,70,52,29,29,29,0],"items_purged":[],"gold":112,"score":178,"play_id":"cc1450f1-1819-4564-914e-ac96efa58504","local_time":"20180602084446","is_prod":false,"is_daily":false,"chose_seed":false,"is_ascension_mode":false,"campfire_upgraded":1,"win_rate":0,"timestamp":1527947086,"campfire_choices":[{"floor":6,"key":"REST"},{"data":"Bouncing Flask","floor":10,"key":"SMITH"},{"floor":15,"key":"REST"}],"path_taken":["M","?","?","M","?","R","$","?","T","R","M","M","M","?","R","BOSS","M","M","?","?","?"],"build_version":"2018-05-31","seed_source_timestamp":1401588497350196,"purchased_purges":0,"victory":false,"master_deck":["Defend_G","Defend_G","Defend_G","Strike_G","Strike_G","Survivor","Neutralize","Deadly Poison","Bouncing Flask+1","Regret","Skewer","Cloak And Dagger","Cloak And Dagger","Riddle With Holes","All Out Attack","Envenom","Flying Knee+1","Heel Hook+1","Reflex+1","Deadly Poison+1","Dagger Spray"],"max_hp_per_floor":[70,70,70,70,70,70,70,70,70,70,70,70,70,70,70,70,70,70,70,70,70,70],"relics":["Ring of the Snake","Sundial","Du-Vu Doll","Smiling Mask","Lantern","Astrolabe","Dodecahedron"],"card_choices":[{"not_picked":["Slice","Underhanded Strike","Acrobatics"],"picked":"SKIP","floor":1},{"not_picked":["Underhanded Strike","Tactician"],"picked":"Deadly Poison","floor":3},{"not_picked":["Underhanded Strike","Bane"],"picked":"Bouncing Flask","floor":4},{"not_picked":["PiercingWail","Flying Knee"],"picked":"Cloak And Dagger","floor":11},{"not_picked":["Night Terror","Poisoned Stab"],"picked":"Riddle With Holes","floor":12},{"not_picked":["Dagger Spray","Underhanded Strike"],"picked":"All Out Attack","floor":13},{"not_picked":["Sucker Punch","Deadly Poison","Eviscerate"],"picked":"SKIP","floor":14},{"not_picked":["Night Terror","After Image"],"picked":"Envenom","floor":16},{"not_picked":["Slice","Prepared"],"picked":"Deadly Poison+1","floor":18},{"not_picked":["Acrobatics","Prepared"],"picked":"Dagger Spray","floor":19}],"player_experience":319708,"potions_floor_usage":[],"damage_taken":[{"damage":0,"enemies":"Small Slimes","floor":1,"turns":3},{"damage":4,"enemies":"Cultist","floor":3,"turns":4},{"damage":0,"enemies":"2 Louse","floor":4,"turns":3},{"damage":4,"enemies":"2 Fungi Beasts","floor":11,"turns":3},{"damage":6,"enemies":"Gremlin Gang","floor":12,"turns":5},{"damage":4,"enemies":"Looter","floor":13,"turns":3},{"damage":6,"enemies":"Blue Slaver","floor":14,"turns":3},{"damage":33,"enemies":"The Guardian","floor":16,"turns":8},{"damage":18,"enemies":"Spheric Guardian","floor":18,"turns":5},{"damage":23,"enemies":"Chosen","floor":19,"turns":4},{"damage":30,"enemies":"Slaver and Parasite","floor":22,"turns":3}],"relics_obtained":[{"floor":9,"key":"Lantern"}],"event_choices":[{"event_name":"Wheel of Change","player_choice":"Relic","floor":2,"damage_taken":0},{"event_name":"Big Fish","player_choice":"Box","floor":5,"damage_taken":0},{"event_name":"Golden Wing","player_choice":"Card Removal","floor":8,"damage_taken":0},{"event_name":"The Mausoleum","player_choice":"Yes","floor":20,"damage_taken":0},{"event_name":"Beggar","player_choice":"Gave Gold","floor":21,"damage_taken":0}],"boss_relics":[{"not_picked":["Sozu","Tiny House"],"picked":"Astrolabe"}],"items_purged_floors":[],"potions_floor_spawned":[3,12,13,16],"seed_played":"2525124748899650676","killed_by":"Slaver and Parasite","ascension_level":0,"potions_obtained":[{"floor":3,"key":"Ancient Potion"},{"floor":12,"key":"Swift Potion"},{"floor":13,"key":"Regen Potion"}],"is_trial":false}