{"gold_per_floor":[109,59,35,53,63,63,91,91,173,202,226,245,245,256,256,333,383,400,400,425,500,517,517,14,14,41,41,60,93,93,112,112,186,186,200,200,212,232,251,251,280,295,319,319,351,371,371,139,139,139],"floor_reached":50,"playtime":1500,"items_purged":["Strike_R","Shame"],"score":1036,"play_id":"3627ff49-4be3-4032-a5a0-c441dac262ba","local_time":"20190206140942","is_ascension_mode":true,"campfire_choices":[{"data":"Whirlwind","floor":6.0,"key":"SMITH"},{"floor":8.0,"key":"REST"},{"floor":13.0,"key":"REST"},{"data":"Flex","floor":15.0,"key":"SMITH"},{"data":"Flex","floor":23.0,"key":"SMITH"},{"data":"Battle Trance","floor":27.0,"key":"SMITH"},{"data":"Bloodletting","floor":30.0,"key":"SMITH"},{"data":"Flex","floor":32.0,"key":"SMITH"},{"data":"Inflame","floor":40.0,"key":"SMITH"},{"floor":44.0,"key":"REST"},{"floor":47.0,"key":"REST"},{"data":"Offering","floor":49.0,"key":"SMITH"}],"neow_cost":"CURSE","seed_source_timestamp":0,"circlet_count":0,"master_deck":["AscendersBane","Strike_R","Strike_R","Strike_R+1","Strike_R","Defend_R","Defend_R","Defend_R","Defend_R","Bash","Whirlwind+1","Shrug It Off","Thunderclap","Flex+1","Battle Trance+1","Flex+1","Fiend Fire","Inflame+1","Bloodletting+1","Offering+1","Flex+1","Double Tap","Flex+1","Impervious","Inflame"],"special_seed":0,"relics":["Burning Blood","Juzu Bracelet","Darkstone Periapt","Gambling Chip","Odd Mushroom","Tiny House","Bag of Marbles","Chemical X","PreservedInsect","Ornamental Fan","Centennial Puzzle","Anchor","Cursed Key","Blue Candle","Strawberry","Sundial"],"potions_floor_usage":[50,50],"damage_taken":[{"damage":7.0,"enemies":"Small Slimes","floor":1.0,"turns":4.0},{"damage":1.0,"enemies":"2 Louse","floor":4.0,"turns":3.0},{"damage":15.0,"enemies":"Jaw Worm","floor":5.0,"turns":4.0},{"damage":34.0,"enemies":"3 Sentries","floor":7.0,"turns":6.0},{"damage":47.0,"enemies":"Lagavulin","floor":10.0,"turns":8.0},{"damage":0.0,"enemies":"The Mushroom Lair","floor":11.0,"turns":1.0},{"damage":16.0,"enemies":"Exordium Wildlife","floor":12.0,"turns":3.0},{"damage":9.0,"enemies":"Lots of Slimes","floor":14.0,"turns":2.0},{"damage":31.0,"enemies":"Slime Boss","floor":16.0,"turns":7.0},{"damage":34.0,"enemies":"Shell Parasite","floor":18.0,"turns":5.0},{"damage":0.0,"enemies":"3 Byrds","floor":22.0,"turns":2.0},{"damage":28.0,"enemies":"Snake Plant","floor":28.0,"turns":4.0},{"damage":0.0,"enemies":"Book of Stabbing","floor":29.0,"turns":1.0},{"damage":6.0,"enemies":"Centurion and Healer","floor":31.0,"turns":1.0},{"damage":38.0,"enemies":"Automaton","floor":33.0,"turns":6.0},{"damage":2.0,"enemies":"Orb Walker","floor":35.0,"turns":2.0},{"damage":6.0,"enemies":"3 Darklings","floor":37.0,"turns":1.0},{"damage":21.0,"enemies":"Writhing Mass","floor":38.0,"turns":3.0},{"damage":0.0,"enemies":"Jaw Worm Horde","floor":39.0,"turns":1.0},{"damage":6.0,"enemies":"Nemesis","floor":41.0,"turns":1.0},{"damage":58.0,"enemies":"Transient","floor":42.0,"turns":5.0},{"damage":3.0,"enemies":"Reptomancer","floor":45.0,"turns":2.0},{"damage":25.0,"enemies":"3 Darklings","floor":46.0,"turns":3.0},{"damage":78,"enemies":"Awakened One","floor":50,"turns":7}],"seed_played":"1188391068065516448","potions_obtained":[{"floor":5.0,"key":"FearPotion"},{"floor":10.0,"key":"AttackPotion"},{"floor":33.0,"key":"Swift Potion"},{"floor":45.0,"key":"Energy Potion"}],"is_trial":false,"path_per_floor":["M","?","$","M","M","R","E","R","T","E","?","M","R","M","R","B",null,"M","?","T","?","M","R","$","?","T","R","M","E","R","M","R","B",null,"M","?","M","M","M","R","E","M","T","R","E","M","R","$","R","B"],"character_chosen":"IRONCLAD","items_purchased":["Shrug It Off","Chemical X","Bloodletting","PreservedInsect","Inflame","FearPotion"],"campfire_rested":4,"item_purchase_floors":[3,24,24,24,48,48],"current_hp_per_floor":[81,81,81,86,77,77,49,74,74,33,39,29,54,51,51,26,76,48,78,78,69,75,75,75,75,75,75,53,59,59,59,59,27,75,79,79,79,64,70,70,70,18,31,62,65,46,77,77,77,0],"gold":139,"neow_bonus":"TWENTY_PERCENT_HP_BONUS","is_prod":false,"is_daily":false,"chose_seed":false,"campfire_upgraded":8,"win_rate":0,"timestamp":1549480182,"path_taken":["M","?","$","M","M","R","E","R","T","E","?","M","R","M","R","BOSS","M","?","?","?","M","R","?","?","T","R","M","E","R","M","R","BOSS","M","?","M","M","M","R","E","M","T","R","E","M","R","$","R","BOSS"],"build_version":"2019-01-23","purchased_purges":2,"victory":false,"max_hp_per_floor":[89,86,86,86,86,86,86,86,86,86,86,86,86,86,86,86,91,91,91,91,91,91,91,91,91,91,91,91,91,91,91,91,91,91,91,91,91,91,91,91,91,91,104,104,104,104,104,104,104,104],"card_choices":[{"not_picked":["Pommel Strike","Headbutt"],"picked":"Whirlwind","floor":1.0},{"not_picked":["Fire Breathing","Sword Boomerang","Evolve"],"picked":"SKIP","floor":4.0},{"not_picked":["Whirlwind","Pummel"],"picked":"Thunderclap","floor":5.0},{"not_picked":["Havoc","Headbutt"],"picked":"Flex","floor":7.0},{"not_picked":["Shrug It Off","Wild Strike"],"picked":"Battle Trance","floor":10.0},{"not_picked":["Intimidate","Metallicize"],"picked":"Flex","floor":12.0},{"not_picked":["Armaments","Twin Strike","Burning Pact"],"picked":"SKIP","floor":14.0},{"not_picked":["Bludgeon","Brutality"],"picked":"Fiend Fire","floor":16.0},{"not_picked":["Disarm","Pommel Strike"],"picked":"Inflame","floor":17.0},{"not_picked":["Sword Boomerang","Sentinel","Thunderclap"],"picked":"SKIP","floor":18.0},{"not_picked":["Perfected Strike","Sentinel","Armaments"],"picked":"SKIP","floor":22.0},{"not_picked":["Shockwave","Corruption"],"picked":"Offering","floor":28.0},{"not_picked":["Fiend Fire","Feel No Pain","Pummel"],"picked":"SKIP","floor":29.0},{"not_picked":["Havoc","Clash"],"picked":"Flex","floor":31.0},{"not_picked":["Barricade","Brutality"],"picked":"Double Tap","floor":33.0},{"not_picked":["Feel No Pain","Iron Wave","Armaments"],"picked":"SKIP","floor":35.0},{"not_picked":["Havoc","Power Through","True Grit+1"],"picked":"SKIP","floor":37.0},{"not_picked":["Shrug It Off","Perfected Strike"],"picked":"Flex+1","floor":38.0},{"not_picked":["Body Slam","Clash","Pommel Strike"],"picked":"SKIP","floor":39.0},{"not_picked":["Entrench+1","Whirlwind"],"picked":"Impervious","floor":41.0},{"not_picked":["Corruption+1","Sword Boomerang","Body Slam+1"],"picked":"SKIP","floor":42.0},{"not_picked":["Disarm+1","Dark Embrace","Metallicize+1"],"picked":"SKIP","floor":45.0},{"not_picked":["Hemokinesis","Thunderclap","Shrug It Off"],"picked":"SKIP","floor":46.0}],"player_experience":234880,"relics_obtained":[{"floor":7.0,"key":"Juzu Bracelet"},{"floor":9.0,"key":"Darkstone Periapt"},{"floor":10.0,"key":"Gambling Chip"},{"floor":11.0,"key":"Odd Mushroom"},{"floor":20.0,"key":"Bag of Marbles"},{"floor":26.0,"key":"Centennial Puzzle"},{"floor":29.0,"key":"Anchor"},{"floor":41.0,"key":"Blue Candle"},{"floor":43.0,"key":"Strawberry"},{"floor":45.0,"key":"Sundial"}],"event_choices":[{"cards_removed":["Parasite"],"damage_healed":0.0,"max_hp_gain":0.0,"max_hp_loss":0.0,"gold_gain":0.0,"event_name":"The Cleric","player_choice":"Card Removal","floor":2.0,"gold_loss":50.0,"damage_taken":0.0},{"damage_healed":0.0,"max_hp_gain":0.0,"max_hp_loss":0.0,"gold_gain":0.0,"event_name":"Mushrooms","player_choice":"Fought Mushrooms","floor":11.0,"gold_loss":0.0,"damage_taken":0.0},{"damage_healed":30.0,"max_hp_gain":0.0,"max_hp_loss":0.0,"gold_gain":0.0,"event_name":"The Library","player_choice":"Heal","floor":19.0,"gold_loss":0.0,"damage_taken":0.0},{"damage_healed":0.0,"max_hp_gain":0.0,"max_hp_loss":0.0,"gold_gain":75.0,"event_name":"FaceTrader","player_choice":"Touch","floor":21.0,"gold_loss":0.0,"damage_taken":9.0},{"damage_healed":0.0,"max_hp_gain":0.0,"max_hp_loss":0.0,"gold_gain":0.0,"event_name":"The Mausoleum","player_choice":"Opened","floor":25.0,"gold_loss":0.0,"damage_taken":0.0,"relics_obtained":["Ornamental Fan"]},{"damage_healed":0.0,"max_hp_gain":0.0,"max_hp_loss":0.0,"gold_gain":0.0,"event_name":"Tomb of Lord Red Mask","player_choice":"Ignored","floor":36.0,"gold_loss":0.0,"damage_taken":0.0}],"is_beta":false,"boss_relics":[{"not_picked":["Fusion Hammer","Snecko Eye"],"picked":"Tiny House"},{"not_picked":["Runic Cube","Philosopher\u0027s Stone"],"picked":"Cursed Key"}],"items_purged_floors":[24,48],"is_endless":false,"potions_floor_spawned":[5,10,11,12,16,18,33,35,38,45],"killed_by":"Awakened One","ascension_level":14}