{"gold_per_floor":[115,40,40,115,115,145,145,175,198,198,213,213,63,91,91,162,162,179,198,213,113,128,128,139,166,234,234,266,278,309,323,323,402,402,412,412,0,11,11,11,29,56,68,92,104,28,128,163,163,163,163],"floor_reached":51,"playtime":3194,"items_purged":["Strike_R","Strike_R","Strike_R"],"score":1612,"play_id":"22a263b1-181b-42fd-b2f0-4e62e703379b","local_time":"20181212131736","is_ascension_mode":true,"campfire_choices":[{"data":"Clothesline","floor":7.0,"key":"SMITH"},{"data":"Double Tap","floor":10.0,"key":"SMITH"},{"data":"Inflame","floor":12.0,"key":"SMITH"},{"data":"Bash","floor":15.0,"key":"SMITH"},{"data":"Armaments","floor":23.0,"key":"SMITH"},{"floor":27.0,"key":"REST"},{"floor":32.0,"key":"REST"},{"data":"Whirlwind","floor":40.0,"key":"SMITH"},{"data":"Chrysalis","floor":45.0,"key":"SMITH"},{"floor":49,"key":"RECALL"}],"neow_cost":"NONE","seed_source_timestamp":0,"circlet_count":0,"master_deck":["AscendersBane","Strike_R","Strike_R+1","Defend_R","Defend_R+1","Defend_R+1","Defend_R+1","Bash+1","Clothesline+1","Inflame+1","Double Tap+1","Cleave","Metallicize","Fiend Fire","Armaments+1","Iron Wave","Flame Barrier","True Grit+1","Cleave","Flame Barrier","Corruption","Reaper","Inflame","Chrysalis+1","Whirlwind+1","Body Slam","Feel No Pain","Sword Boomerang","Power Through"],"special_seed":0,"relics":["Burning Blood","NeowsBlessing","Blue Candle","Red Skull","Anchor","War Paint","Runic Pyramid","Sundial","Mercury Hourglass","PreservedInsect","Centennial Puzzle","Philosopher\u0027s Stone","Happy Flower","MawBank","Torii","Bag of Marbles"],"potions_floor_usage":[50,51],"damage_taken":[{"damage":0.0,"enemies":"Jaw Worm","floor":1.0,"turns":1.0},{"damage":0.0,"enemies":"Gremlin Nob","floor":6.0,"turns":1.0},{"damage":0.0,"enemies":"Lagavulin","floor":8.0,"turns":1.0},{"damage":3.0,"enemies":"Small Slimes","floor":11.0,"turns":3.0},{"damage":12.0,"enemies":"3 Sentries","floor":14.0,"turns":6.0},{"damage":23.0,"enemies":"The Guardian","floor":16.0,"turns":11.0},{"damage":7.0,"enemies":"Shell Parasite","floor":18.0,"turns":5.0},{"damage":23.0,"enemies":"2 Thieves","floor":19.0,"turns":4.0},{"damage":25.0,"enemies":"Snake Plant","floor":20.0,"turns":4.0},{"damage":0.0,"enemies":"Snecko","floor":22.0,"turns":4.0},{"damage":0.0,"enemies":"Chosen and Byrds","floor":24.0,"turns":3.0},{"damage":9.0,"enemies":"Book of Stabbing","floor":25.0,"turns":4.0},{"damage":43.0,"enemies":"Gremlin Leader","floor":28.0,"turns":3.0},{"damage":9.0,"enemies":"Snake Plant","floor":29.0,"turns":5.0},{"damage":7.0,"enemies":"Slavers","floor":30.0,"turns":2.0},{"damage":2.0,"enemies":"Centurion and Healer","floor":31.0,"turns":7.0},{"damage":53.0,"enemies":"Automaton","floor":33.0,"turns":11.0},{"damage":9.0,"enemies":"3 Shapes","floor":35.0,"turns":4.0},{"damage":32.0,"enemies":"3 Darklings","floor":38.0,"turns":5.0},{"damage":32.0,"enemies":"Sphere and 2 Shapes","floor":41.0,"turns":6.0},{"damage":0.0,"enemies":"Reptomancer","floor":42.0,"turns":3.0},{"damage":40.0,"enemies":"Writhing Mass","floor":44.0,"turns":6.0},{"damage":17.0,"enemies":"Mind Bloom Boss Battle","floor":47.0,"turns":8.0},{"damage":7.0,"enemies":"Nemesis","floor":48.0,"turns":3.0},{"damage":52,"enemies":"Awakened One","floor":50,"turns":11},{"damage":40,"enemies":"Donu and Deca","floor":51,"turns":4}],"seed_played":"-259565454456371402","potions_obtained":[{"floor":6.0,"key":"EssenceOfSteel"},{"floor":8.0,"key":"SpeedPotion"},{"floor":19.0,"key":"Regen Potion"},{"floor":25.0,"key":"SteroidPotion"},{"floor":31.0,"key":"Energy Potion"},{"floor":33.0,"key":"Strength Potion"},{"floor":38.0,"key":"GamblersBrew"},{"floor":42.0,"key":"Block Potion"}],"is_trial":false,"path_per_floor":["M","$","?","?","?","E","R","E","T","R","M","R","$","E","R","B",null,"M","M","M","$","M","R","M","E","T","R","E","M","E","M","R","B",null,"M","?","$","M","?","R","M","E","T","M","R","$","?","E","R","B","B"],"character_chosen":"IRONCLAD","items_purchased":["Inflame","Metallicize","Inflame","Chrysalis","Feel No Pain"],"campfire_rested":2,"item_purchase_floors":[2,13,37,37,46],"current_hp_per_floor":[74,74,74,63,40,46,46,52,52,52,55,55,55,49,49,32,64,63,46,27,27,33,33,39,48,48,70,33,30,29,33,55,8,58,63,63,63,67,67,67,50,56,56,45,45,45,53,52,52,16,0],"gold":163,"neow_bonus":"THREE_ENEMY_KILL","is_prod":false,"is_daily":false,"chose_seed":false,"campfire_upgraded":7,"win_rate":0,"timestamp":1544638656,"path_taken":["M","$","?","?","?","E","R","E","T","R","M","R","?","E","R","BOSS","M","?","?","$","M","R","M","E","T","R","E","M","E","M","R","BOSS","M","?","$","?","?","R","M","E","T","?","R","$","?","E","R","BOSS","BOSS"],"build_version":"2018-12-06","purchased_purges":3,"victory":false,"max_hp_per_floor":[75,75,75,75,75,75,75,75,75,75,75,75,75,75,75,75,75,75,75,75,75,75,75,75,75,75,75,75,75,75,75,75,75,75,75,75,75,75,75,75,75,75,75,75,75,75,75,75,75,75,75],"card_choices":[{"not_picked":["Armaments","Havoc"],"picked":"Clothesline","floor":1.0},{"not_picked":["Metallicize","Flex"],"picked":"Double Tap","floor":6.0},{"not_picked":["Headbutt","Burning Pact"],"picked":"Cleave","floor":8.0},{"not_picked":["Thunderclap","Body Slam","Rampage"],"picked":"SKIP","floor":11.0},{"not_picked":["Infernal Blade","Clash","Rampage"],"picked":"SKIP","floor":14.0},{"not_picked":["Berserk","Exhume"],"picked":"Fiend Fire","floor":16.0},{"not_picked":["Pommel Strike","Thunderclap"],"picked":"Armaments","floor":18.0},{"not_picked":["Seeing Red","Clothesline"],"picked":"Iron Wave","floor":19.0},{"not_picked":["Body Slam","Headbutt","Perfected Strike"],"picked":"SKIP","floor":20.0},{"not_picked":["Bloodletting","Cleave"],"picked":"Flame Barrier","floor":22.0},{"not_picked":["Bloodletting","Rampage"],"picked":"True Grit","floor":24.0},{"not_picked":["Barricade","Warcry+1"],"picked":"Cleave","floor":25.0},{"not_picked":["Twin Strike","Fire Breathing"],"picked":"Flame Barrier","floor":28.0},{"not_picked":["Armaments+1","Perfected Strike","Iron Wave"],"picked":"SKIP","floor":29.0},{"not_picked":["Iron Wave","Cleave+1"],"picked":"Rage","floor":30.0},{"not_picked":["Exhume","Cleave"],"picked":"Corruption","floor":31.0},{"not_picked":["Double Tap","Fiend Fire"],"picked":"Reaper","floor":33.0},{"not_picked":["Perfected Strike","Anger","Wild Strike"],"picked":"SKIP","floor":35.0},{"not_picked":["Entrench","Blood for Blood"],"picked":"Whirlwind","floor":38.0},{"not_picked":["Thunderclap","Hemokinesis","Flex"],"picked":"SKIP","floor":41.0},{"not_picked":["Blood for Blood","Clothesline"],"picked":"Body Slam","floor":42.0},{"not_picked":["Armaments","Pommel Strike","Warcry"],"picked":"SKIP","floor":44.0},{"not_picked":["Immolate","Perfected Strike+1"],"picked":"Sword Boomerang","floor":47.0},{"not_picked":["Second Wind","Fire Breathing"],"picked":"Power Through","floor":48.0}],"player_experience":679275,"relics_obtained":[{"floor":6.0,"key":"Blue Candle"},{"floor":8.0,"key":"Red Skull"},{"floor":9.0,"key":"Anchor"},{"floor":14.0,"key":"War Paint"},{"floor":25.0,"key":"Sundial"},{"floor":26.0,"key":"Mercury Hourglass"},{"floor":28.0,"key":"PreservedInsect"},{"floor":30.0,"key":"Centennial Puzzle"},{"floor":42.0,"key":"MawBank"},{"floor":47.0,"key":"Torii"},{"floor":48.0,"key":"Bag of Marbles"}],"event_choices":[{"damage_healed":0.0,"max_hp_gain":0.0,"max_hp_loss":0.0,"gold_gain":0.0,"event_name":"Liars Game","player_choice":"Ignored","floor":3.0,"gold_loss":0.0,"damage_taken":0.0},{"damage_healed":0.0,"max_hp_gain":0.0,"max_hp_loss":0.0,"gold_gain":75.0,"event_name":"World of Goop","player_choice":"Gather Gold","floor":4.0,"gold_loss":0.0,"damage_taken":11.0},{"damage_healed":0.0,"max_hp_gain":0.0,"max_hp_loss":0.0,"gold_gain":0.0,"event_name":"Shining Light","player_choice":"Entered Light","floor":5.0,"gold_loss":0.0,"damage_taken":23.0,"cards_upgraded":["Defend_R","Strike_R"]},{"damage_healed":0.0,"max_hp_gain":0.0,"max_hp_loss":0.0,"gold_gain":0.0,"event_name":"Upgrade Shrine","player_choice":"Upgraded","floor":36.0,"gold_loss":0.0,"damage_taken":0.0,"cards_upgraded":["True Grit"]},{"cards_removed":["Rage"],"damage_healed":0.0,"max_hp_gain":0.0,"max_hp_loss":0.0,"gold_gain":0.0,"event_name":"WeMeetAgain","player_choice":"Gave Card","floor":39.0,"gold_loss":0.0,"damage_taken":0.0,"relics_obtained":["Happy Flower"]},{"damage_healed":0.0,"max_hp_gain":0.0,"max_hp_loss":0.0,"gold_gain":0.0,"event_name":"MindBloom","player_choice":"Fight","floor":47.0,"gold_loss":0.0,"damage_taken":0.0}],"is_beta":false,"boss_relics":[{"not_picked":["Busted Crown","White Beast Statue"],"picked":"Runic Pyramid"},{"not_picked":["Black Star","Cursed Key"],"picked":"Philosopher\u0027s Stone"}],"items_purged_floors":[13,21,37],"is_endless":false,"potions_floor_spawned":[6,8,14,19,22,25,28,31,33,38,42,44],"killed_by":"Donu and Deca","ascension_level":20}