{"gold_per_floor":[213,30,30,30,48,48,81,92,92,112,112,139,17,32,32,104,104,104,104,104,104,104,104,104,104,104,104,104,29,29,29,29,29],"floor_reached":33,"playtime":1731,"items_purged":["Strike_B"],"score":493,"play_id":"f83d5f71-341d-4c77-b5d8-c05cea6c721a","local_time":"20190205230626","is_ascension_mode":true,"campfire_choices":[{"floor":6.0,"key":"REST"},{"floor":11.0,"key":"REST"},{"data":"Loop","floor":15.0,"key":"SMITH"},{"floor":24,"key":"REST"},{"floor":28,"key":"REST"},{"floor":32,"key":"REST"}],"neow_cost":"NONE","seed_source_timestamp":0,"circlet_count":0,"master_deck":["AscendersBane","Strike_B","Strike_B","Strike_B","Defend_B","Defend_B+1","Defend_B","Defend_B","Zap+1","Dualcast","Coolheaded","Loop+1","Chill","Cold Snap","Conserve Battery","Echo Form","Leap","Echo Form","Sweeping Beam","Sunder","Go for the Eyes","Consume","Glacier"],"special_seed":0,"relics":["Cracked Core","Strawberry","Meat on the Bone","Ancient Tea Set","Sundial","Ectoplasm","Blood Vial","Bag of Marbles","Letter Opener"],"potions_floor_usage":[21,22],"damage_taken":[{"damage":0.0,"enemies":"Small Slimes","floor":1.0,"turns":3.0},{"damage":4.0,"enemies":"2 Louse","floor":5.0,"turns":3.0},{"damage":12.0,"enemies":"3 Sentries","floor":7.0,"turns":10.0},{"damage":5.0,"enemies":"Jaw Worm","floor":8.0,"turns":3.0},{"damage":11.0,"enemies":"Exordium Thugs","floor":10.0,"turns":5.0},{"damage":28.0,"enemies":"Gremlin Nob","floor":12.0,"turns":5.0},{"damage":14.0,"enemies":"Red Slaver","floor":14.0,"turns":4.0},{"damage":37.0,"enemies":"The Guardian","floor":16.0,"turns":13.0},{"damage":13.0,"enemies":"3 Byrds","floor":18.0,"turns":8.0},{"damage":3.0,"enemies":"Chosen","floor":20.0,"turns":7.0},{"damage":12,"enemies":"Snecko","floor":21,"turns":7},{"damage":0,"enemies":"Snake Plant","floor":22,"turns":1},{"damage":39,"enemies":"Book of Stabbing","floor":23,"turns":10},{"damage":11,"enemies":"Centurion and Healer","floor":25,"turns":8},{"damage":11,"enemies":"Shelled Parasite and Fungi","floor":27,"turns":7},{"damage":33,"enemies":"Gremlin Leader","floor":30,"turns":7},{"damage":35,"enemies":"Snake Plant","floor":31,"turns":5},{"damage":54,"enemies":"Automaton","floor":33,"turns":8}],"seed_played":"-1875680187236837281","potions_obtained":[{"floor":8.0,"key":"Strength Potion"},{"floor":10.0,"key":"LiquidBronze"},{"floor":14.0,"key":"PowerPotion"},{"floor":19.0,"key":"SmokeBomb"},{"floor":19.0,"key":"EntropicBrew"},{"floor":20.0,"key":"Fruit Juice"},{"floor":23,"key":"Fire Potion"},{"floor":25,"key":"FearPotion"}],"is_trial":false,"path_per_floor":["M","$","?","?","M","R","E","M","T","M","R","E","$","M","R","B",null,"M","?","M","M","M","E","R","M","T","M","R","$","E","M","R","B"],"character_chosen":"DEFECT","items_purchased":["Loop","Strawberry","Echo Form","Leap"],"campfire_rested":5,"item_purchase_floors":[2,2,13,13],"current_hp_per_floor":[68,75,75,59,55,79,67,62,62,51,75,47,47,45,45,20,67,54,54,51,44,44,17,43,46,46,49,75,75,44,23,49,0],"gold":29,"neow_bonus":"HUNDRED_GOLD","is_prod":false,"is_daily":false,"chose_seed":false,"campfire_upgraded":1,"win_rate":0,"timestamp":1549425986,"path_taken":["M","$","?","?","?","R","E","M","T","M","R","E","$","M","R","BOSS","M","?","M","?","M","E","R","M","T","?","R","$","E","M","R","BOSS"],"build_version":"2019-01-23","purchased_purges":1,"victory":false,"max_hp_per_floor":[75,82,82,82,82,82,82,82,82,82,82,82,82,82,82,82,82,82,82,82,87,87,87,87,87,87,87,87,87,87,87,87,87],"card_choices":[{"not_picked":["Barrage","Redo"],"picked":"Coolheaded","floor":1.0},{"not_picked":["Reprogram","Rebound"],"picked":"Chill","floor":5.0},{"not_picked":["Coolheaded","Tempest"],"picked":"Cold Snap","floor":7.0},{"not_picked":["Recycle","Steam","Turbo"],"picked":"SKIP","floor":8.0},{"not_picked":["Static Discharge","Fusion","Hologram"],"picked":"SKIP","floor":10.0},{"not_picked":["Static Discharge","Stack"],"picked":"Conserve Battery","floor":12.0},{"not_picked":["Barrage","Cold Snap","Hologram"],"picked":"SKIP","floor":14.0},{"not_picked":["Machine Learning","All For One"],"picked":"Echo Form","floor":16.0},{"not_picked":["Streamline+1","Gash"],"picked":"Sweeping Beam","floor":18.0},{"not_picked":["Sweeping Beam","Storm"],"picked":"Sunder","floor":20.0},{"not_picked":["Leap","Scrape"],"picked":"Go for the Eyes","floor":21},{"not_picked":["Reprogram","Recycle","Heatsinks"],"picked":"SKIP","floor":23},{"not_picked":["Coolheaded","Hologram","Cold Snap+1"],"picked":"SKIP","floor":25},{"not_picked":["Gash","Conserve Battery"],"picked":"Consume","floor":27},{"not_picked":["Turbo","Compile Driver"],"picked":"Glacier","floor":30},{"not_picked":["Force Field","Tempest","Stack"],"picked":"SKIP","floor":31}],"player_experience":231233,"relics_obtained":[{"floor":7.0,"key":"Meat on the Bone"},{"floor":9.0,"key":"Ancient Tea Set"},{"floor":12.0,"key":"Sundial"},{"floor":23,"key":"Blood Vial"},{"floor":26,"key":"Bag of Marbles"},{"floor":30,"key":"Letter Opener"}],"event_choices":[{"damage_healed":0.0,"max_hp_gain":0.0,"max_hp_loss":0.0,"gold_gain":0.0,"event_name":"The Cleric","player_choice":"Leave","floor":3.0,"gold_loss":0.0,"damage_taken":0.0},{"damage_healed":0.0,"max_hp_gain":0.0,"max_hp_loss":0.0,"gold_gain":0.0,"event_name":"Shining Light","player_choice":"Entered Light","floor":4.0,"gold_loss":0.0,"damage_taken":16.0,"cards_upgraded":["Zap","Defend_B"]},{"damage_healed":0.0,"max_hp_gain":0.0,"max_hp_loss":0.0,"gold_gain":0.0,"event_name":"Lab","player_choice":"Got Potions","floor":19.0,"gold_loss":0.0,"damage_taken":0.0}],"is_beta":false,"boss_relics":[{"not_picked":["FrozenCore","Lizard Tail"],"picked":"Ectoplasm"}],"items_purged_floors":[29],"is_endless":false,"potions_floor_spawned":[8,10,14,20,22,23,25],"killed_by":"Automaton","ascension_level":13}