{"gold_per_floor":[115,135,149,162,180,180,213,225,237,283,307,319,344,369,381,464,476,504,19,19],"floor_reached":20,"playtime":869,"items_purged":["Strike_G"],"score":357,"play_id":"260aa5f2-582a-446e-9228-88f2fbcf4a8c","local_time":"20181013131828","is_ascension_mode":true,"campfire_choices":[{"data":"Noxious Fumes","floor":6,"key":"SMITH"},{"floor":8,"key":"REST"},{"data":"Deadly Poison","floor":15,"key":"SMITH"}],"neow_cost":"","seed_source_timestamp":479098763476711,"circlet_count":0,"master_deck":["Defend_G","Defend_G","Defend_G","Defend_G","Defend_G","Strike_G","Strike_G","Strike_G","Survivor","Neutralize","AscendersBane","Backflip","Dagger Spray","Noxious Fumes+1","Burst","Blade Dance","Flying Knee","Sucker Punch","Deadly Poison+1","Calculated Gamble","Well Laid Plans","Tools of the Trade","Poisoned Stab","Accuracy","Cloak And Dagger","Bandage Up"],"relics":["Ring of the Snake","MawBank","Tingsha","Bottled Lightning","Fusion Hammer","PreservedInsect"],"potions_floor_usage":[11,16,16],"damage_taken":[{"damage":10,"enemies":"2 Louse","floor":1,"turns":4},{"damage":4,"enemies":"Small Slimes","floor":2,"turns":9},{"damage":0,"enemies":"Cultist","floor":3,"turns":4},{"damage":0,"enemies":"Blue Slaver","floor":4,"turns":7},{"damage":1,"enemies":"Exordium Wildlife","floor":5,"turns":4},{"damage":26,"enemies":"Lagavulin","floor":7,"turns":9},{"damage":7,"enemies":"3 Sentries","floor":10,"turns":6},{"damage":11,"enemies":"Large Slime","floor":11,"turns":6},{"damage":1,"enemies":"Looter","floor":13,"turns":4},{"damage":4,"enemies":"2 Fungi Beasts","floor":14,"turns":3},{"damage":4,"enemies":"Hexaghost","floor":16,"turns":7},{"damage":26,"enemies":"Shell Parasite","floor":18,"turns":6}],"seed_played":"2224522330986547469","potions_obtained":[{"floor":5,"key":"Explosive Potion"},{"floor":10,"key":"FearPotion"},{"floor":13,"key":"EssenceOfSteel"},{"floor":16,"key":"FearPotion"},{"floor":18,"key":"EssenceOfSteel"}],"is_trial":false,"path_per_floor":["M","M","M","M","M","R","E","R","T","E","M","?","M","M","R","B",null,"M","$"],"character_chosen":"THE_SILENT","items_purchased":["Accuracy","Cloak And Dagger","PreservedInsect","Bandage Up"],"campfire_rested":1,"item_purchase_floors":[19,19,19,19],"current_hp_per_floor":[49,45,45,45,44,44,18,37,37,30,19,12,11,7,7,3,50,24,24,3],"gold":19,"neow_bonus":"","is_prod":false,"is_daily":false,"chose_seed":false,"campfire_upgraded":2,"win_rate":0,"timestamp":1539451108,"path_taken":["M","M","M","M","M","R","E","R","T","E","M","?","M","M","R","BOSS","M","$","?"],"build_version":"2018-10-11","purchased_purges":1,"victory":false,"max_hp_per_floor":[66,66,66,66,66,66,66,66,66,66,66,66,66,66,66,66,66,66,66,66],"card_choices":[{"not_picked":["Blade Dance","Acrobatics"],"picked":"Backflip","floor":1},{"not_picked":["Backflip","Accuracy"],"picked":"Dagger Spray","floor":2},{"not_picked":["Prepared","Outmaneuver"],"picked":"Noxious Fumes","floor":3},{"not_picked":["Quick Slash","Outmaneuver"],"picked":"Burst","floor":4},{"not_picked":["Acrobatics","Blur"],"picked":"Blade Dance","floor":5},{"not_picked":["Caltrops","Prepared"],"picked":"Flying Knee","floor":7},{"not_picked":["Blade Dance","Distraction"],"picked":"Sucker Punch","floor":10},{"not_picked":["Accuracy","Dagger Spray"],"picked":"Deadly Poison","floor":11},{"not_picked":["Expertise","Reflex"],"picked":"Calculated Gamble","floor":13},{"not_picked":["Heel Hook","Sucker Punch"],"picked":"Well Laid Plans","floor":14},{"not_picked":["Burst","Phantasmal Killer"],"picked":"Tools of the Trade","floor":16},{"not_picked":["Predator","PiercingWail"],"picked":"Poisoned Stab","floor":18}],"player_experience":557156,"relics_obtained":[{"floor":7,"key":"MawBank"},{"floor":9,"key":"Tingsha"},{"floor":10,"key":"Bottled Lightning"}],"event_choices":[{"event_name":"Golden Wing","player_choice":"Card Removal","floor":12,"damage_taken":0},{"event_name":"Cursed Tome","player_choice":"Obtained Book","floor":20,"damage_taken":0}],"is_beta":false,"boss_relics":[{"not_picked":["Philosopher\u0027s Stone","Black Star"],"picked":"Fusion Hammer"}],"items_purged_floors":[19],"is_endless":false,"potions_floor_spawned":[5,10,13,16,18],"ascension_level":18}