{"gold_per_floor":[116,66,84,84,104,139,149,182,258,286,286,361,361,361,361,361],"floor_reached":16,"playtime":580,"items_purged":[],"score":167,"play_id":"aff820a9-00e0-41ea-b97d-9b3821b97541","local_time":"20180807121118","is_ascension_mode":true,"campfire_choices":[{"data":"1","floor":11,"key":"LIFT"},{"data":"2","floor":13,"key":"LIFT"},{"floor":15,"key":"REST"}],"neow_cost":"NONE","seed_source_timestamp":221516000995895,"circlet_count":0,"master_deck":["Strike_B","Strike_B","Defend_B","Defend_B","Defend_B","Defend_B","Zap","Dualcast","AscendersBane","Cold Snap","Sunder","Conserve Battery","Glacier","Hologram","Injury"],"relics":["Cracked Core","DataDisk","Smiling Mask","Girya","Cables","Odd Mushroom","Golden Idol"],"potions_floor_usage":[6,6,8],"damage_taken":[{"damage":4,"enemies":"Small Slimes","floor":1,"turns":3},{"damage":6,"enemies":"2 Louse","floor":3,"turns":2},{"damage":0,"enemies":"Cultist","floor":5,"turns":3},{"damage":4,"enemies":"Gremlin Nob","floor":6,"turns":4},{"damage":6,"enemies":"Large Slime","floor":7,"turns":6},{"damage":2,"enemies":"3 Sentries","floor":8,"turns":5},{"damage":0,"floor":10,"turns":3},{"damage":59,"enemies":"Hexaghost","floor":16,"turns":16}],"seed_played":"1498887887074504090","potions_obtained":[{"floor":3,"key":"SkillPotion"},{"floor":5,"key":"PowerPotion"},{"floor":6,"key":"Explosive Potion"},{"floor":10,"key":"EssenceOfSteel"}],"is_trial":false,"path_per_floor":["M","?","M","?","M","E","M","E","T","?","R","?","R","?","R"],"character_chosen":"DEFECT","items_purchased":[],"campfire_rested":1,"item_purchase_floors":[],"current_hp_per_floor":[64,64,58,58,58,54,48,46,46,46,46,35,35,35,57,0],"gold":361,"neow_bonus":"RANDOM_COMMON_RELIC","is_prod":false,"is_daily":false,"chose_seed":false,"campfire_upgraded":0,"win_rate":0,"timestamp":1533658278,"path_taken":["M","?","M","?","M","E","M","E","T","?","R","?","R","?","R","BOSS"],"build_version":"2018-08-02","purchased_purges":0,"victory":false,"max_hp_per_floor":[75,75,75,75,75,75,75,75,75,75,75,75,75,75,75,75],"card_choices":[{"not_picked":["Capacitor","BootSequence"],"picked":"Cold Snap","floor":1},{"not_picked":["Scrape","Sweeping Beam"],"picked":"Sunder","floor":3},{"not_picked":["Cold Snap","Steam Power"],"picked":"Conserve Battery","floor":5},{"not_picked":["Doom and Gloom","Coolheaded","Turbo"],"picked":"SKIP","floor":6},{"not_picked":["Rainbow","Redo"],"picked":"Glacier","floor":7},{"not_picked":["Turbo","Chaos","Steam Power"],"picked":"SKIP","floor":8},{"not_picked":["Rebound","Redo"],"picked":"Hologram","floor":10}],"player_experience":442517,"relics_obtained":[{"floor":6,"key":"Smiling Mask"},{"floor":8,"key":"Girya"},{"floor":9,"key":"Cables"},{"floor":10,"key":"Odd Mushroom"}],"event_choices":[{"event_name":"The Cleric","player_choice":"Card Removal","floor":2,"damage_taken":0},{"event_name":"Purifier","player_choice":"One Purge","floor":4,"damage_taken":0},{"event_name":"Mushrooms","player_choice":"Fought Mushrooms","floor":10,"damage_taken":0},{"event_name":"World of Goop","player_choice":"Gather Gold","floor":12,"damage_taken":0},{"event_name":"Golden Idol","player_choice":"Take Wound","floor":14,"damage_taken":0}],"is_beta":false,"boss_relics":[],"items_purged_floors":[],"is_endless":false,"potions_floor_spawned":[3,5,6,10],"killed_by":"Hexaghost","ascension_level":11}