{"path_per_floor":["M","$","?","?","?","E","R","?","T","R","M","R","M","?","R","B",null,"M","?","T","M","$","E","R","?","T","R","E","M","R","M","R","B",null,"M","$","M","M","M"],"character_chosen":"THE_SILENT","items_purchased":["Escape Plan","Flash of Steel","Noxious Fumes"],"gold_per_floor":[114,39,39,39,39,71,71,71,71,71,87,87,99,129,129,229,229,248,148,148,158,78,107,107,107,134,134,161,181,181,199,199,294,294,311,86,97,107,126],"floor_reached":40,"campfire_rested":0,"playtime":2332,"current_hp_per_floor":[69,69,69,69,69,45,45,45,45,45,45,45,45,45,45,45,70,70,70,70,67,67,64,64,64,64,64,61,52,66,55,55,12,84,83,83,82,80,62],"items_purged":["Pain","Pain"],"gold":126,"score":422,"play_id":"c34de4bb-0957-46a0-a242-0c6a94d75068","is_prod":false,"is_daily":false,"is_ascension_mode":false,"campfire_upgraded":5,"path_taken":["M","$","?","?","?","E","R","?","T","R","?","R","M","?","R","BOSS","M","?","?","M","$","E","R","?","T","R","E","M","R","M","R","BOSS","M","$","M","M","?","E"],"build_version":"2018-02-08-PROD1","purchased_purges":3,"victory":false,"master_deck":["Defend_G","Defend_G","Strike_G","Strike_G","Survivor","Neutralize+1","Skewer+1","Dagger Throw","All Out Attack+1","Blur+1","Quick Slash+1","Endless Agony+1","Tactician+1","Flying Knee","Tools of the Trade","Flying Knee+1","Flying Knee+1","Underhanded Strike+1","Prepared+1","J.A.X.","Outmaneuver+1","Escape Plan","Terror","Predator","Riddle With Holes+1","Slice","Glass Knife+1","Decay","Decay","Prepared+1","Flash of Steel+1","Noxious Fumes"],"max_hp_per_floor":[70,70,70,70,70,70,70,70,70,70,70,70,70,70,70,70,70,70,70,70,70,70,70,70,70,70,70,70,70,84,84,84,84,84,84,84,84,84,84],"relics":["Ring of the Snake","Lantern","Whetstone","Thread and Needle","Odd Mushroom","Astrolabe","Shovel","Pantograph","Unceasing Top","Bronze Scales","Torii","Mango","Molten Egg 2","Calling Bell","Blood Vial","Regal Pillow","Orichalcum"],"card_choices":[{"not_picked":["Dodge and Roll","Bane"],"picked":"All Out Attack"},{"not_picked":["Eviscerate","Crippling Poison"],"picked":"Blur"},{"not_picked":["Reflex","Expertise"],"picked":"Endless Agony"},{"not_picked":["Dagger Throw","Infinite Blades"],"picked":"Tactician"},{"not_picked":["Underhanded Strike","Quick Slash"],"picked":"Flying Knee"},{"not_picked":["Unload","After Image"],"picked":"Tools of the Trade"},{"not_picked":["Deflect","Catalyst"],"picked":"Prepared"},{"not_picked":["Quick Slash","Deadly Poison"],"picked":"Outmaneuver"},{"not_picked":["Caltrops","Adrenaline"],"picked":"Terror"},{"not_picked":["Poisoned Stab","Bane"],"picked":"Predator"},{"not_picked":["Terror","Bane"],"picked":"Riddle With Holes"},{"not_picked":["Prepared","Malaise"],"picked":"Slice"},{"not_picked":["Tools of the Trade","Wraith Form"],"picked":"Glass Knife"},{"not_picked":["Noxious Fumes","Dagger Throw"],"picked":"Prepared"}],"player_experience":50920,"potions_floor_usage":[16,23,33,37,40,40],"damage_taken":[{"damage":1,"enemies":"Small Slimes","floor":1,"turns":3},{"damage":24,"enemies":"Gremlin Nob","floor":6,"turns":4},{"damage":0,"enemies":"Blue Slaver","floor":11,"turns":3},{"damage":0,"enemies":"Cultist","floor":13,"turns":1},{"damage":0,"enemies":"The Mushroom Lair","floor":14,"turns":3},{"damage":0,"enemies":"Slime Boss","floor":16,"turns":10},{"damage":0,"enemies":"Spheric Guardian","floor":18,"turns":3},{"damage":3,"enemies":"Chosen","floor":21,"turns":3},{"damage":3,"enemies":"Book of Stabbing","floor":23,"turns":4},{"damage":3,"enemies":"Gremlin Leader","floor":28,"turns":4},{"damage":9,"enemies":"Snecko","floor":29,"turns":5},{"damage":11,"enemies":"Sentry and Sphere","floor":31,"turns":4},{"damage":68,"enemies":"Champ","floor":33,"turns":8},{"damage":1,"enemies":"Orb Walker","floor":35,"turns":2},{"damage":2,"enemies":"3 Darklings","floor":37,"turns":4},{"damage":4,"enemies":"Maw","floor":38,"turns":6},{"damage":20,"enemies":"Sphere and 2 Shapes","floor":39,"turns":5},{"damage":64,"enemies":"2 Orb Walkers","floor":40,"turns":3}],"event_choices":[{"event_name":"Accursed Blacksmith","player_choice":"Rummage","floor":3,"damage_taken":0},{"event_name":"Liars Game","player_choice":"disagreed","floor":4,"damage_taken":0},{"event_name":"Living Wall","player_choice":"Forget","floor":5,"damage_taken":0},{"event_name":"Match and Keep!","player_choice":"1 cards matched","floor":8,"damage_taken":0},{"event_name":"Mushrooms","player_choice":"Fought Mushrooms","floor":14,"damage_taken":0},{"event_name":"Drug Dealer","player_choice":"Got JAXXED","floor":19,"damage_taken":0},{"event_name":"Back to Basics","player_choice":"Elegance","floor":25,"damage_taken":0}],"boss_relics":[{"not_picked":["Question Card","Lizard Tail"],"picked":"Astrolabe"},{"not_picked":["The Specimen","Snecko Eye"],"picked":"Calling Bell"}],"potions_floor_spawned":[6,11,21,28,31,35,37],"seed_played":"2724150449646921939","killed_by":"2 Orb Walkers","ascension_level":0,"is_trial":false}