{"gold_per_floor":[117,134,157,169,185,185,219,238,238,264,264,264,291,310,310,385,435,450,462,462],"floor_reached":20,"playtime":716,"items_purged":[],"score":353,"play_id":"231b23f6-7e4f-43b4-9925-3f7d27dcfe74","local_time":"20180910184701","is_ascension_mode":true,"campfire_choices":[{"data":"Immolate","floor":6,"key":"SMITH"},{"data":"Uppercut","floor":12,"key":"SMITH"},{"data":"Armaments","floor":15,"key":"SMITH"}],"neow_cost":"TEN_PERCENT_HP_LOSS","seed_source_timestamp":372069364682590,"circlet_count":0,"master_deck":["Strike_R","Strike_R","Strike_R","Strike_R","Defend_R","Defend_R+1","Defend_R","Defend_R","Bash","AscendersBane","Immolate+1","Shrug It Off","Headbutt","Uppercut+1","Juggernaut","Thunderclap","Wild Strike","Armaments+1","Limit Break","True Grit","Battle Trance","Spot Weakness"],"relics":["Burning Blood","Blood Vial","The Courier","Ornamental Fan","Bag of Preparation","Regal Pillow","Tiny House"],"potions_floor_usage":[7,10,16,19],"damage_taken":[{"damage":1,"enemies":"Cultist","floor":1,"turns":3},{"damage":2,"enemies":"Jaw Worm","floor":2,"turns":3},{"damage":0,"enemies":"2 Louse","floor":4,"turns":2},{"damage":8,"enemies":"Lots of Slimes","floor":5,"turns":2},{"damage":17,"enemies":"Gremlin Nob","floor":7,"turns":4},{"damage":2,"enemies":"2 Fungi Beasts","floor":8,"turns":3},{"damage":2,"enemies":"3 Sentries","floor":10,"turns":3},{"damage":16,"enemies":"Gremlin Nob","floor":13,"turns":3},{"damage":0,"enemies":"Exordium Wildlife","floor":14,"turns":1},{"damage":74,"enemies":"Hexaghost","floor":16,"turns":11},{"damage":21,"enemies":"Shell Parasite","floor":18,"turns":8},{"damage":27,"enemies":"3 Byrds","floor":19,"turns":3},{"damage":31,"enemies":"Snecko","floor":20,"turns":3}],"seed_played":"-766846249364904895","potions_obtained":[{"floor":2,"key":"Explosive Potion"},{"floor":5,"key":"Poison Potion"},{"floor":13,"key":"Regen Potion"},{"floor":14,"key":"Fire Potion"},{"floor":17,"key":"SteroidPotion"}],"is_trial":false,"path_per_floor":["M","M","T","M","M","R","E","M","T","E","?","R","E","M","R","B",null,"M","M"],"character_chosen":"IRONCLAD","items_purchased":[],"campfire_rested":0,"item_purchase_floors":[],"current_hp_per_floor":[68,68,68,68,66,66,57,63,63,68,68,68,58,66,66,14,60,47,28,0],"gold":462,"neow_bonus":"THREE_RARE_CARDS","is_prod":false,"is_daily":false,"chose_seed":false,"campfire_upgraded":3,"win_rate":0,"timestamp":1536619621,"path_taken":["M","M","?","?","M","R","E","M","T","E","?","R","E","M","R","BOSS","M","M","M"],"build_version":"2018-09-06","purchased_purges":0,"victory":false,"max_hp_per_floor":[68,68,68,68,68,68,68,68,68,68,68,68,68,68,68,68,73,73,73,73],"card_choices":[{"not_picked":["Feed","Demon Form"],"picked":"Immolate","floor":0},{"not_picked":["Perfected Strike","Power Through"],"picked":"Shrug It Off","floor":1},{"not_picked":["Warcry","Anger"],"picked":"Headbutt","floor":2},{"not_picked":["Heavy Blade","Anger"],"picked":"Uppercut","floor":4},{"not_picked":["Flex","Heavy Blade"],"picked":"Juggernaut","floor":5},{"not_picked":["Perfected Strike","Blood for Blood","Entrench"],"picked":"SKIP","floor":7},{"not_picked":["Perfected Strike","Headbutt","Uppercut"],"picked":"SKIP","floor":8},{"not_picked":["Searing Blow","Body Slam"],"picked":"Thunderclap","floor":10},{"not_picked":["Wild Strike","Thunderclap","Burning Pact"],"picked":"SKIP","floor":13},{"not_picked":["Havoc","Feel No Pain"],"picked":"Armaments","floor":14},{"not_picked":["Reaper","Berserk"],"picked":"Limit Break","floor":16},{"not_picked":["Shrug It Off","Armaments"],"picked":"True Grit","floor":17},{"not_picked":["True Grit+1","Shrug It Off"],"picked":"Battle Trance","floor":18},{"not_picked":["Burning Pact","Anger"],"picked":"Spot Weakness","floor":19}],"player_experience":491529,"relics_obtained":[{"floor":3,"key":"Blood Vial"},{"floor":7,"key":"The Courier"},{"floor":9,"key":"Ornamental Fan"},{"floor":10,"key":"Bag of Preparation"},{"floor":13,"key":"Regal Pillow"}],"event_choices":[{"event_name":"Transmorgrifier","player_choice":"Transform","floor":11,"damage_taken":0}],"is_beta":false,"boss_relics":[{"not_picked":["Orrery","Runic Pyramid"],"picked":"Tiny House"}],"items_purged_floors":[],"is_endless":false,"potions_floor_spawned":[2,5,13,14],"killed_by":"Snecko","ascension_level":16}