{"path_per_floor":["M","?","?","?","M","R","?","R","T","E","M","M","M","M","R","B",null,"M","?","M","?","$"],"character_chosen":"THE_SILENT","items_purchased":["Bottled Tornado","Footwork","Poisoned Stab"],"gold_per_floor":[110,110,60,60,85,85,85,85,85,129,145,160,179,203,203,327,327,350,350,371,471,105],"floor_reached":23,"campfire_rested":1,"playtime":1187,"current_hp_per_floor":[63,63,63,48,48,48,41,41,41,13,13,15,13,13,31,1,63,63,63,54,54,54],"items_purged":[],"gold":105,"score":191,"play_id":"aa0559c7-6ba9-48d0-9bec-4db9ec53cbcf","is_prod":false,"is_daily":false,"is_ascension_mode":false,"campfire_upgraded":2,"path_taken":["M","?","?","?","M","R","?","R","T","E","M","M","?","M","R","BOSS","M","?","?","?","$","E"],"build_version":"2018-02-08-PROD1","purchased_purges":1,"victory":false,"master_deck":["Defend_G","Defend_G","Defend_G","Defend_G","Strike_G","Strike_G","Strike_G","Strike_G","Survivor","Prepared+1","Neutralize+1","Flying Knee","Unload","Poisoned Stab","Infinite Blades","Endless Agony","Backflip","Tools of the Trade","Underhanded Strike","Noxious Fumes","Footwork","Poisoned Stab"],"max_hp_per_floor":[63,63,63,63,63,63,63,63,63,63,63,63,63,63,63,63,63,63,63,63,63,63],"relics":["Ring of the Snake","Frozen Eye","Golden Idol","Calipers","Blood Vial","Sozu","Bottled Tornado"],"card_choices":[{"not_picked":["Unload","Slice"],"picked":"Prepared"},{"not_picked":["Slice","Eviscerate"],"picked":"Flying Knee"},{"not_picked":["Skewer","Deadly Poison"],"picked":"Unload"},{"not_picked":["Eviscerate","Prepared"],"picked":"Poisoned Stab"},{"not_picked":["Crippling Poison","Flying Knee"],"picked":"Infinite Blades"},{"not_picked":["Heel Hook","Outmaneuver"],"picked":"Endless Agony"},{"not_picked":["Acrobatics","Endless Agony"],"picked":"Backflip"},{"not_picked":["Phantasmal Killer","Bullet Time"],"picked":"Tools of the Trade"},{"not_picked":["Quick Slash","Prepared"],"picked":"Underhanded Strike"},{"not_picked":["PiercingWail","Blade Dance"],"picked":"Noxious Fumes"}],"player_experience":58967,"potions_floor_usage":[13,16,16],"damage_taken":[{"damage":0,"enemies":"Jaw Worm","floor":1,"turns":4},{"damage":0,"enemies":"Cultist","floor":5,"turns":4},{"damage":28,"enemies":"Gremlin Nob","floor":10,"turns":5},{"damage":2,"enemies":"2 Louse","floor":11,"turns":3},{"damage":0,"enemies":"2 Fungi Beasts","floor":12,"turns":3},{"damage":16,"enemies":"Exordium Thugs","floor":13,"turns":5},{"damage":2,"enemies":"Looter","floor":14,"turns":3},{"damage":32,"enemies":"Slime Boss","floor":16,"turns":10},{"damage":0,"enemies":"3 Byrds","floor":18,"turns":6},{"damage":9,"enemies":"Shell Parasite","floor":20,"turns":5},{"damage":64,"enemies":"Slavers","floor":23,"turns":4}],"event_choices":[{"event_name":"Match and Keep!","player_choice":"1 cards matched","floor":2,"damage_taken":0},{"event_name":"The Cleric","player_choice":"Card Removal","floor":3,"damage_taken":0},{"event_name":"Golden Idol","player_choice":"Take Damage","floor":4,"damage_taken":0},{"event_name":"Golden Wing","player_choice":"Card Removal","floor":7,"damage_taken":0},{"event_name":"Bonfire Elementals","player_choice":"BASIC","floor":19,"damage_taken":0},{"event_name":"Golden Shrine","player_choice":"Pray","floor":21,"damage_taken":0}],"boss_relics":[{"not_picked":["The Specimen","Ectoplasm"],"picked":"Sozu"}],"potions_floor_spawned":[10,11,12,16,20],"seed_played":"-3005298333683015711","killed_by":"Slavers","ascension_level":0,"is_trial":false}