{"gold_per_floor":[118,134,50,64,79,79,107,125,125,160,171,171,171,203,203,277,277,277,277,60,60,60,60,60,60,60,60,60,60,60,60,60,60,60,60,60,3,3,3,3,3,3,3,3,3,3,3,3,3,3],"floor_reached":51,"playtime":2722,"items_purged":[],"score":1582,"play_id":"1c133b23-f93b-49de-93cb-1d5f3afbec72","local_time":"20190220171223","is_ascension_mode":true,"campfire_choices":[{"data":"Carnage","floor":6.0,"key":"SMITH"},{"data":"Whirlwind","floor":13.0,"key":"SMITH"},{"data":"Metallicize","floor":15.0,"key":"SMITH"},{"data":"Shockwave","floor":27.0,"key":"SMITH"},{"data":"Feed","floor":30.0,"key":"SMITH"},{"floor":32.0,"key":"REST"},{"data":"Barricade","floor":41.0,"key":"SMITH"},{"data":"Offering","floor":44.0,"key":"SMITH"},{"data":"Juggernaut","floor":49.0,"key":"SMITH"}],"neow_cost":"NONE","seed_source_timestamp":0,"circlet_count":0,"master_deck":["AscendersBane","Bash","Metallicize+1","Sword Boomerang","Carnage+1","Whirlwind+1","Shrug It Off","Shockwave+1","Body Slam","Feed+1","Offering+1","Disarm","Writhe","Havoc","Cleave+1","Decay","Warcry","Juggernaut+1","Infernal Blade","Dropkick","Shrug It Off","Barricade+1","Flame Barrier","Shrug It Off","Metallicize","Rage","Metallicize","Warcry","Burning Pact","Armaments+1"],"special_seed":0,"relics":["Burning Blood","Bronze Scales","Centennial Puzzle","Strawberry","Mango","Shuriken","Ectoplasm","Oddly Smooth Stone","Brimstone","Turnip","Self Forming Clay","Dream Catcher","Happy Flower","Meat on the Bone","Bird Faced Urn","Pandora\u0027s Box","Matryoshka","Dodecahedron","Anchor","Smiling Mask","Orichalcum","Sundial"],"potions_floor_usage":[50],"damage_taken":[{"damage":1.0,"enemies":"Cultist","floor":1.0,"turns":3.0},{"damage":3.0,"enemies":"2 Louse","floor":2.0,"turns":4.0},{"damage":4.0,"enemies":"Jaw Worm","floor":4.0,"turns":3.0},{"damage":0.0,"enemies":"Gremlin Gang","floor":5.0,"turns":3.0},{"damage":35.0,"enemies":"3 Sentries","floor":7.0,"turns":7.0},{"damage":12.0,"enemies":"Exordium Thugs","floor":8.0,"turns":4.0},{"damage":8.0,"enemies":"Gremlin Nob","floor":10.0,"turns":3.0},{"damage":7.0,"enemies":"Blue Slaver","floor":11.0,"turns":5.0},{"damage":12.0,"enemies":"3 Sentries","floor":14.0,"turns":4.0},{"damage":37.0,"enemies":"Hexaghost","floor":16.0,"turns":9.0},{"damage":6.0,"enemies":"3 Byrds","floor":18.0,"turns":2.0},{"damage":0.0,"enemies":"Chosen","floor":21.0,"turns":2.0},{"damage":6.0,"enemies":"Centurion and Healer","floor":22.0,"turns":2.0},{"damage":18.0,"enemies":"Colosseum Slavers","floor":23.0,"turns":2.0},{"damage":14.0,"enemies":"Colosseum Nobs","floor":23.0,"turns":2.0},{"damage":11.0,"enemies":"Gremlin Leader","floor":24.0,"turns":3.0},{"damage":0.0,"enemies":"Snake Plant","floor":25.0,"turns":2.0},{"damage":33.0,"enemies":"Book of Stabbing","floor":28.0,"turns":4.0},{"damage":34.0,"enemies":"Slavers","floor":31.0,"turns":3.0},{"damage":44.0,"enemies":"Automaton","floor":33.0,"turns":6.0},{"damage":15.0,"enemies":"Orb Walker","floor":35.0,"turns":3.0},{"damage":18.0,"enemies":"3 Darklings","floor":36.0,"turns":4.0},{"damage":17.0,"enemies":"Transient","floor":39.0,"turns":6.0},{"damage":47.0,"enemies":"Nemesis","floor":40.0,"turns":5.0},{"damage":41.0,"enemies":"Reptomancer","floor":42.0,"turns":7.0},{"damage":8.0,"enemies":"Giant Head","floor":45.0,"turns":6.0},{"damage":15.0,"enemies":"Nemesis","floor":47.0,"turns":5.0},{"damage":0.0,"enemies":"Jaw Worm Horde","floor":48.0,"turns":1.0},{"damage":71,"enemies":"Time Eater","floor":50,"turns":11}],"seed_played":"-9121337202509876134","potions_obtained":[{"floor":1.0,"key":"Energy Potion"},{"floor":5.0,"key":"Poison Potion"},{"floor":8.0,"key":"Poison Potion"},{"floor":10.0,"key":"BloodPotion"},{"floor":14.0,"key":"LiquidBronze"},{"floor":18.0,"key":"Poison Potion"},{"floor":24.0,"key":"AttackPotion"},{"floor":28.0,"key":"Strength Potion"},{"floor":35.0,"key":"Regen Potion"},{"floor":40.0,"key":"Weak Potion"},{"floor":42.0,"key":"SteroidPotion"}],"is_trial":false,"path_per_floor":["M","M","$","M","M","R","E","M","T","E","M","T","R","E","R","B",null,"M","?","$","M","M","?","E","M","T","R","E","?","R","E","R","B",null,"M","M","$","?","M","E","R","E","T","R","E","$","E","M","R","B",null],"character_chosen":"IRONCLAD","items_purchased":["Carnage","Brimstone","PowerPotion"],"campfire_rested":1,"item_purchase_floors":[3,20,37],"current_hp_per_floor":[80,82,82,82,82,82,53,47,47,52,51,65,65,62,62,31,87,87,87,87,93,93,76,71,80,80,80,53,53,53,37,70,46,96,91,96,96,96,91,70,70,70,70,70,74,74,75,81,81,38],"gold":3,"neow_bonus":"TEN_PERCENT_HP_BONUS","is_prod":false,"is_daily":false,"chose_seed":false,"campfire_upgraded":8,"win_rate":0,"timestamp":1550700743,"path_taken":["M","M","$","M","M","R","E","M","T","E","M","?","R","E","R","BOSS","M","?","$","M","M","?","E","M","T","R","E","?","R","E","R","BOSS","M","M","?","?","?","E","R","E","T","R","E","$","E","M","R","BOSS"],"build_version":"2019-01-23","purchased_purges":0,"victory":true,"max_hp_per_floor":[82,82,82,82,82,82,82,82,82,89,89,103,103,106,106,106,106,106,106,106,106,106,109,109,112,112,112,112,112,112,112,112,112,112,112,112,112,112,112,112,112,112,112,112,112,112,112,112,112,112],"card_choices":[{"not_picked":["Blood for Blood","Body Slam"],"picked":"Metallicize","floor":1.0},{"not_picked":["Seeing Red","Armaments"],"picked":"Sword Boomerang","floor":2.0},{"not_picked":["Wild Strike","Sword Boomerang"],"picked":"Whirlwind","floor":4.0},{"not_picked":["Sword Boomerang","Flex"],"picked":"Shrug It Off","floor":5.0},{"not_picked":["Perfected Strike","Feel No Pain"],"picked":"Shockwave","floor":7.0},{"not_picked":["Heavy Blade","Pommel Strike"],"picked":"Body Slam","floor":8.0},{"not_picked":["Armaments","Thunderclap"],"picked":"Feed","floor":10.0},{"not_picked":["Wild Strike","Carnage","Anger"],"picked":"SKIP","floor":11.0},{"not_picked":["Twin Strike","Pummel","Sword Boomerang"],"picked":"SKIP","floor":14.0},{"not_picked":["Reaper","Impervious"],"picked":"Offering","floor":16.0},{"not_picked":["Intimidate","Thunderclap"],"picked":"Disarm","floor":18.0},{"not_picked":["Wild Strike","Body Slam","Evolve"],"picked":"SKIP","floor":21.0},{"not_picked":["Pommel Strike","Thunderclap"],"picked":"Havoc","floor":22.0},{"not_picked":["Infernal Blade","Fire Breathing"],"picked":"Cleave+1","floor":23.0},{"not_picked":["Armaments","Perfected Strike+1","Second Wind"],"picked":"SKIP","floor":24.0},{"not_picked":["Searing Blow","Dual Wield","Sword Boomerang"],"picked":"SKIP","floor":25.0},{"not_picked":["Thunderclap","Whirlwind","Wild Strike"],"picked":"SKIP","floor":28.0},{"not_picked":["Flex","Pommel Strike+1"],"picked":"Warcry","floor":31.0},{"not_picked":["Dark Embrace","Feed"],"picked":"Juggernaut","floor":33.0},{"not_picked":["Metallicize","Perfected Strike"],"picked":"Warcry","floor":35.0},{"not_picked":["Fire Breathing","Headbutt"],"picked":"Burning Pact","floor":36.0},{"not_picked":["Flex","Clash+1","Sentinel"],"picked":"SKIP","floor":39.0},{"not_picked":["Flex","Clash+1","Sentinel"],"picked":"SKIP","floor":39.0},{"not_picked":["Reckless Charge","Headbutt"],"picked":"Armaments+1","floor":40.0},{"not_picked":["Perfected Strike+1","Twin Strike+1","Hemokinesis"],"picked":"SKIP","floor":42.0},{"not_picked":["Disarm","Flex","Clothesline+1"],"picked":"SKIP","floor":45.0},{"not_picked":["Wild Strike","Infernal Blade","Dark Embrace"],"picked":"SKIP","floor":47.0},{"not_picked":["True Grit","Perfected Strike","Pommel Strike"],"picked":"SKIP","floor":48.0}],"player_experience":313339,"relics_obtained":[{"floor":7.0,"key":"Bronze Scales"},{"floor":9.0,"key":"Centennial Puzzle"},{"floor":10.0,"key":"Strawberry"},{"floor":12.0,"key":"Mango"},{"floor":14.0,"key":"Shuriken"},{"floor":23.0,"key":"Turnip"},{"floor":23.0,"key":"Self Forming Clay"},{"floor":24.0,"key":"Dream Catcher"},{"floor":26.0,"key":"Happy Flower"},{"floor":28.0,"key":"Meat on the Bone"},{"floor":31.0,"key":"Bird Faced Urn"},{"floor":40.0,"key":"Matryoshka"},{"floor":42.0,"key":"Dodecahedron"},{"floor":43.0,"key":"Anchor"},{"floor":43.0,"key":"Smiling Mask"},{"floor":45.0,"key":"Orichalcum"},{"floor":47.0,"key":"Sundial"}],"event_choices":[{"damage_healed":0.0,"max_hp_gain":0.0,"max_hp_loss":0.0,"gold_gain":0.0,"event_name":"The Mausoleum","player_choice":"Opened","floor":19.0,"gold_loss":0.0,"damage_taken":0.0,"relics_obtained":["Oddly Smooth Stone"],"cards_obtained":["Writhe"]},{"damage_healed":0.0,"max_hp_gain":0.0,"max_hp_loss":0.0,"gold_gain":0.0,"event_name":"Colosseum","player_choice":"Fight","floor":23.0,"gold_loss":0.0,"damage_taken":0.0},{"damage_healed":0.0,"max_hp_gain":0.0,"max_hp_loss":0.0,"gold_gain":0.0,"event_name":"Colosseum","player_choice":"Fought Nobs","floor":23.0,"gold_loss":0.0,"damage_taken":0.0},{"damage_healed":0.0,"max_hp_gain":0.0,"max_hp_loss":0.0,"gold_gain":0.0,"event_name":"Wheel of Change","player_choice":"Cursed","floor":29.0,"gold_loss":0.0,"damage_taken":0.0,"cards_obtained":["Decay"]},{"damage_healed":0.0,"max_hp_gain":0.0,"max_hp_loss":0.0,"gold_gain":0.0,"event_name":"SecretPortal","player_choice":"Ignored","floor":38.0,"gold_loss":0.0,"damage_taken":0.0}],"is_beta":false,"boss_relics":[{"not_picked":["White Beast Statue","Runic Pyramid"],"picked":"Ectoplasm"},{"not_picked":["Orrery","Mark of Pain"],"picked":"Pandora\u0027s Box"}],"items_purged_floors":[],"is_endless":false,"potions_floor_spawned":[1,5,8,10,14,18,23,24,28,35,40,42,47],"ascension_level":18}