{"gold_per_floor":[119,134,134,153,172,172,192,218,286,321,321,332,332,351,351,351],"floor_reached":16,"playtime":487,"items_purged":[],"score":328,"play_id":"d68c201b-c718-4e85-8f47-d3f52c23f191","local_time":"20190218163035","is_ascension_mode":true,"campfire_choices":[{"data":"Streamline","floor":6,"key":"SMITH"},{"floor":11,"key":"REST"},{"data":"Capacitor","floor":13,"key":"SMITH"},{"data":"Defragment","floor":15,"key":"SMITH"}],"neow_cost":"NONE","seed_source_timestamp":0,"circlet_count":0,"master_deck":["AscendersBane","Strike_B","Strike_B","Strike_B","Strike_B","Defend_B","Defend_B","Defend_B","Defend_B","Zap","Dualcast","Conserve Battery","Streamline+1","Go for the Eyes","Doom and Gloom","Parasite","Leap","Capacitor+1","Defragment+1"],"special_seed":0,"relics":["Cursed Key","Anchor","Mango","The Courier","Ancient Tea Set"],"potions_floor_usage":[8,10,12,16],"damage_taken":[{"damage":1,"enemies":"Small Slimes","floor":1,"turns":4},{"damage":0,"enemies":"Cultist","floor":2,"turns":3},{"damage":4,"enemies":"Jaw Worm","floor":4,"turns":4},{"damage":7,"enemies":"3 Louse","floor":5,"turns":3},{"damage":0,"enemies":"2 Fungi Beasts","floor":7,"turns":3},{"damage":17,"enemies":"3 Sentries","floor":8,"turns":9},{"damage":30,"enemies":"Gremlin Nob","floor":10,"turns":4},{"damage":5,"enemies":"Lots of Slimes","floor":12,"turns":4},{"damage":6,"enemies":"Looter","floor":14,"turns":4},{"damage":35,"enemies":"Hexaghost","floor":16,"turns":9}],"seed_played":"5841834340075415306","potions_obtained":[{"floor":1,"key":"Dexterity Potion"},{"floor":4,"key":"FocusPotion"},{"floor":8,"key":"LiquidBronze"},{"floor":12,"key":"Strength Potion"}],"is_trial":false,"path_per_floor":["M","M","?","M","M","R","M","E","T","E","R","M","R","M","R","B"],"character_chosen":"DEFECT","items_purchased":[],"campfire_rested":1,"item_purchase_floors":[],"current_hp_per_floor":[63,63,63,59,52,52,52,49,49,19,44,39,39,33,33,0],"gold":351,"neow_bonus":"BOSS_RELIC","is_prod":false,"is_daily":false,"chose_seed":false,"campfire_upgraded":3,"win_rate":0,"timestamp":1550525435,"path_taken":["M","M","?","M","M","R","M","E","T","E","R","M","R","?","R","BOSS"],"build_version":"2019-01-23","purchased_purges":0,"victory":false,"max_hp_per_floor":[71,71,71,71,71,71,71,85,85,85,85,85,85,85,85,85],"card_choices":[{"not_picked":["Lockon","Compile Driver"],"picked":"Conserve Battery","floor":1},{"not_picked":["Chill","Compile Driver"],"picked":"Cold Snap","floor":2},{"not_picked":["Conserve Battery","Turbo"],"picked":"Streamline","floor":4},{"not_picked":["Streamline","Thunder Strike","Steam Power"],"picked":"SKIP","floor":5},{"not_picked":["Coolheaded","Sweeping Beam"],"picked":"Go for the Eyes","floor":7},{"not_picked":["Gash","Turbo"],"picked":"Doom and Gloom","floor":8},{"not_picked":["Steam Power","Fusion"],"picked":"Leap","floor":10},{"not_picked":["Storm","Cold Snap"],"picked":"Capacitor","floor":12},{"not_picked":["Go for the Eyes","Stack"],"picked":"Defragment","floor":14}],"player_experience":303448,"relics_obtained":[{"floor":8,"key":"Mango"},{"floor":9,"key":"The Courier"},{"floor":10,"key":"Ancient Tea Set"}],"event_choices":[{"cards_removed":["Cold Snap"],"damage_healed":0,"gold_gain":0,"player_choice":"Gave Card","damage_taken":0,"relics_obtained":["Anchor"],"max_hp_gain":0,"max_hp_loss":0,"event_name":"WeMeetAgain","floor":3,"gold_loss":0}],"is_beta":false,"boss_relics":[],"items_purged_floors":[],"is_endless":false,"potions_floor_spawned":[1,4,5,8,12],"killed_by":"Hexaghost","ascension_level":20}