{"gold_per_floor":[116,116,132,0,0,0,19,54,54,79,79,98,98,124,124,201,201,214,214,234,248,18,18,47,47,100,128,128,160,49,63,63,63],"floor_reached":33,"playtime":1537,"items_purged":["Pain","Strike_G"],"score":692,"play_id":"dde97aa5-eb49-4935-a576-f5583ffee268","local_time":"20190109235251","is_ascension_mode":true,"campfire_choices":[{"data":"Terror","floor":6,"key":"SMITH"},{"floor":11,"key":"REST"},{"data":"Infinite Blades","floor":13,"key":"SMITH"},{"data":"Crippling Poison","floor":15,"key":"SMITH"},{"floor":23,"key":"REST"},{"floor":28,"key":"REST"},{"floor":32,"key":"REST"}],"neow_cost":"NONE","seed_source_timestamp":744804672052963,"circlet_count":0,"master_deck":["AscendersBane","Defend_G","Defend_G","Defend_G","Defend_G","Defend_G","Strike_G","Strike_G","Strike_G","Survivor","Neutralize+1","Backflip","Terror+1","Infinite Blades+1","Quick Slash","Corpse Explosion","Deadly Poison","Crippling Poison+1","Night Terror","Noxious Fumes","Blur","Endless Agony","Cloak And Dagger","Accuracy","Well Laid Plans","Crippling Poison"],"relics":["Ring of the Snake","WarpedTongs","Letter Opener","Question Card","Du-Vu Doll","Mummified Hand","HoveringKite","Molten Egg 2","Oddly Smooth Stone","Blood Vial","Pear"],"potions_floor_usage":[8,10,16,27,27,29,33],"damage_taken":[{"damage":0,"enemies":"2 Louse","floor":1,"turns":3},{"damage":5,"enemies":"Cultist","floor":3,"turns":4},{"damage":0,"enemies":"Small Slimes","floor":7,"turns":4},{"damage":7,"enemies":"Gremlin Nob","floor":8,"turns":3},{"damage":14,"enemies":"Lagavulin","floor":10,"turns":6},{"damage":0,"enemies":"3 Louse","floor":12,"turns":2},{"damage":24,"enemies":"3 Sentries","floor":14,"turns":8},{"damage":4,"enemies":"Hexaghost","floor":16,"turns":9},{"damage":7,"enemies":"2 Thieves","floor":18,"turns":4},{"damage":10,"enemies":"Chosen","floor":20,"turns":5},{"damage":22,"enemies":"Sentry and Sphere","floor":21,"turns":4},{"damage":19,"enemies":"Slavers","floor":24,"turns":2},{"damage":9,"enemies":"Book of Stabbing","floor":27,"turns":2},{"damage":1,"enemies":"Gremlin Leader","floor":29,"turns":4},{"damage":23,"enemies":"Shelled Parasite and Fungi","floor":31,"turns":4},{"damage":41,"enemies":"Collector","floor":33,"turns":6}],"seed_played":"8492610110435551835","potions_obtained":[{"floor":3,"key":"Ancient Potion"},{"floor":7,"key":"Strength Potion"},{"floor":14,"key":"Block Potion"},{"floor":18,"key":"SkillPotion"},{"floor":27,"key":"AttackPotion"}],"is_trial":false,"path_per_floor":["M","?","M","$","$","R","M","E","T","E","R","M","R","E","R","B",null,"M","?","M","M","$","R","E","?","T","E","R","E","$","M","R","B"],"character_chosen":"THE_SILENT","items_purchased":["PowerPotion","Accuracy","SkillPotion","SkillPotion","Energy Potion"],"campfire_rested":4,"item_purchase_floors":[4,22,22,30,30],"current_hp_per_floor":[59,59,54,54,54,54,54,47,47,33,52,52,52,28,28,24,56,49,49,39,17,17,36,17,17,17,8,27,38,38,17,39,0],"gold":63,"neow_bonus":"UPGRADE_CARD","is_prod":false,"is_daily":false,"chose_seed":false,"campfire_upgraded":3,"win_rate":0,"timestamp":1547095971,"path_taken":["M","?","M","?","$","R","M","E","T","E","R","M","R","E","R","BOSS","M","?","M","?","$","R","E","?","T","E","R","E","$","?","R","BOSS"],"build_version":"2019-01-03v4","purchased_purges":2,"victory":false,"max_hp_per_floor":[66,66,66,66,66,66,66,66,66,66,66,66,66,66,66,66,66,66,66,66,66,66,66,66,66,66,66,66,76,76,76,76,76],"card_choices":[{"not_picked":["Dagger Spray","Slice"],"picked":"Backflip","floor":1},{"not_picked":["Underhanded Strike","Calculated Gamble"],"picked":"Terror","floor":3},{"not_picked":["Dodge and Roll","Backflip"],"picked":"Infinite Blades","floor":7},{"not_picked":["Backflip","Concentrate"],"picked":"Quick Slash","floor":8},{"not_picked":["Bane","Backflip","Dagger Spray"],"picked":"Corpse Explosion","floor":10},{"not_picked":["Acrobatics","Sucker Punch","Escape Plan"],"picked":"Deadly Poison","floor":12},{"not_picked":["Accuracy","Backflip","Poisoned Stab"],"picked":"Crippling Poison","floor":14},{"not_picked":["Envenom","Bullet Time","Tools of the Trade"],"picked":"Night Terror","floor":16},{"not_picked":["Backstab","Infinite Blades","Choke"],"picked":"Noxious Fumes","floor":18},{"not_picked":["Underhanded Strike","Bane","Quick Slash"],"picked":"Endless Agony","floor":20},{"not_picked":["Blur","Outmaneuver","Deadly Poison"],"picked":"Cloak And Dagger","floor":21},{"not_picked":["Doppelganger","Deflect","Eviscerate","Outmaneuver"],"picked":"SKIP","floor":24},{"not_picked":["Dagger Spray+1","Prepared","Dagger Throw+1","Noxious Fumes"],"picked":"SKIP","floor":27},{"not_picked":["Catalyst","Blur","Noxious Fumes"],"picked":"Well Laid Plans","floor":29},{"not_picked":["Dagger Throw+1","Distraction","Acrobatics"],"picked":"Crippling Poison","floor":31}],"player_experience":725028,"relics_obtained":[{"floor":8,"key":"Letter Opener"},{"floor":9,"key":"Question Card"},{"floor":10,"key":"Du-Vu Doll"},{"floor":14,"key":"Mummified Hand"},{"floor":24,"key":"Molten Egg 2"},{"floor":26,"key":"Oddly Smooth Stone"},{"floor":27,"key":"Blood Vial"},{"floor":29,"key":"Pear"}],"event_choices":[{"damage_healed":0,"gold_gain":0,"player_choice":"Rummage","damage_taken":0,"relics_obtained":["WarpedTongs"],"max_hp_gain":0,"max_hp_loss":0,"event_name":"Accursed Blacksmith","floor":2,"gold_loss":0,"cards_obtained":["Pain"]},{"damage_healed":0,"gold_gain":0,"cards_transformed":["Strike_G"],"player_choice":"Transformed","damage_taken":0,"max_hp_gain":0,"max_hp_loss":0,"event_name":"Transmorgrifier","floor":19,"gold_loss":0,"cards_obtained":["Blur"]},{"damage_healed":0,"gold_gain":0,"player_choice":"0 cards matched","damage_taken":0,"max_hp_gain":0,"max_hp_loss":0,"event_name":"Match and Keep!","floor":25,"gold_loss":0,"cards_obtained":[]}],"is_beta":false,"boss_relics":[{"not_picked":["Empty Cage","Coffee Dripper"],"picked":"HoveringKite"}],"items_purged_floors":[4,22],"is_endless":false,"potions_floor_spawned":[3,7,14,18,27],"killed_by":"Collector","ascension_level":20}