{"path_per_floor":["M","?","M","?","M","R","E","?","T","E","M","T","M","M","R","B",null,"M","?","M","M","?","R","M","E","T","$","?","$","E","?","R"],"character_chosen":"IRONCLAD","items_purchased":["Mummified Hand","Inflame","Spot Weakness","Panacea"],"gold_per_floor":[110,110,123,198,209,209,240,240,240,267,277,304,322,335,335,439,469,459,459,471,483,483,483,501,528,552,235,235,20,45,45,45],"floor_reached":33,"campfire_rested":1,"playtime":1403,"current_hp_per_floor":[78,71,67,56,56,56,42,26,26,16,24,24,27,28,54,38,83,79,79,87,73,57,57,57,54,54,54,54,54,61,61,61],"items_purged":["Strike_R"],"gold":45,"score":438,"play_id":"77fc4aab-1974-45a1-b975-6df2d9886d0a","local_time":"20180304174211","is_prod":false,"is_daily":false,"is_ascension_mode":true,"campfire_upgraded":3,"timestamp":1520206931,"path_taken":["M","?","M","?","M","R","E","?","T","E","?","?","M","?","R","BOSS","M","?","M","?","?","R","M","E","T","$","?","$","E","?","R","BOSS"],"build_version":"2018-03-01-PROD1","purchased_purges":1,"victory":false,"master_deck":["Strike_R","Strike_R","Strike_R+1","Strike_R+1","Defend_R+1","Defend_R+1","Defend_R","Defend_R","Bash","Flame Barrier+1","Intimidate+1","Carnage+1","Reaper","Berserk+1","Infernal Blade+1","Flex+1","Armaments+1","Inflame","Berserk","Spot Weakness","Panacea+1","Flex"],"max_hp_per_floor":[80,80,80,80,80,80,82,82,82,84,86,86,88,88,88,88,95,95,95,97,97,97,97,99,99,99,99,99,99,99,99,99],"relics":["Burning Blood","Singing Bowl","Orichalcum","Dead Branch","Happy Flower","Tiny House","Nloth\u0027s Gift","Enchiridion","War Paint","Bag of Preparation","Mummified Hand","Prayer Wheel"],"card_choices":[{"not_picked":["Wild Strike","Headbutt"],"picked":"Flame Barrier"},{"not_picked":["Uppercut","Wild Strike"],"picked":"Intimidate"},{"not_picked":["Flame Barrier","Searing Blow"],"picked":"Carnage"},{"not_picked":["Perfected Strike","Warcry"],"picked":"Reaper"},{"not_picked":["Juggernaut","Impervious"],"picked":"Berserk"},{"not_picked":["Wild Strike","Warcry"],"picked":"Infernal Blade"},{"not_picked":["Sentinel","Thunderclap"],"picked":"Flex"},{"not_picked":["Sword Boomerang","Pommel Strike"],"picked":"Armaments"},{"not_picked":["Fiend Fire","Cleave"],"picked":"Flex"}],"player_experience":172350,"potions_floor_usage":[11,16,21,25,25,25,30],"damage_taken":[{"damage":0,"enemies":"Small Slimes","floor":1,"turns":3},{"damage":10,"enemies":"2 Louse","floor":3,"turns":3},{"damage":6,"enemies":"Jaw Worm","floor":5,"turns":4},{"damage":22,"enemies":"3 Sentries","floor":7,"turns":7},{"damage":18,"enemies":"Gremlin Nob","floor":10,"turns":5},{"damage":0,"enemies":"Large Slime","floor":11,"turns":3},{"damage":5,"enemies":"Lots of Slimes","floor":13,"turns":4},{"damage":5,"enemies":"Looter","floor":14,"turns":2},{"damage":22,"enemies":"Hexaghost","floor":16,"turns":9},{"damage":10,"enemies":"2 Thieves","floor":18,"turns":4},{"damage":0,"enemies":"3 Byrds","floor":20,"turns":1},{"damage":20,"enemies":"Snake Plant","floor":21,"turns":5},{"damage":12,"enemies":"Centurion and Healer","floor":24,"turns":4},{"damage":23,"enemies":"Slavers","floor":25,"turns":5},{"damage":17,"enemies":"Gremlin Leader","floor":30,"turns":5},{"damage":99,"enemies":"Collector","floor":33,"turns":7}],"event_choices":[{"event_name":"Scrap Ooze","player_choice":"success","floor":2,"damage_taken":7},{"event_name":"World of Goop","player_choice":"Gather Gold","floor":4,"damage_taken":0},{"event_name":"Shining Light","player_choice":"Entered Light","floor":8,"damage_taken":0},{"event_name":"N\u0027loth","player_choice":"Traded a Whetstone","floor":19,"damage_taken":0},{"event_name":"Cursed Tome","player_choice":"Obtained Book","floor":22,"damage_taken":0},{"event_name":"Match and Keep!","player_choice":"1 cards matched","floor":28,"damage_taken":0},{"event_name":"Beggar","player_choice":"Ignored","floor":31,"damage_taken":0}],"boss_relics":[{"not_picked":["Philosopher\u0027s Stone","Sozu"],"picked":"Tiny House"}],"potions_floor_spawned":[5,7,10,13,14,21,24,25],"seed_played":"-545060162966507913","killed_by":"Collector","ascension_level":8,"is_trial":false}