{"gold_per_floor":[115,128,146,166,177,177,208,226,226,226,191,221,221,146,146,146],"floor_reached":16,"playtime":691,"items_purged":[],"score":224,"play_id":"b683d1cd-1548-4350-b946-8d844458af8a","local_time":"20181210220542","is_ascension_mode":true,"campfire_choices":[{"data":"Armaments","floor":6,"key":"SMITH"},{"floor":13,"key":"REST"},{"data":"Metallicize","floor":15,"key":"SMITH"}],"neow_cost":"NONE","seed_source_timestamp":1419357969266966,"circlet_count":0,"master_deck":["AscendersBane","Strike_R","Strike_R","Strike_R+1","Strike_R","Defend_R","Defend_R","Defend_R+1","Defend_R","Bash","Armaments+1","Metallicize+1","Battle Trance","Clothesline","Metallicize","Headbutt","Sword Boomerang","Feed+1"],"relics":["Burning Blood","NeowsBlessing","Bottled Tornado","Shuriken","Molten Egg 2"],"potions_floor_usage":[7],"damage_taken":[{"damage":0,"enemies":"Cultist","floor":1,"turns":1},{"damage":0,"enemies":"Small Slimes","floor":2,"turns":1},{"damage":0,"enemies":"2 Louse","floor":3,"turns":1},{"damage":3,"enemies":"Blue Slaver","floor":4,"turns":7},{"damage":11,"enemies":"Large Slime","floor":5,"turns":7},{"damage":26,"enemies":"3 Sentries","floor":7,"turns":16},{"damage":10,"enemies":"Exordium Thugs","floor":8,"turns":7},{"damage":16,"enemies":"Lagavulin","floor":12,"turns":9},{"damage":38,"enemies":"Hexaghost","floor":16,"turns":11}],"seed_played":"-1359312874141642908","potions_obtained":[{"floor":2,"key":"Swift Potion"},{"floor":4,"key":"BloodPotion"},{"floor":5,"key":"Swift Potion"}],"is_trial":false,"path_per_floor":["M","M","M","M","M","R","E","M","T","?","?","E","R","?","R","B"],"character_chosen":"IRONCLAD","items_purchased":[],"campfire_rested":1,"item_purchase_floors":[],"current_hp_per_floor":[74,75,75,75,70,70,50,46,46,23,23,13,35,35,35,0],"gold":146,"neow_bonus":"THREE_ENEMY_KILL","is_prod":false,"is_daily":false,"chose_seed":false,"campfire_upgraded":2,"win_rate":0,"timestamp":1544497542,"path_taken":["M","?","M","M","M","R","E","M","T","?","?","E","R","?","R","BOSS"],"build_version":"2018-12-06","purchased_purges":0,"victory":false,"max_hp_per_floor":[75,75,75,75,75,75,75,75,75,75,75,75,75,75,75,75],"card_choices":[{"not_picked":["Heavy Blade","Warcry"],"picked":"Armaments","floor":1},{"not_picked":["Ghostly Armor","Armaments"],"picked":"Metallicize","floor":2},{"not_picked":["Reckless Charge","Perfected Strike"],"picked":"Battle Trance","floor":3},{"not_picked":["Flex","Perfected Strike"],"picked":"Clothesline","floor":4},{"not_picked":["Heavy Blade","Body Slam"],"picked":"Metallicize","floor":5},{"not_picked":["Armaments","Clash"],"picked":"Headbutt","floor":7},{"not_picked":["Armaments","Power Through"],"picked":"Sword Boomerang","floor":8},{"not_picked":["Sword Boomerang","Rage"],"picked":"Feed","floor":12}],"player_experience":674432,"relics_obtained":[{"floor":7,"key":"Bottled Tornado"},{"floor":9,"key":"Shuriken"},{"floor":12,"key":"Molten Egg 2"}],"event_choices":[{"damage_healed":0,"gold_gain":0,"player_choice":"Entered Light","damage_taken":23,"max_hp_gain":0,"max_hp_loss":0,"event_name":"Shining Light","floor":10,"gold_loss":0,"cards_upgraded":["Defend_R","Strike_R"]},{"damage_healed":0,"gold_gain":0,"player_choice":"Left Gold","damage_taken":0,"max_hp_gain":0,"max_hp_loss":0,"event_name":"World of Goop","floor":11,"gold_loss":35},{"cards_removed":["Strike_R"],"damage_healed":0,"gold_gain":0,"player_choice":"Card Removal","damage_taken":0,"max_hp_gain":0,"max_hp_loss":0,"event_name":"The Cleric","floor":14,"gold_loss":75}],"is_beta":false,"boss_relics":[],"items_purged_floors":[],"is_endless":false,"potions_floor_spawned":[2,4,5],"killed_by":"Hexaghost","ascension_level":20}