{"gold_per_floor":[111,125,136,151,170,197,215,241,241,241,261,186,214,245,245,320,320,338,348,348,263,283,283,312,312,312,312,67,67,84,112,124,214,226,257,315,337,362,394,406],"floor_reached":40,"playtime":2107,"items_purged":["Strike_R"],"score":950,"play_id":"0baae6c8-d351-4435-8086-50c209dc6b96","local_time":"20190202220841","is_ascension_mode":true,"campfire_choices":[{"data":"Wild Strike","floor":10.0,"key":"SMITH"},{"data":"Shockwave","floor":15.0,"key":"SMITH"},{"data":"Demon Form","floor":23.0,"key":"SMITH"},{"data":"Flame Barrier","floor":25.0,"key":"SMITH"},{"data":"Ghostly","floor":27.0,"key":"SMITH"},{"data":"Ghostly","floor":32.0,"key":"SMITH"}],"neow_cost":"NONE","seed_source_timestamp":0,"circlet_count":0,"master_deck":["AscendersBane","Strike_R","Strike_R","Strike_R","Defend_R","Defend_R","Defend_R","Defend_R","Bash+1","Iron Wave","Shrug It Off","Wild Strike+1","Pommel Strike","Anger","Twin Strike","Shrug It Off","Clothesline","Limit Break","Shockwave+1","Demon Form+1","Flame Barrier+1","Ghostly+1","Ghostly+1","Ghostly","Cleave","Disarm","Whirlwind","Limit Break","Heavy Blade","Sword Boomerang","Shrug It Off"],"special_seed":0,"relics":["Burning Blood","Bag of Preparation","Anchor","Potion Belt","Odd Mushroom","Paper Frog","Velvet Choker","Pen Nib","Sundial","Juzu Bracelet","MawBank","Coffee Dripper","Gambling Chip"],"potions_floor_usage":[],"damage_taken":[{"damage":7.0,"enemies":"Jaw Worm","floor":1.0,"turns":3.0},{"damage":4.0,"enemies":"Small Slimes","floor":2.0,"turns":4.0},{"damage":2.0,"enemies":"2 Louse","floor":3.0,"turns":3.0},{"damage":3.0,"enemies":"Blue Slaver","floor":4.0,"turns":4.0},{"damage":8.0,"enemies":"Looter","floor":5.0,"turns":4.0},{"damage":22.0,"enemies":"3 Sentries","floor":6.0,"turns":7.0},{"damage":5.0,"enemies":"3 Louse","floor":7.0,"turns":4.0},{"damage":8.0,"enemies":"Gremlin Nob","floor":8.0,"turns":3.0},{"damage":0.0,"enemies":"Blue Slaver","floor":11.0,"turns":5.0},{"damage":11.0,"enemies":"The Mushroom Lair","floor":13.0,"turns":4.0},{"damage":24.0,"enemies":"Lagavulin","floor":14.0,"turns":6.0},{"damage":20.0,"enemies":"Hexaghost","floor":16.0,"turns":9.0},{"damage":24.0,"enemies":"Spheric Guardian","floor":18.0,"turns":5.0},{"damage":17.0,"enemies":"Shell Parasite","floor":19.0,"turns":5.0},{"damage":3.0,"enemies":"Centurion and Healer","floor":22.0,"turns":5.0},{"damage":21.0,"enemies":"Slavers","floor":24.0,"turns":8.0},{"damage":1.0,"enemies":"Shelled Parasite and Fungi","floor":30.0,"turns":4.0},{"damage":16.0,"enemies":"Gremlin Leader","floor":31.0,"turns":7.0},{"damage":29.0,"enemies":"Collector","floor":33.0,"turns":7.0},{"damage":6.0,"enemies":"3 Shapes","floor":35.0,"turns":8.0},{"damage":12.0,"enemies":"2 Orb Walkers","floor":36.0,"turns":3.0},{"damage":2.0,"enemies":"3 Darklings","floor":37.0,"turns":5.0},{"damage":7.0,"enemies":"4 Shapes","floor":38.0,"turns":5.0},{"damage":15.0,"enemies":"Transient","floor":39.0,"turns":6.0},{"damage":28,"enemies":"Nemesis","floor":40,"turns":2}],"seed_played":"-4683818023831107553","potions_obtained":[{"floor":2.0,"key":"Block Potion"},{"floor":4.0,"key":"Explosive Potion"},{"floor":6.0,"key":"Fruit Juice"},{"floor":8.0,"key":"Dexterity Potion"},{"floor":11.0,"key":"Swift Potion"},{"floor":19.0,"key":"Regen Potion"},{"floor":22.0,"key":"Weak Potion"},{"floor":31.0,"key":"SkillPotion"},{"floor":33.0,"key":"Poison Potion"},{"floor":35.0,"key":"Dexterity Potion"}],"is_trial":false,"path_per_floor":["M","M","M","M","M","E","M","E","T","R","M","?","?","E","R","B",null,"M","M","?","?","M","R","E","R","T","R","$","?","M","E","R","B",null,"M","?","M","M","M","E"],"character_chosen":"IRONCLAD","items_purchased":["SteroidPotion","SteroidPotion","Cleave"],"campfire_rested":0,"item_purchase_floors":[28,28,28],"current_hp_per_floor":[67,69,73,75,73,57,58,61,61,61,67,67,62,44,44,30,68,50,39,39,39,40,40,25,25,25,25,25,25,30,20,20,12,33,33,27,31,30,21,0],"gold":406,"neow_bonus":"UPGRADE_CARD","is_prod":false,"is_daily":false,"chose_seed":false,"campfire_upgraded":6,"win_rate":0,"timestamp":1549163321,"path_taken":["M","M","M","M","M","E","M","E","T","R","M","?","?","E","R","BOSS","M","M","?","?","M","R","E","R","T","R","$","?","M","E","R","BOSS","M","?","M","M","M","E"],"build_version":"2019-01-23","purchased_purges":1,"victory":false,"max_hp_per_floor":[75,75,75,75,75,75,75,80,80,80,80,80,80,80,80,80,80,80,80,40,40,40,40,40,40,40,40,40,40,40,40,40,40,40,40,40,40,40,40,40],"card_choices":[{"not_picked":["True Grit","Heavy Blade"],"picked":"Iron Wave","floor":1.0},{"not_picked":["Warcry","Entrench"],"picked":"Shrug It Off","floor":2.0},{"not_picked":["Armaments","Perfected Strike"],"picked":"Wild Strike","floor":3.0},{"not_picked":["Clash","Shrug It Off"],"picked":"Pommel Strike","floor":4.0},{"not_picked":["Headbutt","Cleave"],"picked":"Anger","floor":5.0},{"not_picked":["Pommel Strike","Whirlwind"],"picked":"Twin Strike","floor":6.0},{"not_picked":["Hemokinesis","Ghostly Armor","Pummel"],"picked":"SKIP","floor":7.0},{"not_picked":["Sword Boomerang","Body Slam"],"picked":"Shrug It Off","floor":8.0},{"not_picked":["Pummel","Anger"],"picked":"Clothesline","floor":11.0},{"not_picked":["Sentinel","Intimidate"],"picked":"Limit Break","floor":13.0},{"not_picked":["Blood for Blood","Sentinel"],"picked":"Shockwave","floor":14.0},{"not_picked":["Barricade","Dark Embrace"],"picked":"Demon Form","floor":16.0},{"not_picked":["Anger","Sword Boomerang"],"picked":"Flame Barrier","floor":18.0},{"not_picked":["Rage","Ghostly Armor","Sever Soul"],"picked":"SKIP","floor":19.0},{"not_picked":["Warcry","Inflame+1","Hemokinesis"],"picked":"SKIP","floor":22.0},{"not_picked":["Rampage","Anger","Warcry"],"picked":"SKIP","floor":24.0},{"not_picked":["Cleave","Headbutt"],"picked":"Whirlwind","floor":30.0},{"not_picked":["Havoc","Intimidate","Clash"],"picked":"SKIP","floor":31.0},{"not_picked":["Brutality","Double Tap"],"picked":"Limit Break","floor":33.0},{"not_picked":["Sever Soul+1","Anger"],"picked":"Heavy Blade","floor":35.0},{"not_picked":["Shockwave+1","Metallicize"],"picked":"Sword Boomerang","floor":37.0},{"not_picked":["Barricade","Cleave"],"picked":"Shrug It Off","floor":38.0},{"not_picked":["Dual Wield","Havoc","Sever Soul"],"picked":"SKIP","floor":39.0}],"player_experience":795859,"relics_obtained":[{"floor":6.0,"key":"Bag of Preparation"},{"floor":8.0,"key":"Anchor"},{"floor":9.0,"key":"Potion Belt"},{"floor":13.0,"key":"Odd Mushroom"},{"floor":14.0,"key":"Paper Frog"},{"floor":24.0,"key":"Sundial"},{"floor":26.0,"key":"Juzu Bracelet"},{"floor":31.0,"key":"MawBank"},{"floor":36.0,"key":"Gambling Chip"}],"event_choices":[{"cards_removed":["Strike_R"],"damage_healed":0.0,"max_hp_gain":0.0,"max_hp_loss":0.0,"gold_gain":0.0,"event_name":"The Cleric","player_choice":"Card Removal","floor":12.0,"gold_loss":75.0,"damage_taken":0.0},{"damage_healed":0.0,"max_hp_gain":0.0,"max_hp_loss":0.0,"gold_gain":0.0,"event_name":"Mushrooms","player_choice":"Fought Mushrooms","floor":13.0,"gold_loss":0.0,"damage_taken":0.0},{"damage_healed":0.0,"max_hp_gain":0.0,"max_hp_loss":40.0,"gold_gain":0.0,"event_name":"Ghosts","player_choice":"Became a Ghost","floor":20.0,"gold_loss":0.0,"damage_taken":0.0,"cards_obtained":["Ghostly","Ghostly","Ghostly"]},{"damage_healed":0.0,"max_hp_gain":0.0,"max_hp_loss":0.0,"gold_gain":0.0,"event_name":"Addict","player_choice":"Obtained Relic","floor":21.0,"gold_loss":85.0,"damage_taken":0.0,"relics_obtained":["Pen Nib"]},{"damage_healed":0.0,"max_hp_gain":0.0,"max_hp_loss":0.0,"gold_gain":0.0,"event_name":"The Library","player_choice":"Read","floor":29.0,"gold_loss":0.0,"damage_taken":0.0,"cards_obtained":["Disarm"]},{"damage_healed":0.0,"max_hp_gain":0.0,"max_hp_loss":0.0,"gold_gain":0.0,"event_name":"Mysterious Sphere","player_choice":"Fight","floor":36.0,"gold_loss":0.0,"damage_taken":0.0}],"is_beta":false,"boss_relics":[{"not_picked":["Runic Cube","Astrolabe"],"picked":"Velvet Choker"},{"not_picked":["Fusion Hammer","Orrery"],"picked":"Coffee Dripper"}],"items_purged_floors":[28],"is_endless":false,"potions_floor_spawned":[2,4,6,8,11,19,22,31,33,35],"killed_by":"Nemesis","ascension_level":20}