{"path_per_floor":["M","M","M","?","?","R","?","E","T","T","?","E","M"],"character_chosen":"DEFECT","items_purchased":[],"gold_per_floor":[112,122,135,210,210,210,210,243,323,346,346,382,398,398],"floor_reached":14,"campfire_rested":0,"playtime":341,"item_purchase_floors":[],"current_hp_per_floor":[75,72,70,59,52,52,45,25,25,25,25,17,17,0],"items_purged":[],"gold":398,"score":98,"play_id":"cae15ed5-8f04-4c12-a1e2-8f7e136b0442","local_time":"20180602132935","is_prod":false,"is_daily":false,"chose_seed":false,"is_ascension_mode":false,"campfire_upgraded":1,"win_rate":0,"timestamp":1527964175,"campfire_choices":[{"data":"Zap","floor":6,"key":"SMITH"}],"path_taken":["M","M","M","?","?","R","?","E","T","?","?","E","M","?"],"build_version":"2018-05-31","seed_source_timestamp":1418963706236716,"purchased_purges":0,"victory":false,"master_deck":["Strike_B","Strike_B","Strike_B","Defend_B","Defend_B","Defend_B","Defend_B","Zap+1","Dualcast","Force Field","Hologram","Storm","Defragment","Injury","Capacitor"],"max_hp_per_floor":[75,75,75,75,75,75,75,75,75,75,75,77,77,77],"relics":["Cracked Core","Lantern","Singing Bowl","Pantograph","Juzu Bracelet","Golden Idol","Pen Nib"],"card_choices":[{"not_picked":["Coolheaded","Gash"],"picked":"Force Field","floor":1},{"not_picked":["Turbo","Conserve Battery"],"picked":"Hologram","floor":2},{"not_picked":["Stack","Tempest"],"picked":"Storm","floor":3},{"not_picked":["Stack","Beam Cell"],"picked":"Defragment","floor":8},{"not_picked":["Aggregate","Cold Snap","Turbo"],"picked":"Singing Bowl","floor":12},{"not_picked":["Undo","Sunder"],"picked":"Capacitor","floor":13}],"player_experience":334641,"potions_floor_usage":[12,12,14],"damage_taken":[{"damage":0,"enemies":"Small Slimes","floor":1,"turns":3},{"damage":3,"enemies":"Jaw Worm","floor":2,"turns":3},{"damage":2,"enemies":"2 Louse","floor":3,"turns":3},{"damage":20,"enemies":"3 Sentries","floor":8,"turns":12},{"damage":10,"enemies":"Gremlin Nob","floor":12,"turns":4},{"damage":0,"enemies":"Looter","floor":13,"turns":3},{"damage":20,"enemies":"The Mushroom Lair","floor":14,"turns":2}],"relics_obtained":[{"floor":8,"key":"Singing Bowl"},{"floor":9,"key":"Pantograph"},{"floor":10,"key":"Juzu Bracelet"},{"floor":12,"key":"Pen Nib"}],"event_choices":[{"event_name":"World of Goop","player_choice":"Gather Gold","floor":4,"damage_taken":0},{"event_name":"Scrap Ooze","player_choice":"success","floor":5,"damage_taken":7},{"event_name":"Golden Wing","player_choice":"Card Removal","floor":7,"damage_taken":0},{"event_name":"Golden Idol","player_choice":"Take Wound","floor":11,"damage_taken":0},{"event_name":"Mushrooms","player_choice":"Fought Mushrooms","floor":14,"damage_taken":0}],"boss_relics":[],"items_purged_floors":[],"potions_floor_spawned":[3,8,13],"seed_played":"874051277349942047","killed_by":"The Mushroom Lair","ascension_level":0,"potions_obtained":[{"floor":3,"key":"Poison Potion"},{"floor":8,"key":"Weak Potion"},{"floor":13,"key":"Ancient Potion"}],"is_trial":false}