{"gold_per_floor":[112,112,126,139,159,159,186,199,199,199,229,257,257,277,277,277],"floor_reached":16,"playtime":1004,"items_purged":[],"score":112,"play_id":"16ec6071-dc1a-4724-84ff-60cccbdc0a78","local_time":"20190205174028","is_ascension_mode":false,"campfire_choices":[{"floor":6,"key":"RECALL"},{"floor":10,"key":"REST"},{"floor":15,"key":"REST"}],"neow_cost":"NONE","seed_source_timestamp":653241875288700,"circlet_count":0,"master_deck":["Strike_R","Strike_R","Strike_R","Strike_R","Strike_R","Defend_R","Defend_R","Defend_R","Defend_R","Bash+1","Body Slam","Iron Wave","Shrug It Off"],"relics":["Burning Blood","Molten Egg 2","Letter Opener"],"potions_floor_usage":[14,16,16],"damage_taken":[{"damage":1,"enemies":"Jaw Worm","floor":1,"turns":5},{"damage":1,"enemies":"Cultist","floor":3,"turns":3},{"damage":4,"enemies":"Small Slimes","floor":4,"turns":5},{"damage":8,"enemies":"Blue Slaver","floor":5,"turns":6},{"damage":47,"enemies":"Lagavulin","floor":7,"turns":9},{"damage":18,"enemies":"Large Slime","floor":8,"turns":7},{"damage":27,"enemies":"Gremlin Nob","floor":12,"turns":4},{"damage":9,"enemies":"Exordium Thugs","floor":14,"turns":7},{"damage":61,"enemies":"Hexaghost","floor":16,"turns":14}],"seed_played":"-8176997358061264370","potions_obtained":[{"floor":4,"key":"Regen Potion"},{"floor":7,"key":"Fire Potion"},{"floor":14,"key":"PowerPotion"}],"is_trial":false,"path_per_floor":["M","?","M","M","M","R","E","M","T","R","?","E","$","M","R","B"],"character_chosen":"IRONCLAD","items_purchased":[],"campfire_rested":2,"item_purchase_floors":[],"current_hp_per_floor":[88,88,88,88,86,86,45,33,33,59,59,38,38,35,61,0],"gold":277,"neow_bonus":"TEN_PERCENT_HP_BONUS","is_prod":false,"is_daily":false,"chose_seed":false,"campfire_upgraded":0,"win_rate":0,"timestamp":1549384828,"path_taken":["M","?","?","M","M","R","E","M","T","R","?","E","$","M","R","BOSS"],"build_version":"2019-01-23","purchased_purges":0,"victory":false,"max_hp_per_floor":[88,88,88,88,88,88,88,88,88,88,88,88,88,88,88,88],"card_choices":[{"not_picked":["Heavy Blade","Pommel Strike","Cleave"],"picked":"SKIP","floor":1},{"not_picked":["Searing Blow","Clash","Perfected Strike"],"picked":"SKIP","floor":3},{"not_picked":["Thunderclap","Perfected Strike"],"picked":"Body Slam","floor":4},{"not_picked":["Feel No Pain","Brutality"],"picked":"Iron Wave","floor":5},{"not_picked":["Intimidate","Dropkick","Sever Soul"],"picked":"SKIP","floor":7},{"not_picked":["Rampage+1","Anger+1"],"picked":"Shrug It Off","floor":8},{"not_picked":["Pummel+1","Inflame","True Grit"],"picked":"SKIP","floor":12},{"not_picked":["Carnage+1","Hemokinesis+1","Perfected Strike+1"],"picked":"SKIP","floor":14}],"player_experience":181478,"relics_obtained":[{"floor":7,"key":"Molten Egg 2"},{"floor":12,"key":"Letter Opener"}],"event_choices":[{"damage_healed":0,"gold_gain":0,"player_choice":"Upgraded","damage_taken":0,"max_hp_gain":0,"max_hp_loss":0,"event_name":"Upgrade Shrine","floor":2,"gold_loss":0,"cards_upgraded":["Bash"]},{"damage_healed":0,"gold_gain":30,"player_choice":"Searched \u00271\u0027 times","damage_taken":0,"max_hp_gain":0,"max_hp_loss":0,"event_name":"Dead Adventurer","floor":11,"gold_loss":0}],"is_beta":true,"boss_relics":[],"items_purged_floors":[],"is_endless":false,"potions_floor_spawned":[4,7,14],"killed_by":"Hexaghost","ascension_level":0}