{"gold_per_floor":[113,133,133,58,75,75,40,40,64,98,98,117,117,131,131,233,233,200,211,211],"floor_reached":20,"playtime":948,"items_purged":["Regret"],"score":235,"play_id":"bd546dca-c829-4f4e-9c40-dca805417de6","local_time":"20181207152954","is_ascension_mode":true,"campfire_choices":[{"data":"Zap","floor":6,"key":"SMITH"},{"floor":11,"key":"REST"},{"floor":13,"key":"REST"},{"data":"Dualcast","floor":15,"key":"SMITH"}],"neow_cost":"PERCENT_DAMAGE","seed_source_timestamp":771746333914631,"circlet_count":0,"master_deck":["Strike_B","Strike_B","Strike_B","Strike_B","Defend_B","Defend_B","Defend_B","Defend_B","Zap+1","Dualcast+1","Buffer","Conserve Battery","Cold Snap","Self Repair","Coolheaded","Electrodynamics","Shame","Clumsy","Writhe","Go for the Eyes+1","White Noise+1"],"relics":["Cracked Core","Pen Nib","Boot","Blood Vial","Matryoshka","Calling Bell","Juzu Bracelet","Kunai","Mango"],"potions_floor_usage":[16],"damage_taken":[{"damage":0,"enemies":"Small Slimes","floor":1,"turns":3},{"damage":4,"enemies":"Jaw Worm","floor":2,"turns":4},{"damage":0,"enemies":"2 Louse","floor":5,"turns":3},{"damage":29,"enemies":"Lagavulin","floor":10,"turns":6},{"damage":11,"enemies":"Gremlin Gang","floor":12,"turns":4},{"damage":1,"enemies":"Blue Slaver","floor":14,"turns":4},{"damage":22,"enemies":"The Guardian","floor":16,"turns":15},{"damage":52,"enemies":"2 Thieves","floor":18,"turns":5},{"damage":24,"enemies":"Spheric Guardian","floor":19,"turns":6},{"damage":30,"enemies":"Cultist and Chosen","floor":20,"turns":4}],"seed_played":"-596894613517611522","potions_obtained":[{"floor":2,"key":"FearPotion"},{"floor":12,"key":"PowerPotion"},{"floor":18,"key":"Strength Potion"},{"floor":19,"key":"Fire Potion"}],"is_trial":false,"path_per_floor":["M","M","?","$","M","R","$","?","T","E","R","M","R","M","R","B",null,"M","M","M"],"character_chosen":"DEFECT","items_purchased":["Self Repair"],"campfire_rested":2,"item_purchase_floors":[7],"current_hp_per_floor":[50,46,46,46,46,46,46,28,28,8,30,28,50,58,58,45,82,39,24,0],"gold":211,"neow_bonus":"THREE_RARE_CARDS","is_prod":false,"is_daily":false,"chose_seed":false,"campfire_upgraded":2,"win_rate":0,"timestamp":1544171394,"path_taken":["M","M","?","$","M","R","$","?","T","E","R","M","R","M","R","BOSS","M","M","M"],"build_version":"2018-12-06","purchased_purges":1,"victory":false,"max_hp_per_floor":[75,75,75,75,75,75,75,75,75,75,75,75,75,75,75,75,89,89,89,89],"card_choices":[{"not_picked":["Seek","Rainbow"],"picked":"Buffer","floor":0},{"not_picked":["Rebound","Static Discharge","Sweeping Beam"],"picked":"SKIP","floor":1},{"not_picked":["Gash","Chaos"],"picked":"Conserve Battery","floor":2},{"not_picked":["Loop","Conserve Battery"],"picked":"Cold Snap","floor":5},{"not_picked":["Reinforced Body","Lockon","Gash"],"picked":"SKIP","floor":10},{"not_picked":["Steam Power","Stack","Reprogram"],"picked":"SKIP","floor":12},{"not_picked":["Barrage","Leap"],"picked":"Coolheaded","floor":14},{"not_picked":["All For One","Multi-Cast"],"picked":"Electrodynamics","floor":16},{"not_picked":["Lockon","Rip and Tear"],"picked":"Go for the Eyes+1","floor":18},{"not_picked":["Heatsinks","Storm+1"],"picked":"White Noise+1","floor":19}],"player_experience":186187,"relics_obtained":[{"floor":9,"key":"Blood Vial"},{"floor":10,"key":"Matryoshka"},{"floor":17,"key":"Juzu Bracelet"},{"floor":17,"key":"Kunai"},{"floor":17,"key":"Mango"}],"event_choices":[{"damage_healed":0,"gold_gain":0,"player_choice":"Box","damage_taken":0,"relics_obtained":["Pen Nib"],"max_hp_gain":0,"max_hp_loss":0,"event_name":"Big Fish","floor":3,"gold_loss":0,"cards_obtained":["Regret"]},{"damage_healed":0,"gold_gain":0,"player_choice":"Success","damage_taken":18,"relics_obtained":["Boot"],"max_hp_gain":0,"max_hp_loss":0,"event_name":"Scrap Ooze","floor":8,"gold_loss":0}],"is_beta":false,"boss_relics":[{"not_picked":["Philosopher\u0027s Stone","FrozenCore"],"picked":"Calling Bell"}],"items_purged_floors":[4],"is_endless":false,"potions_floor_spawned":[2,12,18,19],"killed_by":"Cultist and Chosen","ascension_level":7}