{"path_per_floor":["M","$","T","$","M","R","M","M","T","M","R","M","M","?","R","B",null,"M","?","$","M","M","M","M","?","T","M"],"character_chosen":"THE_SILENT","items_purchased":["Infinite Blades","Mummified Hand","Cloak And Dagger","Apotheosis","Prayer Wheel"],"gold_per_floor":[361,285,285,2,19,19,38,50,50,70,70,86,96,396,396,501,501,517,517,155,172,186,202,219,219,219,235],"floor_reached":28,"campfire_rested":0,"playtime":6980,"current_hp_per_floor":[56,56,56,56,56,56,56,56,56,55,55,55,55,48,48,27,63,48,48,48,42,18,21,9,9,9,1],"items_purged":[],"gold":235,"play_id":"2244d94b-855e-484a-9b57-75b2b28a898d","is_prod":false,"is_daily":false,"is_ascension_mode":false,"campfire_upgraded":3,"path_taken":["M","$","?","$","M","R","M","M","T","M","R","M","?","?","R","BOSS","M","?","$","M","?","M","M","?","T","M","E"],"build_version":"2018-02-01-PROD3","purchased_purges":0,"victory":false,"master_deck":["Defend_G","Defend_G","Defend_G","Defend_G","Defend_G","Strike_G","Strike_G","Strike_G","Strike_G","Strike_G","Survivor","Neutralize","Cloak And Dagger","Infinite Blades+1","Cloak And Dagger+1","Footwork+1","Burst","Terror","Bullet Time","Apotheosis","Cloak And Dagger","Infinite Blades","Pain","Finisher+1"],"max_hp_per_floor":[63,63,63,63,63,63,63,63,63,63,63,63,63,63,63,63,63,63,63,63,63,63,63,63,63,63,63],"relics":["Ring of the Snake","Art of War","Mummified Hand","Frozen Eye","Old Coin","Cursed Key","Prayer Wheel","Girya","Calipers"],"card_choices":[{"not_picked":["Outmaneuver","Poisoned Stab"],"picked":"Cloak And Dagger"},{"not_picked":["Acrobatics","Cloak And Dagger"],"picked":"Footwork"},{"not_picked":["Underhanded Strike","Outmaneuver"],"picked":"Burst"},{"not_picked":["Outmaneuver","Dagger Throw"],"picked":"Terror"},{"not_picked":["Corpse Explosion","Adrenaline"],"picked":"Bullet Time"},{"not_picked":["Acrobatics","Bane"],"picked":"Cloak And Dagger"},{"not_picked":["Cloak And Dagger","Sucker Punch"],"picked":"Infinite Blades"},{"not_picked":["Wraith Form","Dagger Throw"],"picked":"Finisher"}],"player_experience":166757,"potions_floor_usage":[18,23,23],"damage_taken":[{"damage":7,"enemies":"Blue Slaver","floor":1,"turns":6},{"damage":0,"enemies":"Jaw Worm","floor":5,"turns":4},{"damage":0,"enemies":"2 Louse","floor":7,"turns":2},{"damage":0,"enemies":"Large Slime","floor":8,"turns":9},{"damage":1,"enemies":"Looter","floor":10,"turns":4},{"damage":0,"enemies":"Exordium Thugs","floor":12,"turns":7},{"damage":0,"enemies":"2 Fungi Beasts","floor":13,"turns":4},{"damage":21,"enemies":"The Guardian","floor":16,"turns":13},{"damage":15,"enemies":"Chosen","floor":18,"turns":6},{"damage":6,"enemies":"Spheric Guardian","floor":21,"turns":6},{"damage":24,"enemies":"Centurion and Healer","floor":22,"turns":7},{"damage":12,"enemies":"Cultist and Chosen","floor":23,"turns":8},{"damage":12,"enemies":"Snecko","floor":24,"turns":6},{"damage":8,"enemies":"Centurion and Healer","floor":27,"turns":9},{"damage":5,"enemies":"Book of Stabbing","floor":28,"turns":3}],"event_choices":[{"event_name":"Scrap Ooze","player_choice":"success","floor":14,"damage_taken":7},{"event_name":"Beggar","player_choice":"Ignored","floor":19,"damage_taken":0},{"event_name":"The Mausoleum","player_choice":"Yes","floor":25,"damage_taken":0}],"boss_relics":[{"not_picked":["Snecko Eye","Runic Pyramid"],"picked":"Cursed Key"}],"potions_floor_spawned":[5,8,12,13,16,21,22],"seed_played":"705181907054925107","killed_by":"Book of Stabbing","ascension_level":0,"is_trial":false}