{"gold_per_floor":[110,110,126,143,159,159,173,173,173,151,167,167,178,188,188,287,287,306,324,3,3,3,23,23,23,50,66,84,84,84,84,84,184,184,197,47,63,63,76,76,76],"floor_reached":41,"playtime":2443,"items_purged":[],"score":406,"play_id":"09b36785-dcc2-46b2-ba73-e8b0b67479fa","local_time":"20190110000431","is_ascension_mode":true,"campfire_choices":[{"data":"Cloak And Dagger","floor":6,"key":"SMITH"},{"data":"Noxious Fumes","floor":12,"key":"SMITH"},{"data":"Deadly Poison","floor":15,"key":"SMITH"},{"floor":24,"key":"REST"},{"floor":32,"key":"REST"}],"neow_cost":"NONE","seed_source_timestamp":19862191378685,"circlet_count":0,"master_deck":["Defend_G","Defend_G","Defend_G","Defend_G","Defend_G","Strike_G","Strike_G","Strike_G","Strike_G","Neutralize","Cloak And Dagger+1","Acrobatics","Leg Sweep+1","Backflip","Cloak And Dagger","Noxious Fumes+1","Deadly Poison+1","Expertise","Doppelganger","PiercingWail","Crippling Poison+1","Die Die Die","Dodge and Roll","Deadly Poison+1","Burst","Infinite Blades+1","Night Terror","Burst","Deadly Poison","Deflect+1","Catalyst"],"special_seed":0,"relics":["Ring of the Snake","Happy Flower","Pen Nib","WristBlade","Frozen Egg 2","Nilry\u0027s Codex","Bag of Marbles","White Beast Statue","Juzu Bracelet","GremlinMask"],"potions_floor_usage":[16,33,39,39,41],"damage_taken":[{"damage":0.0,"enemies":"2 Louse","floor":1.0,"turns":5.0},{"damage":0.0,"enemies":"Cultist","floor":3.0,"turns":5.0},{"damage":1.0,"enemies":"Jaw Worm","floor":4.0,"turns":5.0},{"damage":2,"enemies":"Gremlin Gang","floor":5,"turns":5},{"damage":7,"enemies":"Lots of Slimes","floor":7,"turns":7},{"damage":0,"enemies":"Looter","floor":11,"turns":4},{"damage":0,"enemies":"Blue Slaver","floor":13,"turns":5},{"damage":1,"enemies":"Red Slaver","floor":14,"turns":4},{"damage":5,"enemies":"The Guardian","floor":16,"turns":9},{"damage":1,"enemies":"Shell Parasite","floor":18,"turns":6},{"damage":5,"enemies":"3 Byrds","floor":19,"turns":6},{"damage":7,"enemies":"Shelled Parasite and Fungi","floor":23,"turns":4},{"damage":5,"enemies":"Cultist and Chosen","floor":27,"turns":5},{"damage":9,"enemies":"Snake Plant","floor":28,"turns":5},{"damage":17,"enemies":"Colosseum Slavers","floor":29,"turns":4},{"damage":14,"enemies":"Collector","floor":33,"turns":7},{"damage":25,"enemies":"Orb Walker","floor":35,"turns":5},{"damage":10,"enemies":"3 Darklings","floor":37,"turns":2},{"damage":24,"enemies":"4 Shapes","floor":39,"turns":7},{"damage":18,"enemies":"Spire Growth","floor":41,"turns":4}],"seed_played":"8649681694309244944","potions_obtained":[{"floor":1.0,"key":"FearPotion"},{"floor":4.0,"key":"Explosive Potion"},{"floor":5,"key":"GhostInAJar"},{"floor":19,"key":"Fire Potion"},{"floor":35,"key":"FearPotion"},{"floor":39,"key":"PowerPotion"}],"is_trial":false,"path_per_floor":["M","?","M","M","M","R","M","?","T","$","M","R","M","M","R","B",null,"M","M","$","?","$","M","R","?","T","M","M","?","?","?","R","B",null,"M","$","M","$","M","?","M"],"character_chosen":"THE_SILENT","items_purchased":["Cloak And Dagger","Frozen Egg 2","Die Die Die","Juzu Bracelet"],"campfire_rested":2,"item_purchase_floors":[10,20,20,36],"current_hp_per_floor":[70,70,70,69,67,67,60,60,60,60,60,60,60,59,59,54,70,69,64,64,48,48,41,62,62,62,57,48,31,31,31,52,38,70,45,45,35,35,11,11,0],"gold":76,"neow_bonus":"RANDOM_COMMON_RELIC","is_prod":false,"is_daily":false,"chose_seed":false,"campfire_upgraded":3,"win_rate":0,"timestamp":1547049871,"path_taken":["M","?","M","?","M","R","M","?","T","$","M","R","?","M","R","BOSS","M","?","$","?","$","M","R","?","T","?","M","?","?","?","R","BOSS","M","$","M","?","M","?","M"],"build_version":"2019-01-03v4","purchased_purges":0,"victory":false,"max_hp_per_floor":[70,70,70,70,70,70,70,70,70,70,70,70,70,70,70,70,70,70,70,70,70,70,70,70,70,70,70,70,70,70,70,70,70,70,70,70,70,70,70,70,70],"card_choices":[{"not_picked":["Flechettes","Quick Slash"],"picked":"Cloak And Dagger","floor":1.0},{"not_picked":["Dagger Spray","Choke"],"picked":"Acrobatics","floor":3.0},{"not_picked":["Quick Slash","Poisoned Stab"],"picked":"Leg Sweep","floor":4.0},{"not_picked":["Quick Slash","Riddle With Holes"],"picked":"Backflip","floor":5},{"not_picked":["Heel Hook","Flying Knee","Blade Dance"],"picked":"SKIP","floor":7},{"not_picked":["Underhanded Strike","Cloak And Dagger"],"picked":"Noxious Fumes","floor":11},{"not_picked":["Eviscerate","Calculated Gamble"],"picked":"Deadly Poison","floor":13},{"not_picked":["Deflect","Cloak And Dagger"],"picked":"Expertise","floor":14},{"not_picked":["Glass Knife","Malaise"],"picked":"Doppelganger","floor":16},{"not_picked":["Backstab","Slice"],"picked":"PiercingWail","floor":18},{"not_picked":["Cloak And Dagger","Bouncing Flask"],"picked":"Crippling Poison+1","floor":19},{"not_picked":["Outmaneuver+1","Deflect"],"picked":"Dodge and Roll","floor":23},{"not_picked":["Bane","Poisoned Stab"],"picked":"Deadly Poison+1","floor":27},{"not_picked":["Dagger Throw","Bane"],"picked":"Burst","floor":28},{"not_picked":["Malaise","Phantasmal Killer"],"picked":"Burst","floor":33},{"not_picked":["Sucker Punch+1","PiercingWail"],"picked":"Deadly Poison","floor":35},{"not_picked":["Dagger Spray","Deadly Poison"],"picked":"Deflect+1","floor":37},{"not_picked":["Prepared+1","Outmaneuver"],"picked":"Catalyst","floor":39}],"player_experience":251975,"relics_obtained":[{"floor":9,"key":"Pen Nib"},{"floor":21,"key":"Nilry\u0027s Codex"},{"floor":26,"key":"Bag of Marbles"}],"event_choices":[{"cards_removed":["Survivor"],"damage_healed":0.0,"max_hp_gain":0.0,"max_hp_loss":0.0,"gold_gain":0.0,"event_name":"Bonfire Elementals","player_choice":"Offered Basic","floor":2.0,"gold_loss":0.0,"damage_taken":0.0},{"damage_healed":0,"gold_gain":0,"player_choice":"Upgraded","damage_taken":0,"max_hp_gain":0,"max_hp_loss":0,"event_name":"Upgrade Shrine","floor":8,"gold_loss":0,"cards_upgraded":["Leg Sweep"]},{"damage_healed":0,"gold_gain":0,"player_choice":"Obtained Book","damage_taken":16,"max_hp_gain":0,"max_hp_loss":0,"event_name":"Cursed Tome","floor":21,"gold_loss":0},{"cards_removed":["Strike_G"],"damage_healed":0,"gold_gain":0,"player_choice":"Purged","damage_taken":0,"max_hp_gain":0,"max_hp_loss":0,"event_name":"Purifier","floor":25,"gold_loss":0},{"damage_healed":0,"gold_gain":0,"player_choice":"Fight","damage_taken":0,"max_hp_gain":0,"max_hp_loss":0,"event_name":"Colosseum","floor":29,"gold_loss":0},{"damage_healed":0,"gold_gain":0,"player_choice":"Fled From Nobs","damage_taken":0,"max_hp_gain":0,"max_hp_loss":0,"event_name":"Colosseum","floor":29,"gold_loss":0},{"damage_healed":0,"gold_gain":0,"player_choice":"Read","damage_taken":0,"max_hp_gain":0,"max_hp_loss":0,"event_name":"The Library","floor":30,"gold_loss":0,"cards_obtained":["Infinite Blades"]},{"damage_healed":0,"gold_gain":0,"player_choice":"1 cards matched","damage_taken":0,"max_hp_gain":0,"max_hp_loss":0,"event_name":"Match and Keep!","floor":31,"gold_loss":0,"cards_obtained":["Night Terror"]},{"damage_healed":0,"gold_gain":0,"player_choice":"Trade","damage_taken":0,"relics_obtained":["GremlinMask"],"max_hp_gain":0,"max_hp_loss":0,"event_name":"FaceTrader","floor":40,"gold_loss":0}],"is_beta":false,"boss_relics":[{"not_picked":["Cursed Key","Tiny House"],"picked":"WristBlade"},{"not_picked":["Coffee Dripper","Busted Crown"],"picked":"White Beast Statue"}],"items_purged_floors":[],"is_endless":false,"potions_floor_spawned":[1,4,5,7,11,19,23,35,37,39],"killed_by":"Spire Growth","ascension_level":1}