{"gold_per_floor":[118,129,139,7,19,52,52,86,86,99,109,127,143,143,143,143],"floor_reached":16,"playtime":688,"items_purged":[],"score":232,"play_id":"08613db9-8de8-4824-a376-5102f5865d15","local_time":"20190203114205","is_ascension_mode":true,"campfire_choices":[{"floor":7,"key":"REST"},{"floor":15,"key":"REST"}],"neow_cost":"NONE","seed_source_timestamp":0,"circlet_count":0,"master_deck":["AscendersBane","Strike_B","Strike_B","Strike_B","Strike_B","Defend_B","Defend_B","Defend_B","Defend_B","Zap","Dualcast","Conserve Battery","Darkness","Coolheaded","Doom and Gloom","Coolheaded","Coolheaded+1","Auto Shields+1","Cold Snap","FTL","Static Discharge"],"special_seed":0,"relics":["Cracked Core","Toxic Egg 2","Torii"],"potions_floor_usage":[8],"damage_taken":[{"damage":1.0,"enemies":"Cultist","floor":1.0,"turns":3.0},{"damage":0,"enemies":"Jaw Worm","floor":2,"turns":4},{"damage":7,"enemies":"2 Louse","floor":3,"turns":2},{"damage":8,"enemies":"Red Slaver","floor":5,"turns":5},{"damage":26,"enemies":"Lagavulin","floor":6,"turns":8},{"damage":15,"enemies":"3 Sentries","floor":8,"turns":6},{"damage":9,"enemies":"3 Louse","floor":10,"turns":3},{"damage":3,"enemies":"Blue Slaver","floor":11,"turns":5},{"damage":14,"enemies":"2 Fungi Beasts","floor":12,"turns":5},{"damage":8,"enemies":"3 Louse","floor":13,"turns":3},{"damage":29,"enemies":"Hexaghost","floor":16,"turns":11}],"seed_played":"4101830225650527409","potions_obtained":[{"floor":2,"key":"Poison Potion"},{"floor":10,"key":"SpeedPotion"}],"is_trial":false,"path_per_floor":["M","M","M","$","M","E","R","E","T","M","M","M","M","?","R","B"],"character_chosen":"DEFECT","items_purchased":["Doom and Gloom","AttackPotion"],"campfire_rested":2,"item_purchase_floors":[4,4],"current_hp_per_floor":[70,70,63,63,55,29,52,37,37,28,25,11,3,3,26,0],"gold":143,"neow_bonus":"TEN_PERCENT_HP_BONUS","is_prod":false,"is_daily":false,"chose_seed":false,"campfire_upgraded":0,"win_rate":0,"timestamp":1549212125,"path_taken":["M","M","M","$","?","E","R","E","T","?","M","M","?","?","R","BOSS"],"build_version":"2019-01-23","purchased_purges":0,"victory":false,"max_hp_per_floor":[78,78,78,78,78,78,78,78,78,78,78,78,78,78,78,78],"card_choices":[{"not_picked":["Streamline","Barrage"],"picked":"Conserve Battery","floor":1.0},{"not_picked":["Steam","Conserve Battery"],"picked":"Darkness","floor":2},{"not_picked":["Leap","Streamline"],"picked":"Coolheaded","floor":3},{"not_picked":["Hologram","Aggregate"],"picked":"Coolheaded","floor":5},{"not_picked":["Beam Cell","Reprogram","Force Field"],"picked":"SKIP","floor":6},{"not_picked":["Aggregate+1","Doom and Gloom"],"picked":"Coolheaded+1","floor":8},{"not_picked":["Cold Snap","Barrage"],"picked":"Auto Shields+1","floor":10},{"not_picked":["Streamline","Leap+1"],"picked":"Cold Snap","floor":11},{"not_picked":["Undo+1","Sunder"],"picked":"FTL","floor":12},{"not_picked":["Lockon","Storm"],"picked":"Static Discharge","floor":13}],"player_experience":798990,"relics_obtained":[{"floor":6,"key":"Toxic Egg 2"},{"floor":8,"key":"Torii"}],"event_choices":[{"damage_healed":0,"gold_gain":0,"player_choice":"Fled","damage_taken":0,"max_hp_gain":0,"max_hp_loss":0,"event_name":"Scrap Ooze","floor":14,"gold_loss":0}],"is_beta":false,"boss_relics":[],"items_purged_floors":[],"is_endless":false,"potions_floor_spawned":[2,5,6,10,11],"killed_by":"Hexaghost","ascension_level":20}