{"gold_per_floor":[117,0,17,17,17,42,42,55,82,125,137,183,214,242,254,340,352,352,352,352,277,277,277,277,277,277,192,192,192,192,192,192,192,192,192,67,67,67,67],"floor_reached":39,"playtime":1360,"items_purged":["Strike_B"],"score":855,"play_id":"212a8547-b4e8-42ca-b345-a1e9168a1e3d","local_time":"20190213160721","is_ascension_mode":true,"campfire_choices":[{"data":"Capacitor","floor":7.0,"key":"SMITH"},{"floor":11.0,"key":"REST"},{"data":"Doom and Gloom","floor":15.0,"key":"SMITH"},{"data":"Go for the Eyes","floor":23.0,"key":"SMITH"},{"floor":28.0,"key":"REST"},{"floor":30.0,"key":"REST"},{"data":"Reboot","floor":32.0,"key":"SMITH"}],"neow_cost":"NONE","seed_source_timestamp":0,"circlet_count":0,"master_deck":["AscendersBane","Strike_B","Strike_B","Strike_B","Defend_B","Defend_B","Defend_B","Defend_B","Zap","Dualcast+1","Leap","Sunder+1","Capacitor+1","Go for the Eyes+1","Conserve Battery+1","Chill","Reboot+1","Doom and Gloom+1","Creative AI+1","Coolheaded+1","Storm","Storm","Echo Form","Tempest"],"special_seed":0,"relics":["Cracked Core","NeowsBlessing","DataDisk","MawBank","War Paint","Anchor","Ectoplasm","Dodecahedron","Juzu Bracelet","Bronze Scales","Prayer Wheel","Busted Crown","Lantern"],"potions_floor_usage":[39],"damage_taken":[{"damage":0.0,"enemies":"Jaw Worm","floor":1.0,"turns":1.0},{"damage":0.0,"enemies":"2 Louse","floor":3.0,"turns":1.0},{"damage":0.0,"enemies":"3 Sentries","floor":6.0,"turns":1.0},{"damage":0.0,"enemies":"Small Slimes","floor":8.0,"turns":2.0},{"damage":21.0,"enemies":"Lagavulin","floor":10.0,"turns":7.0},{"damage":16.0,"enemies":"3 Sentries","floor":12.0,"turns":5.0},{"damage":0.0,"enemies":"Red Slaver","floor":13.0,"turns":3.0},{"damage":5.0,"enemies":"Gremlin Gang","floor":14.0,"turns":4.0},{"damage":17.0,"enemies":"Hexaghost","floor":16.0,"turns":12.0},{"damage":10.0,"enemies":"Spheric Guardian","floor":18.0,"turns":4.0},{"damage":0.0,"enemies":"Chosen","floor":22.0,"turns":6.0},{"damage":10.0,"enemies":"Snake Plant","floor":24.0,"turns":5.0},{"damage":8.0,"enemies":"Gremlin Leader","floor":25.0,"turns":7.0},{"damage":14.0,"enemies":"Book of Stabbing","floor":29.0,"turns":6.0},{"damage":10.0,"enemies":"Sentry and Sphere","floor":31.0,"turns":5.0},{"damage":34.0,"enemies":"Champ","floor":33.0,"turns":8.0},{"damage":5.0,"enemies":"Orb Walker","floor":35.0,"turns":4.0},{"damage":5,"enemies":"3 Darklings","floor":38,"turns":4},{"damage":52,"enemies":"Spire Growth","floor":39,"turns":4}],"seed_played":"-7549992519019452513","potions_obtained":[{"floor":3.0,"key":"Fire Potion"},{"floor":6.0,"key":"SpeedPotion"},{"floor":14.0,"key":"Strength Potion"},{"floor":24.0,"key":"SkillPotion"},{"floor":29.0,"key":"Regen Potion"}],"is_trial":false,"path_per_floor":["M","$","M","?","?","E","R","M","T","E","R","E","M","M","R","B",null,"M","?","?","$","M","R","M","E","T","?","R","E","R","M","R","B",null,"M","?","?","M","M"],"character_chosen":"DEFECT","items_purchased":["Sunder","Capacitor"],"campfire_rested":3,"item_purchase_floors":[2,2],"current_hp_per_floor":[64,64,64,64,64,64,64,64,64,43,64,48,48,43,43,26,60,50,50,50,50,50,50,40,32,32,32,53,39,60,50,50,28,60,55,55,55,50,0],"gold":67,"neow_bonus":"THREE_ENEMY_KILL","is_prod":false,"is_daily":false,"chose_seed":false,"campfire_upgraded":4,"win_rate":0,"timestamp":1550092041,"path_taken":["M","$","M","?","?","E","R","M","T","E","R","E","M","M","R","BOSS","M","?","?","$","M","R","?","E","T","?","R","E","R","M","R","BOSS","M","?","?","M","M"],"build_version":"2019-01-23","purchased_purges":1,"victory":false,"max_hp_per_floor":[71,71,71,71,71,71,71,71,71,71,71,71,71,71,71,71,71,71,71,71,71,71,71,71,71,71,71,71,71,71,71,71,71,71,71,71,71,71,71],"card_choices":[{"not_picked":["Redo","Darkness"],"picked":"Leap","floor":1.0},{"not_picked":["Aggregate","Conserve Battery"],"picked":"Go for the Eyes","floor":3.0},{"not_picked":["Capacitor","Hologram"],"picked":"Conserve Battery","floor":6.0},{"not_picked":["Storm","Compile Driver"],"picked":"Chill","floor":8.0},{"not_picked":["Beam Cell","Auto Shields"],"picked":"Reboot","floor":10.0},{"not_picked":["Leap","Reprogram","Fission"],"picked":"SKIP","floor":12.0},{"not_picked":["Go for the Eyes","Steam Power","Chill"],"picked":"SKIP","floor":13.0},{"not_picked":["Ball Lightning","Blizzard"],"picked":"Doom and Gloom","floor":14.0},{"not_picked":["Seek","Core Surge"],"picked":"Creative AI","floor":16.0},{"not_picked":["Compile Driver","Chill","Barrage"],"picked":"SKIP","floor":18.0},{"not_picked":["Go for the Eyes","Cold Snap+1"],"picked":"Coolheaded+1","floor":22.0},{"not_picked":["Recycle","Hologram","Turbo"],"picked":"SKIP","floor":24.0},{"not_picked":["Compile Driver","Sunder"],"picked":"Storm","floor":25.0},{"not_picked":["Reprogram","Biased Cognition"],"picked":"Storm","floor":29.0},{"not_picked":["Barrage","Recycle","Leap"],"picked":"SKIP","floor":31.0},{"not_picked":["Stack","Sunder","Skim+1"],"picked":"SKIP","floor":31.0},{"not_picked":["All For One","Meteor Strike"],"picked":"Echo Form","floor":33.0},{"not_picked":["Lockon+1"],"picked":"SKIP","floor":35.0},{"not_picked":["Ball Lightning"],"picked":"SKIP","floor":35.0},{"not_picked":[],"picked":"Tempest","floor":38},{"not_picked":["Conserve Battery"],"picked":"SKIP","floor":38}],"player_experience":272256,"relics_obtained":[{"floor":6.0,"key":"DataDisk"},{"floor":9.0,"key":"MawBank"},{"floor":10.0,"key":"War Paint"},{"floor":12.0,"key":"Anchor"},{"floor":25.0,"key":"Dodecahedron"},{"floor":26.0,"key":"Juzu Bracelet"},{"floor":29.0,"key":"Prayer Wheel"}],"event_choices":[{"damage_healed":0.0,"max_hp_gain":0.0,"max_hp_loss":0.0,"gold_gain":0.0,"event_name":"The Cleric","player_choice":"Leave","floor":4.0,"gold_loss":0.0,"damage_taken":0.0},{"damage_healed":0.0,"max_hp_gain":0.0,"max_hp_loss":0.0,"gold_gain":0.0,"event_name":"Living Wall","player_choice":"Grow","floor":5.0,"gold_loss":0.0,"damage_taken":0.0,"cards_upgraded":["Sunder"]},{"damage_healed":0.0,"max_hp_gain":0.0,"max_hp_loss":0.0,"gold_gain":0.0,"event_name":"Vampires","player_choice":"Ignored","floor":19.0,"gold_loss":0.0,"damage_taken":0.0},{"damage_healed":0.0,"max_hp_gain":0.0,"max_hp_loss":0.0,"gold_gain":0.0,"event_name":"Upgrade Shrine","player_choice":"Upgraded","floor":20.0,"gold_loss":0.0,"damage_taken":0.0,"cards_upgraded":["Creative AI"]},{"damage_healed":0.0,"max_hp_gain":0.0,"max_hp_loss":0.0,"gold_gain":0.0,"event_name":"Addict","player_choice":"Obtained Relic","floor":27.0,"gold_loss":85.0,"damage_taken":0.0,"relics_obtained":["Bronze Scales"]},{"damage_healed":0,"gold_gain":0,"player_choice":"Paid Gold","damage_taken":0,"relics_obtained":["Lantern"],"max_hp_gain":0,"max_hp_loss":0,"event_name":"WeMeetAgain","floor":36,"gold_loss":125},{"damage_healed":0,"gold_gain":0,"player_choice":"Ignored","damage_taken":0,"max_hp_gain":0,"max_hp_loss":0,"event_name":"Mysterious Sphere","floor":37,"gold_loss":0}],"is_beta":false,"boss_relics":[{"not_picked":["Orrery","White Beast Statue"],"picked":"Ectoplasm"},{"not_picked":["Astrolabe","Velvet Choker"],"picked":"Busted Crown"}],"items_purged_floors":[21],"is_endless":false,"potions_floor_spawned":[3,6,8,14,24,29,31],"killed_by":"Spire Growth","ascension_level":17}