{"path_per_floor":["M","?","M","?","M","R","E","M","T","E","M","E","$","?","R","B",null,"M","?","?","?","$","E","M","?","T","R","M","E"],"character_chosen":"IRONCLAD","items_purchased":["Demon Form","Infernal Blade","Ornamental Fan","Block Potion"],"gold_per_floor":[116,116,128,78,96,96,129,146,170,197,210,244,23,23,23,123,123,136,316,316,316,10,37,54,54,54,54,71,99],"floor_reached":30,"campfire_rested":1,"playtime":1251,"current_hp_per_floor":[80,80,80,80,80,80,74,80,80,73,81,90,90,69,69,75,108,110,70,70,70,70,25,7,7,7,41,38,9],"items_purged":[],"gold":99,"score":350,"play_id":"31136b53-1420-4cbf-90ca-833184da5ab6","is_prod":false,"is_daily":false,"is_ascension_mode":true,"campfire_upgraded":2,"path_taken":["M","?","?","?","M","R","E","?","T","E","M","E","$","?","R","BOSS","M","?","?","?","$","E","M","?","T","R","M","E","?"],"build_version":"2018-02-15-PROD1","purchased_purges":0,"victory":false,"master_deck":["Bash","Double Tap","Clash+1","Anger","Armaments+1","True Grit","Feed+1","Clash+1","Clothesline+1","Demon Form+1","Infernal Blade","Exhume","True Grit","True Grit","Cleave+1","Burning Pact","Body Slam+1","Pommel Strike+1","Bandage Up","Dramatic Entrance+1","Berserk","Sword Boomerang+1","Clash+1"],"max_hp_per_floor":[80,80,80,80,80,80,80,84,84,94,98,104,104,104,104,108,108,110,110,110,110,110,114,114,114,114,114,114,116],"relics":["Burning Blood","Molten Egg 2","Juzu Bracelet","Pear","Singing Bowl","Nloth\u0027s Gift","Ornamental Fan","Frozen Eye","Sundial","Orichalcum"],"card_choices":[{"not_picked":["Bludgeon","Clothesline"],"picked":"Clash"},{"not_picked":["Heavy Blade","Blood for Blood"],"picked":"Armaments"},{"not_picked":["Body Slam","Perfected Strike"],"picked":"True Grit"},{"not_picked":["Searing Blow","Burning Pact"],"picked":"Feed"},{"not_picked":["Armaments","Havoc"],"picked":"Clash"},{"not_picked":["Entrench","Perfected Strike"],"picked":"Clothesline"},{"not_picked":["Brutality","Double Tap"],"picked":"Exhume"},{"not_picked":["Clothesline","Thunderclap"],"picked":"Berserk"},{"not_picked":["Pommel Strike","Heavy Blade"],"picked":"Sword Boomerang"},{"not_picked":["Body Slam","Sword Boomerang"],"picked":"Clash"}],"player_experience":104581,"potions_floor_usage":[8,12,18,23,23,24,28],"damage_taken":[{"damage":6,"enemies":"Jaw Worm","floor":1,"turns":4},{"damage":0,"enemies":"Small Slimes","floor":3,"turns":2},{"damage":0,"enemies":"Cultist","floor":5,"turns":2},{"damage":12,"enemies":"Lagavulin","floor":7,"turns":6},{"damage":4,"enemies":"Large Slime","floor":8,"turns":5},{"damage":23,"enemies":"Gremlin Nob","floor":10,"turns":4},{"damage":2,"enemies":"Blue Slaver","floor":11,"turns":4},{"damage":3,"enemies":"3 Sentries","floor":12,"turns":6},{"damage":4,"enemies":"Slime Boss","floor":16,"turns":5},{"damage":6,"enemies":"Spheric Guardian","floor":18,"turns":4},{"damage":59,"enemies":"Gremlin Leader","floor":23,"turns":6},{"damage":28,"enemies":"3 Byrds","floor":24,"turns":7},{"damage":25,"enemies":"Snake Plant","floor":28,"turns":5},{"damage":41,"enemies":"Book of Stabbing","floor":29,"turns":6}],"event_choices":[{"event_name":"Living Wall","player_choice":"Change","floor":2,"damage_taken":0},{"event_name":"The Cleric","player_choice":"Card Removal","floor":4,"damage_taken":0},{"event_name":"Shining Light","player_choice":"Entered Light","floor":14,"damage_taken":0},{"event_name":"Knowing Skull","player_choice":"CARD CARD GOLD GOLD ","floor":19,"damage_taken":0},{"event_name":"N\u0027loth","player_choice":"Traded a Pandora\u0027s Box","floor":20,"damage_taken":0},{"event_name":"Purifier","player_choice":"One Purge","floor":21,"damage_taken":0},{"event_name":"Drug Dealer","player_choice":"Ignored","floor":25,"damage_taken":0}],"boss_relics":[{"not_picked":["Philosopher\u0027s Stone","Tiny House"],"picked":"Pandora\u0027s Box"}],"potions_floor_spawned":[1,8,10,12,18,24,29],"seed_played":"-5993478538449567798","ascension_level":1,"is_trial":false}