{"gold_per_floor":[111,126,142,217,236,250,12,45,71,71,90,90,107,136,136,233,233,250,136,136,136,151,151,168,168,168,168,182,182,182,195,195,195],"floor_reached":33,"playtime":2527,"items_purged":["Strike_B"],"score":355,"play_id":"2cdb6924-9703-4be9-8369-69865a561d26","local_time":"20181124213953","is_ascension_mode":true,"campfire_choices":[{"floor":10.0,"key":"REST"},{"floor":15.0,"key":"REST"},{"data":"Echo Form","floor":23,"key":"SMITH"},{"data":"Sunder","floor":25,"key":"SMITH"},{"data":"Glacier","floor":27,"key":"SMITH"},{"data":"Defragment","floor":30,"key":"SMITH"},{"floor":32,"key":"REST"}],"neow_cost":"NONE","seed_source_timestamp":93771966491037,"circlet_count":0,"master_deck":["Strike_B","Strike_B","Strike_B","Defend_B","Defend_B","Defend_B","Defend_B","Zap+1","Dualcast+1","Coolheaded+1","Sunder+1","Steam","Steam Power","Chill","Echo Form+1","Chill+1","Defragment+1","Glacier","Glacier+1","Darkness","Coolheaded+1"],"special_seed":0,"relics":["Cracked Core","NeowsBlessing","Symbiotic Virus","War Paint","Bag of Marbles","Centennial Puzzle","Inserter","Bottled Lightning"],"potions_floor_usage":[24],"damage_taken":[{"damage":0.0,"enemies":"Jaw Worm","floor":1.0,"turns":1.0},{"damage":0.0,"enemies":"Cultist","floor":2.0,"turns":1.0},{"damage":0.0,"enemies":"Small Slimes","floor":3.0,"turns":1.0},{"damage":9.0,"enemies":"Exordium Thugs","floor":5.0,"turns":4.0},{"damage":6.0,"enemies":"Looter","floor":6.0,"turns":2.0},{"damage":16.0,"enemies":"Lagavulin","floor":8.0,"turns":7.0},{"damage":3.0,"enemies":"3 Louse","floor":11.0,"turns":3.0},{"damage":5.0,"enemies":"Gremlin Gang","floor":13.0,"turns":4.0},{"damage":21.0,"enemies":"3 Sentries","floor":14.0,"turns":7.0},{"damage":0.0,"enemies":"Slime Boss","floor":16.0,"turns":7.0},{"damage":11.0,"enemies":"Spheric Guardian","floor":18.0,"turns":4.0},{"damage":0,"enemies":"3 Byrds","floor":22,"turns":9},{"damage":11,"enemies":"Centurion and Healer","floor":24,"turns":11},{"damage":6,"enemies":"3 Cultists","floor":28,"turns":6},{"damage":7,"enemies":"Snecko","floor":31,"turns":4},{"damage":62,"enemies":"Automaton","floor":33,"turns":12}],"seed_played":"-2592004291618357674","potions_obtained":[{"floor":2.0,"key":"Dexterity Potion"},{"floor":6.0,"key":"Dexterity Potion"},{"floor":14.0,"key":"Strength Potion"},{"floor":22,"key":"Energy Potion"}],"is_trial":false,"path_per_floor":["M","M","M","?","M","M","$","E","T","R","M","?","M","E","R","B",null,"M","$","?","?","M","R","M","R","T","R","M","?","R","M","R","B"],"character_chosen":"DEFECT","items_purchased":["Symbiotic Virus","Defragment"],"campfire_rested":3,"item_purchase_floors":[7,19],"current_hp_per_floor":[75,75,75,64,55,49,49,33,33,55,52,52,47,26,48,48,75,64,64,64,64,64,64,53,53,53,53,47,47,47,40,62,0],"gold":195,"neow_bonus":"THREE_ENEMY_KILL","is_prod":false,"is_daily":false,"chose_seed":false,"campfire_upgraded":4,"win_rate":0,"timestamp":1543063193,"path_taken":["M","M","M","?","M","M","$","E","T","R","M","?","M","E","R","BOSS","M","$","?","?","M","R","?","R","T","R","M","?","R","M","R","BOSS"],"build_version":"2018-11-15","purchased_purges":1,"victory":false,"max_hp_per_floor":[75,75,75,75,75,75,75,75,75,75,75,75,75,75,75,75,75,75,75,75,75,75,75,75,75,75,75,75,75,75,75,75,75],"card_choices":[{"not_picked":["Streamline","Cold Snap","Gash"],"picked":"SKIP","floor":1.0},{"not_picked":["Lockon","Stack"],"picked":"Coolheaded","floor":2.0},{"not_picked":["Leap","Defragment"],"picked":"Sunder","floor":3.0},{"not_picked":["Tempest","Barrage","Rebound"],"picked":"SKIP","floor":5.0},{"not_picked":["Rebound","FTL"],"picked":"Steam","floor":6.0},{"not_picked":["Gash","Rip and Tear"],"picked":"Steam Power","floor":8.0},{"not_picked":["Cold Snap","Aggregate","Rebound"],"picked":"SKIP","floor":11.0},{"not_picked":["Static Discharge","Gash","Redo"],"picked":"SKIP","floor":13.0},{"not_picked":["Fission","Stack"],"picked":"Chill","floor":14.0},{"not_picked":["Multi-Cast","Creative AI"],"picked":"Echo Form","floor":16.0},{"not_picked":["Rebound+1","Cold Snap"],"picked":"Chill+1","floor":18.0},{"not_picked":["Gash","Capacitor+1"],"picked":"Darkness","floor":22},{"not_picked":["Turbo","Lockon+1"],"picked":"Coolheaded+1","floor":24},{"not_picked":["Sweeping Beam","Genetic Algorithm+1","Reinforced Body"],"picked":"SKIP","floor":28},{"not_picked":["Stack","Force Field","Beam Cell"],"picked":"SKIP","floor":31}],"player_experience":102076,"relics_obtained":[{"floor":8.0,"key":"War Paint"},{"floor":9.0,"key":"Bag of Marbles"},{"floor":14.0,"key":"Centennial Puzzle"},{"floor":26,"key":"Bottled Lightning"}],"event_choices":[{"damage_healed":0.0,"max_hp_gain":0.0,"max_hp_loss":0.0,"gold_gain":75.0,"event_name":"World of Goop","player_choice":"Gather Gold","floor":4.0,"gold_loss":0.0,"damage_taken":11.0},{"damage_healed":0.0,"max_hp_gain":0.0,"max_hp_loss":0.0,"gold_gain":0.0,"event_name":"Upgrade Shrine","player_choice":"Upgraded","floor":12.0,"gold_loss":0.0,"damage_taken":0.0,"cards_upgraded":["Dualcast"]},{"damage_healed":0.0,"max_hp_gain":0.0,"max_hp_loss":0.0,"gold_gain":0.0,"event_name":"The Library","player_choice":"Read","floor":20.0,"gold_loss":0.0,"damage_taken":0.0,"cards_obtained":["Glacier"]},{"damage_healed":0.0,"max_hp_gain":0.0,"max_hp_loss":0.0,"gold_gain":0.0,"event_name":"Duplicator","player_choice":"Copied","floor":21.0,"gold_loss":0.0,"damage_taken":0.0,"cards_obtained":["Glacier"]},{"damage_healed":0,"gold_gain":0,"player_choice":"Ignored","damage_taken":0,"max_hp_gain":0,"max_hp_loss":0,"event_name":"Ghosts","floor":29,"gold_loss":0}],"is_beta":false,"boss_relics":[{"not_picked":["Lizard Tail","Ectoplasm"],"picked":"Inserter"}],"items_purged_floors":[19],"is_endless":false,"potions_floor_spawned":[2,6,14,22],"killed_by":"Automaton","ascension_level":3}