{"gold_per_floor":[115,140,154,154,171,171,189,189,213,213,229,262,262,280,280,383,413,428,446,446,446],"floor_reached":21,"playtime":983,"items_purged":[],"score":383,"play_id":"fe7dfe99-7b50-4378-8c62-7be32f37c2cf","local_time":"20180627172639","is_ascension_mode":true,"campfire_choices":[{"data":"Zap","floor":6,"key":"SMITH"},{"floor":8,"key":"REST"},{"data":"Dualcast","floor":10,"key":"SMITH"},{"floor":15,"key":"REST"}],"neow_cost":"NONE","seed_source_timestamp":257296521417780,"circlet_count":0,"master_deck":["Defend_B","Defend_B","Defend_B","Defend_B+1","Zap+1","Dualcast+1","Defragment+1","Cold Snap","Reinforced Body","Coolheaded","Core Surge","Conserve Battery","Core Surge","Pride","Normality","Pain","Cold Snap","Bite","Bite","Bite","Bite","Bite"],"relics":["Cracked Core","Pen Nib","Regal Pillow","The Courier","Calling Bell","Tiny Chest","Darkstone Periapt","Shovel"],"potions_floor_usage":[7,21],"damage_taken":[{"damage":1,"enemies":"Cultist","floor":1,"turns":3},{"damage":3,"enemies":"Jaw Worm","floor":3,"turns":4},{"damage":0,"enemies":"2 Louse","floor":5,"turns":3},{"damage":27,"enemies":"Exordium Thugs","floor":7,"turns":4},{"damage":13,"enemies":"Lots of Slimes","floor":11,"turns":6},{"damage":0,"enemies":"3 Sentries","floor":12,"turns":8},{"damage":8,"enemies":"Looter","floor":14,"turns":3},{"damage":0,"enemies":"Slime Boss","floor":16,"turns":13},{"damage":28,"enemies":"3 Byrds","floor":18,"turns":6},{"damage":25,"enemies":"Shell Parasite","floor":19,"turns":13},{"damage":29,"enemies":"Snake Plant","floor":21,"turns":2}],"seed_played":"-7913978617486767912","potions_obtained":[{"floor":1,"key":"PowerPotion"},{"floor":3,"key":"Ancient Potion"},{"floor":7,"key":"SneckoOil"},{"floor":14,"key":"Ancient Potion"},{"floor":18,"key":"Energy Potion"}],"is_trial":false,"path_per_floor":["M","T","M","?","M","R","M","R","T","R","M","E","?","M","R","B",null,"M","M","?"],"character_chosen":"DEFECT","items_purchased":[],"campfire_rested":2,"item_purchase_floors":[],"current_hp_per_floor":[67,67,64,49,49,49,22,44,44,44,31,31,31,23,60,60,71,43,18,18,0],"gold":446,"neow_bonus":"REMOVE_CARD","is_prod":false,"is_daily":false,"chose_seed":false,"campfire_upgraded":2,"win_rate":0,"timestamp":1530138399,"path_taken":["M","?","?","?","?","R","M","R","T","R","?","E","?","M","R","BOSS","M","M","?","M"],"build_version":"2018-06-21v2","purchased_purges":0,"victory":false,"max_hp_per_floor":[75,75,75,75,75,75,75,75,75,75,75,75,75,75,75,75,75,75,75,52,52],"card_choices":[{"not_picked":["Conserve Battery","Beam Cell"],"picked":"Defragment","floor":1},{"not_picked":["Redo","Barrage"],"picked":"Cold Snap","floor":3},{"not_picked":["Sweeping Beam","Undo"],"picked":"Reinforced Body","floor":5},{"not_picked":["Sweeping Beam","Beam Cell","Hologram"],"picked":"SKIP","floor":7},{"not_picked":["Skim","Leap"],"picked":"Coolheaded","floor":11},{"not_picked":["Lockon","Fusion"],"picked":"Core Surge","floor":12},{"not_picked":["Rip and Tear","Leap"],"picked":"Conserve Battery","floor":14},{"not_picked":["Buffer","All For One"],"picked":"Core Surge","floor":16},{"not_picked":["Beam Cell+1","Rip and Tear"],"picked":"Cold Snap","floor":18},{"not_picked":["Leap","Sweeping Beam","FTL+1"],"picked":"SKIP","floor":19}],"player_experience":409160,"relics_obtained":[{"floor":2,"key":"Pen Nib"},{"floor":9,"key":"Regal Pillow"},{"floor":12,"key":"The Courier"},{"floor":17,"key":"Tiny Chest"},{"floor":17,"key":"Darkstone Periapt"},{"floor":17,"key":"Shovel"}],"event_choices":[{"event_name":"Shining Light","player_choice":"Entered Light","floor":4,"damage_taken":0},{"event_name":"The Woman in Blue","player_choice":"Bought 0 Potions","floor":13,"damage_taken":0},{"event_name":"Vampires","player_choice":"Became a vampire","floor":20,"damage_taken":0}],"boss_relics":[{"not_picked":["Cursed Key","Snecko Eye"],"picked":"Calling Bell"}],"items_purged_floors":[],"is_endless":false,"potions_floor_spawned":[1,3,7,14,18],"killed_by":"Snake Plant","ascension_level":8}