{"gold_per_floor":[118,43,43,60,60,95,105,31,31,31,31,60,77,42,42,42],"floor_reached":16,"playtime":410,"items_purged":["Strike_G"],"score":266,"play_id":"32e0ec5a-58f7-4561-9d8c-70a34e860ba2","local_time":"20190204093516","is_ascension_mode":true,"campfire_choices":[{"data":"Catalyst","floor":10,"key":"SMITH"},{"data":"Crippling Poison","floor":15,"key":"SMITH"}],"neow_cost":"NONE","seed_source_timestamp":1067025720947801,"circlet_count":0,"master_deck":["AscendersBane","Defend_G","Defend_G","Defend_G","Defend_G","Defend_G","Strike_G","Strike_G","Strike_G","Strike_G","Survivor","Neutralize","Crippling Poison+1","Deadly Poison","Crippling Poison+1","Catalyst+1","Backstab","Calculated Gamble"],"relics":["Ring of the Snake","NeowsBlessing","Turnip","Blood Vial","Mercury Hourglass","Mummified Hand"],"potions_floor_usage":[12,16,16],"damage_taken":[{"damage":0,"enemies":"Cultist","floor":1,"turns":1},{"damage":0,"enemies":"2 Louse","floor":4,"turns":1},{"damage":0,"enemies":"Gremlin Nob","floor":6,"turns":1},{"damage":4,"enemies":"Jaw Worm","floor":7,"turns":4},{"damage":7,"enemies":"3 Sentries","floor":12,"turns":5},{"damage":8,"enemies":"Looter","floor":13,"turns":3},{"damage":62,"enemies":"Slime Boss","floor":16,"turns":8}],"seed_played":"-3459851979055244655","potions_obtained":[{"floor":4,"key":"Energy Potion"},{"floor":7,"key":"GamblersBrew"},{"floor":12,"key":"LiquidBronze"}],"is_trial":false,"path_per_floor":["M","$","?","M","?","E","M","$","T","R","?","E","M","?","R","B"],"character_chosen":"THE_SILENT","items_purchased":["Catalyst"],"campfire_rested":0,"item_purchase_floors":[8],"current_hp_per_floor":[59,59,59,59,48,48,46,46,46,46,46,41,35,51,51,0],"gold":42,"neow_bonus":"THREE_ENEMY_KILL","is_prod":false,"is_daily":false,"chose_seed":false,"campfire_upgraded":2,"win_rate":0,"timestamp":1549290916,"path_taken":["M","$","?","M","?","E","M","?","T","R","?","E","?","?","R","BOSS"],"build_version":"2019-01-23","purchased_purges":1,"victory":false,"max_hp_per_floor":[66,66,66,66,66,66,66,66,66,66,66,66,66,66,66,66],"card_choices":[{"not_picked":["PiercingWail","All Out Attack"],"picked":"Crippling Poison","floor":1},{"not_picked":["Dagger Throw","Dodge and Roll"],"picked":"Deadly Poison","floor":4},{"not_picked":["Dodge and Roll","Slice"],"picked":"Crippling Poison","floor":6},{"not_picked":["Deadly Poison","Sucker Punch","Dodge and Roll"],"picked":"SKIP","floor":7},{"not_picked":["Predator","Dagger Throw"],"picked":"Backstab","floor":12},{"not_picked":["Outmaneuver","Slice"],"picked":"Calculated Gamble","floor":13}],"player_experience":800971,"relics_obtained":[{"floor":6,"key":"Blood Vial"},{"floor":9,"key":"Mercury Hourglass"},{"floor":12,"key":"Mummified Hand"}],"event_choices":[{"damage_healed":0,"gold_gain":0,"player_choice":"Grow","damage_taken":0,"max_hp_gain":0,"max_hp_loss":0,"event_name":"Living Wall","floor":3,"gold_loss":0,"cards_upgraded":["Crippling Poison"]},{"damage_healed":0,"gold_gain":0,"player_choice":"Success","damage_taken":11,"relics_obtained":["Turnip"],"max_hp_gain":0,"max_hp_loss":0,"event_name":"Scrap Ooze","floor":5,"gold_loss":0},{"damage_healed":0,"gold_gain":0,"player_choice":"Got Potions","damage_taken":0,"max_hp_gain":0,"max_hp_loss":0,"event_name":"Lab","floor":11,"gold_loss":0},{"damage_healed":16,"gold_gain":0,"player_choice":"Healed","damage_taken":0,"max_hp_gain":0,"max_hp_loss":0,"event_name":"The Cleric","floor":14,"gold_loss":35}],"is_beta":false,"boss_relics":[],"items_purged_floors":[2],"is_endless":false,"potions_floor_spawned":[4,7,12,13],"killed_by":"Slime Boss","ascension_level":20}