{"path_per_floor":["M","?","?","M","$","R","$","M","T","?","M","?","R","M","R","B",null,"M","$","?","M","M","R","M","?","T"],"character_chosen":"THE_SILENT","items_purchased":["Noxious Fumes","Lantern","Poisoned Stab"],"gold_per_floor":[115,115,115,126,44,44,44,63,63,93,104,179,179,189,189,289,289,309,103,103,122,134,134,148,73,73],"floor_reached":27,"campfire_rested":2,"playtime":2088,"current_hp_per_floor":[68,65,65,65,65,65,65,60,60,52,52,41,62,62,62,41,70,59,59,59,19,4,25,18,18,18],"items_purged":[],"gold":73,"play_id":"292d1d06-c20f-4426-8ae0-762e92b0285c","is_prod":false,"is_daily":false,"campfire_rituals":0,"campfire_upgraded":2,"is_hardmode":false,"path_taken":["M","?","?","M","$","R","$","?","T","?","M","?","R","M","R","BOSS","M","?","?","M","M","R","M","?","T","?"],"build_version":"2017-12-21-PROD1","purchased_purges":0,"victory":false,"master_deck":["Defend_G","Defend_G","Defend_G","Defend_G","Defend_G","Strike_G","Strike_G","Strike_G","Strike_G","Survivor","Neutralize","Calculated Gamble","Dodge and Roll","Noxious Fumes","Footwork","Noxious Fumes","Sucker Punch","Footwork","Bullet Time","Calculated Gamble","Poisoned Stab","Noxious Fumes","Flying Knee","Predator"],"max_hp_per_floor":[70,70,70,70,70,70,70,70,70,70,70,70,70,70,70,70,70,70,70,70,70,70,70,70,70,70],"relics":["Ring of the Snake","Ginger","Tingsha","Odd Mushroom","Runic Pyramid","Lantern","Peace Pipe"],"campfire_meditates":0,"card_choices":[{"not_picked":["Prepared","Deflect"],"picked":"Calculated Gamble"},{"not_picked":["PiercingWail","Dodge and Roll"],"picked":"Flechettes"},{"not_picked":["Leg Sweep","Die Die Die"],"picked":"Footwork"},{"not_picked":["Riddle With Holes","Outmaneuver"],"picked":"Noxious Fumes"},{"not_picked":["Slice","Terror"],"picked":"Sucker Punch"},{"not_picked":["Malaise","Slice"],"picked":"Footwork"},{"not_picked":["Phantasmal Killer","Adrenaline"],"picked":"Bullet Time"},{"not_picked":["Dagger Spray","Deflect"],"picked":"Calculated Gamble"},{"not_picked":["Sucker Punch","Deadly Poison"],"picked":"Noxious Fumes"},{"not_picked":["Sucker Punch","Endless Agony"],"picked":"Flying Knee"},{"not_picked":["Deadly Poison","Poisoned Stab"],"picked":"Predator"}],"player_experience":9235,"potions_floor_usage":[],"damage_taken":[{"damage":2,"enemies":"Jaw Worm","floor":1,"turns":6},{"damage":0,"enemies":"Blue Slaver","floor":4,"turns":6},{"damage":5,"enemies":"Looter","floor":8,"turns":4},{"damage":8,"enemies":"The Mushroom Lair","floor":10,"turns":4},{"damage":0,"enemies":"2 Fungi Beasts","floor":11,"turns":3},{"damage":0,"enemies":"Large Slime","floor":14,"turns":7},{"damage":21,"enemies":"Hexaghost","floor":16,"turns":10},{"damage":11,"enemies":"Shell Parasite","floor":18,"turns":7},{"damage":40,"enemies":"Chosen","floor":21,"turns":7},{"damage":15,"enemies":"Snake Plant","floor":22,"turns":5},{"damage":7,"enemies":"Centurion and Healer","floor":24,"turns":7},{"damage":21,"enemies":"Slaver and Parasite","floor":27,"turns":3}],"event_choices":[{"event_name":"Scrap Ooze","player_choice":"success","floor":2,"damage_taken":3},{"event_name":"Living Wall","player_choice":"Change","floor":3,"damage_taken":0},{"event_name":"Mushrooms","player_choice":"Fought Mushrooms","floor":10,"damage_taken":0},{"event_name":"World of Goop","player_choice":"Gather Gold","floor":12,"damage_taken":0},{"event_name":"Cursed Tome","player_choice":"Ignored","floor":20,"damage_taken":0},{"event_name":"Beggar","player_choice":"Gave Gold","floor":25,"damage_taken":0}],"boss_relics":[{"not_picked":["Black Star","Cursed Key"],"picked":"Runic Pyramid"}],"potions_floor_spawned":[1,11,14,18,22],"seed_played":"6627148236622616573","killed_by":"Slaver and Parasite","is_trial":false}