{"gold_per_floor":[112,112,131,141,91,91,126,126,126,160,160,160,170,199,199,294,294,305,315,315,333,348,378,390,435,474,486,498,543,567,639,651,758,770,798,910,614,614,101,133,143,143,169,200,200,227,227,258,258,258,258,258,44,73,73],"floor_reached":55,"playtime":2758,"items_purged":["Defend_B","Defend_B"],"score":1103,"play_id":"1f8d268b-dd01-4911-81f8-3d33ccde9b97","local_time":"20190122133323","is_ascension_mode":true,"campfire_choices":[{"data":"Sunder","floor":6.0,"key":"SMITH"},{"floor":8.0,"key":"REST"},{"data":"Glacier","floor":11.0,"key":"SMITH"},{"data":"Defragment","floor":15.0,"key":"SMITH"},{"data":"Go for the Eyes","floor":24.0,"key":"SMITH"},{"floor":28.0,"key":"REST"},{"floor":32.0,"key":"REST"},{"floor":42.0,"key":"REST"},{"floor":45.0,"key":"RECALL"},{"floor":49.0,"key":"REST"},{"floor":52.0,"key":"REST"}],"neow_cost":"NONE","seed_source_timestamp":0,"circlet_count":0,"master_deck":["Defend_B","Defend_B","Zap","Dualcast","Ball Lightning","Glacier+1","Sunder+1","Defragment+1","Echo Form+1","Go for the Eyes+1","Beam Cell+1","Conserve Battery","Redo+1","Amplify","Leap+1","Loop","Self Repair","Defragment+1","White Noise+1","Creative AI"],"special_seed":0,"relics":["Empty Cage","Meat on the Bone","Singing Bowl","Mercury Hourglass","Dodecahedron","Inserter","MawBank","Red Mask","Molten Egg 2","Pocketwatch","Tiny Chest","Fusion Hammer","Gambling Chip","Juzu Bracelet","Oddly Smooth Stone","DollysMirror","Boot","Strawberry","Omamori","Ancient Tea Set","Bronze Scales","Centennial Puzzle"],"potions_floor_usage":[55,55],"damage_taken":[{"damage":17.0,"enemies":"Small Slimes","floor":1.0,"turns":5.0},{"damage":1.0,"enemies":"Cultist","floor":3.0,"turns":3.0},{"damage":5.0,"enemies":"2 Louse","floor":4.0,"turns":3.0},{"damage":13.0,"enemies":"Lagavulin","floor":7.0,"turns":12.0},{"damage":0.0,"enemies":"3 Sentries","floor":10.0,"turns":6.0},{"damage":0.0,"enemies":"Looter","floor":13.0,"turns":3.0},{"damage":10.0,"enemies":"Lagavulin","floor":14.0,"turns":6.0},{"damage":7.0,"enemies":"The Guardian","floor":16.0,"turns":8.0},{"damage":0.0,"enemies":"Spheric Guardian","floor":18.0,"turns":4.0},{"damage":21.0,"enemies":"3 Byrds","floor":19.0,"turns":6.0},{"damage":0.0,"enemies":"Snecko","floor":21.0,"turns":5.0},{"damage":14.0,"enemies":"Chosen and Byrds","floor":22.0,"turns":7.0},{"damage":13.0,"enemies":"Gremlin Leader","floor":23.0,"turns":6.0},{"damage":1.0,"enemies":"Masked Bandits","floor":25.0,"turns":4.0},{"damage":26.0,"enemies":"Slavers","floor":29.0,"turns":6.0},{"damage":14.0,"enemies":"Centurion and Healer","floor":30.0,"turns":7.0},{"damage":0.0,"enemies":"Book of Stabbing","floor":31.0,"turns":6.0},{"damage":0.0,"enemies":"Champ","floor":33.0,"turns":9.0},{"damage":7.0,"enemies":"Orb Walker","floor":35.0,"turns":5.0},{"damage":30.0,"enemies":"Mind Bloom Boss Battle","floor":36.0,"turns":8.0},{"damage":0.0,"enemies":"Giant Head","floor":40.0,"turns":9.0},{"damage":13.0,"enemies":"3 Darklings","floor":41.0,"turns":5.0},{"damage":31.0,"enemies":"Reptomancer","floor":44.0,"turns":8.0},{"damage":0.0,"enemies":"Giant Head","floor":46.0,"turns":11.0},{"damage":51.0,"enemies":"Nemesis","floor":48.0,"turns":7.0},{"damage":35.0,"enemies":"Awakened One","floor":50.0,"turns":12.0},{"damage":47.0,"enemies":"Shield and Spear","floor":54.0,"turns":7.0},{"damage":81,"enemies":"The Heart","floor":55,"turns":3}],"seed_played":"214122541887629971","potions_obtained":[{"floor":4.0,"key":"Swift Potion"},{"floor":10.0,"key":"FocusPotion"},{"floor":13.0,"key":"Weak Potion"},{"floor":14.0,"key":"Energy Potion"},{"floor":29.0,"key":"AttackPotion"},{"floor":35.0,"key":"FearPotion"},{"floor":41.0,"key":"SteroidPotion"},{"floor":44.0,"key":"EssenceOfSteel"},{"floor":54.0,"key":"Poison Potion"}],"is_trial":false,"path_per_floor":["M","?","M","M","?","R","E","R","T","E","R","?","M","E","R","B",null,"M","M","?","M","M","E","R","?","T","?","R","E","M","E","R","B",null,"M","?","$","?","$","E","M","R","T","E","R","E","?","E","R","B",null,"R","$","E","B"],"character_chosen":"DEFECT","items_purchased":["Juzu Bracelet","Loop","Self Repair","Oddly Smooth Stone","DollysMirror","Creative AI","EssenceOfSteel"],"campfire_rested":6,"item_purchase_floors":[37,37,39,39,39,53,53],"current_hp_per_floor":[58,58,57,52,52,52,39,61,61,63,63,63,63,55,55,48,79,79,60,60,60,48,47,47,48,48,48,73,47,47,49,75,75,89,82,54,54,54,54,70,66,94,101,86,86,93,93,70,100,72,101,101,101,63,0],"gold":73,"neow_bonus":"BOSS_RELIC","is_prod":false,"is_daily":false,"chose_seed":false,"campfire_upgraded":4,"win_rate":0,"timestamp":1548182003,"path_taken":["M","?","?","M","?","R","E","R","T","E","R","?","M","E","R","BOSS","M","M","?","?","?","E","R","?","T","?","R","E","M","E","R","BOSS","M","?","$","?","$","E","M","R","T","E","R","E","?","E","R","BOSS","R","$","E","BOSS"],"build_version":"2019-01-17v2","purchased_purges":2,"victory":false,"max_hp_per_floor":[75,75,75,75,75,75,75,75,75,77,77,77,77,79,79,79,79,79,81,81,81,83,83,83,85,85,85,85,85,87,89,89,89,89,89,91,91,91,91,93,95,95,102,104,104,104,99,101,101,101,101,101,101,103,103],"card_choices":[{"not_picked":["Streamline","Hologram"],"picked":"Ball Lightning","floor":1.0},{"not_picked":["Sweeping Beam","Sunder"],"picked":"Glacier","floor":3.0},{"not_picked":["Fusion","Coolheaded"],"picked":"Sunder","floor":4.0},{"not_picked":["Steam","Scrape","Recycle"],"picked":"SKIP","floor":7.0},{"not_picked":["Streamline","Chill","Sunder"],"picked":"Singing Bowl","floor":10.0},{"not_picked":["Tempest","Cold Snap"],"picked":"Defragment","floor":13.0},{"not_picked":["Turbo","Barrage","Stack"],"picked":"Singing Bowl","floor":14.0},{"not_picked":["Thunder Strike","Fission"],"picked":"Echo Form","floor":16.0},{"not_picked":["Turbo","Leap"],"picked":"Go for the Eyes","floor":18.0},{"not_picked":["Streamline","Sweeping Beam","Gash"],"picked":"Singing Bowl","floor":19.0},{"not_picked":["Chaos","Coolheaded"],"picked":"Beam Cell+1","floor":21.0},{"not_picked":["Go for the Eyes","Barrage","Compile Driver"],"picked":"Singing Bowl","floor":22.0},{"not_picked":["Seek","Compile Driver"],"picked":"Conserve Battery","floor":23.0},{"not_picked":["Sweeping Beam+1","Skim+1","Go for the Eyes+1"],"picked":"Singing Bowl","floor":25.0},{"not_picked":["Leap+1","Compile Driver+1"],"picked":"Redo+1","floor":29.0},{"not_picked":["Recycle","Redo","Thunder Strike+1"],"picked":"Singing Bowl","floor":30.0},{"not_picked":["Cold Snap+1","Multi-Cast","Lockon+1"],"picked":"Singing Bowl","floor":31.0},{"not_picked":["Echo Form","Hyperbeam+1"],"picked":"Amplify","floor":33.0},{"not_picked":["Genetic Algorithm","Sunder+1"],"picked":"Leap+1","floor":35.0},{"not_picked":["Redo","Turbo","Hologram+1"],"picked":"Singing Bowl","floor":36.0},{"not_picked":["Sunder+1","Compile Driver+1","Skim+1"],"picked":"Singing Bowl","floor":40.0},{"not_picked":["Turbo","Conserve Battery","Hello World"],"picked":"Singing Bowl","floor":41.0},{"not_picked":["Gash+1","Turbo","BootSequence+1"],"picked":"Singing Bowl","floor":44.0},{"not_picked":["Chill+1","Reprogram"],"picked":"White Noise+1","floor":46.0},{"not_picked":["Gash+1","Hologram","Redo+1"],"picked":"Singing Bowl","floor":48.0},{"not_picked":["Cold Snap+1","Multi-Cast","Sweeping Beam+1"],"picked":"Singing Bowl","floor":54.0}],"player_experience":106153,"relics_obtained":[{"floor":7.0,"key":"Meat on the Bone"},{"floor":9.0,"key":"Singing Bowl"},{"floor":10.0,"key":"Mercury Hourglass"},{"floor":14.0,"key":"Dodecahedron"},{"floor":23.0,"key":"MawBank"},{"floor":25.0,"key":"Red Mask"},{"floor":29.0,"key":"Pocketwatch"},{"floor":31.0,"key":"Tiny Chest"},{"floor":36.0,"key":"Gambling Chip"},{"floor":40.0,"key":"Boot"},{"floor":43.0,"key":"Strawberry"},{"floor":44.0,"key":"Omamori"},{"floor":46.0,"key":"Ancient Tea Set"},{"floor":48.0,"key":"Bronze Scales"},{"floor":54.0,"key":"Centennial Puzzle"}],"event_choices":[{"cards_removed":["Strike_B"],"damage_healed":0.0,"max_hp_gain":0.0,"max_hp_loss":0.0,"gold_gain":0.0,"event_name":"Purifier","player_choice":"Purged","floor":2.0,"gold_loss":0.0,"damage_taken":0.0},{"cards_removed":["Strike_B"],"damage_healed":0.0,"max_hp_gain":0.0,"max_hp_loss":0.0,"gold_gain":0.0,"event_name":"The Cleric","player_choice":"Card Removal","floor":5.0,"gold_loss":50.0,"damage_taken":0.0},{"damage_healed":0.0,"max_hp_gain":0.0,"max_hp_loss":0.0,"gold_gain":0.0,"event_name":"Shining Light","player_choice":"Ignored","floor":12.0,"gold_loss":0.0,"damage_taken":0.0},{"damage_healed":0.0,"max_hp_gain":0.0,"max_hp_loss":0.0,"gold_gain":0.0,"event_name":"Upgrade Shrine","player_choice":"Upgraded","floor":20.0,"gold_loss":0.0,"damage_taken":0.0,"cards_upgraded":["Echo Form"]},{"damage_healed":0.0,"max_hp_gain":0.0,"max_hp_loss":0.0,"gold_gain":0.0,"event_name":"Masked Bandits","player_choice":"Fought Bandits","floor":25.0,"gold_loss":0.0,"damage_taken":0.0},{"damage_healed":0.0,"max_hp_gain":0.0,"max_hp_loss":0.0,"gold_gain":0.0,"event_name":"The Mausoleum","player_choice":"Opened","floor":27.0,"gold_loss":0.0,"damage_taken":0.0,"relics_obtained":["Molten Egg 2"]},{"damage_healed":0.0,"max_hp_gain":0.0,"max_hp_loss":0.0,"gold_gain":0.0,"event_name":"MindBloom","player_choice":"Fight","floor":36.0,"gold_loss":0.0,"damage_taken":0.0},{"damage_healed":0.0,"max_hp_gain":0.0,"max_hp_loss":0.0,"gold_gain":0.0,"event_name":"The Woman in Blue","player_choice":"Bought 0 Potions","floor":38.0,"gold_loss":0.0,"damage_taken":0.0},{"damage_healed":0.0,"max_hp_gain":0.0,"max_hp_loss":5.0,"gold_gain":0.0,"event_name":"Winding Halls","player_choice":"Max HP","floor":47.0,"gold_loss":0.0,"damage_taken":0.0}],"is_beta":false,"boss_relics":[{"not_picked":["Busted Crown","Ectoplasm"],"picked":"Inserter"},{"not_picked":["Calling Bell","Tiny House"],"picked":"Fusion Hammer"}],"items_purged_floors":[37,39],"is_endless":false,"potions_floor_spawned":[4,10,13,14,16,18,29,30,35,41,44,54],"killed_by":"The Heart","ascension_level":2}