{"path_per_floor":["M","?","M","?","M","R","E","R","T","M","M","M","$","M","R","B",null,"M","?","?","M","T","E","R","E","T","$","R","?","?","M","R","B",null,"M","?","?","M","?","R","M","?","T","E","R","M","E","M","R"],"character_chosen":"IRONCLAD","items_purchased":["Bag of Marbles","Inflame","Seeing Red"],"gold_per_floor":[109,109,129,129,149,149,180,180,233,243,259,272,40,60,60,161,161,181,106,106,119,144,173,173,207,207,52,52,52,52,68,68,170,170,186,186,186,200,0,0,20,20,69,95,95,108,136,151,151],"floor_reached":50,"campfire_rested":3,"playtime":2174,"current_hp_per_floor":[80,80,80,73,79,79,54,54,54,59,65,71,71,77,77,51,80,80,80,56,41,41,41,41,27,27,27,43,43,34,30,30,25,77,63,53,53,24,24,62,30,67,67,61,61,39,38,32,67],"items_purged":["Defend_R"],"gold":151,"score":567,"play_id":"942c5cc8-ea0a-4bb7-9832-6c52982e67cf","is_prod":false,"is_daily":false,"is_ascension_mode":false,"campfire_upgraded":6,"path_taken":["M","?","M","?","M","R","E","R","T","M","?","?","$","M","R","BOSS","M","?","?","?","?","E","R","E","T","$","R","?","?","M","R","BOSS","M","?","?","?","?","R","M","?","T","E","R","M","E","M","R","BOSS"],"build_version":"2018-02-08-PROD1","purchased_purges":3,"victory":false,"master_deck":["Defend_R","Defend_R+1","Bash+1","Armaments+1","Heavy Blade+1","Twin Strike","Havoc","Rampage+1","Clothesline+1","Flex","Battle Trance+1","Inflame+1","Heavy Blade+1","Fiend Fire+1","Sword Boomerang+1","Bite+1","Bite+1","Bite+1","Bite+1","Headbutt+1","Dual Wield+1","Flex+1","Seeing Red+1","Intimidate","Doubt","Madness","Madness+1","Metallicize","Battle Trance+1","Heavy Blade+1","Heavy Blade+1","Pummel+1","Havoc+1"],"max_hp_per_floor":[80,80,80,80,80,80,80,80,80,80,80,80,80,80,80,80,80,80,80,56,56,56,56,56,56,56,56,56,56,61,61,61,61,77,77,77,77,77,77,77,77,67,67,67,67,67,67,67,67],"relics":["Burning Blood","Torii","Molten Egg 2","Lantern","Bag of Marbles","Black Star","Omamori","Dodecahedron","Darkstone Periapt","War Paint","Bronze Scales","Ginger","Calling Bell","Pear","Regal Pillow","Prayer Wheel","Red Mask","Blood Vial","Oddly Smooth Stone","Pen Nib","Champion Belt","Charon\u0027s Ashes"],"card_choices":[{"not_picked":["Spot Weakness","True Grit"],"picked":"Armaments"},{"not_picked":["Wild Strike","Reckless Charge"],"picked":"Twin Strike"},{"not_picked":["Wild Strike","Hemokinesis"],"picked":"Havoc"},{"not_picked":["Corruption","Shrug It Off"],"picked":"Rampage"},{"not_picked":["Fire Breathing","Twin Strike"],"picked":"Clothesline"},{"not_picked":["Wild Strike","Clothesline"],"picked":"Flex"},{"not_picked":["Reckless Charge","Blood for Blood"],"picked":"Battle Trance"},{"not_picked":["Dark Embrace","Perfected Strike"],"picked":"Heavy Blade"},{"not_picked":["Dark Embrace","Brutality"],"picked":"Fiend Fire"},{"not_picked":["Armaments","Thunderclap"],"picked":"Sword Boomerang"},{"not_picked":["Wild Strike","Anger"],"picked":"Headbutt"},{"not_picked":["Armaments","Searing Blow"],"picked":"Dual Wield"},{"not_picked":["Sword Boomerang","Dual Wield"],"picked":"Flex"},{"not_picked":["Body Slam","Anger"],"picked":"Intimidate"},{"not_picked":["Wild Strike","Rupture"],"picked":"Metallicize"},{"not_picked":["Clothesline","Corruption"],"picked":"Battle Trance"},{"not_picked":["Reckless Charge","Shockwave"],"picked":"Heavy Blade"},{"not_picked":["Disarm","Twin Strike"],"picked":"Heavy Blade"},{"not_picked":["Battle Trance","Burning Pact"],"picked":"Pummel"},{"not_picked":["Clothesline","Anger"],"picked":"Havoc"}],"player_experience":56782,"potions_floor_usage":[7,23,23,25,33,33,44,47,47,50],"damage_taken":[{"damage":2,"enemies":"Cultist","floor":1,"turns":4},{"damage":1,"enemies":"2 Louse","floor":3,"turns":3},{"damage":0,"enemies":"Small Slimes","floor":5,"turns":2},{"damage":31,"enemies":"Lagavulin","floor":7,"turns":5},{"damage":1,"enemies":"3 Louse","floor":10,"turns":3},{"damage":0,"enemies":"Exordium Wildlife","floor":11,"turns":3},{"damage":0,"enemies":"Exordium Thugs","floor":12,"turns":3},{"damage":0,"enemies":"Lots of Slimes","floor":14,"turns":4},{"damage":32,"enemies":"The Guardian","floor":16,"turns":6},{"damage":0,"enemies":"Spheric Guardian","floor":18,"turns":2},{"damage":27,"enemies":"2 Thieves","floor":21,"turns":3},{"damage":27,"enemies":"Gremlin Leader","floor":23,"turns":4},{"damage":23,"enemies":"Book of Stabbing","floor":25,"turns":5},{"damage":13,"enemies":"Centurion and Healer","floor":31,"turns":3},{"damage":47,"enemies":"Champ","floor":33,"turns":8},{"damage":20,"enemies":"Orb Walker","floor":35,"turns":3},{"damage":44,"enemies":"3 Darklings","floor":38,"turns":5},{"damage":47,"enemies":"4 Shapes","floor":41,"turns":3},{"damage":18,"enemies":"Giant Head","floor":44,"turns":5},{"damage":33,"enemies":"Sphere and 2 Shapes","floor":46,"turns":4},{"damage":18,"enemies":"Nemesis","floor":47,"turns":5},{"damage":20,"enemies":"3 Darklings","floor":48,"turns":3},{"damage":87,"enemies":"Donu and Deca","floor":50,"turns":4}],"event_choices":[{"event_name":"Living Wall","player_choice":"Change","floor":2,"damage_taken":0},{"event_name":"Golden Wing","player_choice":"Card Removal","floor":4,"damage_taken":0},{"event_name":"Beggar","player_choice":"Gave Gold","floor":19,"damage_taken":0},{"event_name":"Vampires","player_choice":"Became a vampire","floor":20,"damage_taken":0},{"event_name":"Back to Basics","player_choice":"Elegance","floor":29,"damage_taken":0},{"event_name":"Forgotten Altar","player_choice":"Shed Blood","floor":30,"damage_taken":0},{"event_name":"Winding Halls","player_choice":"Embrace Madness","floor":36,"damage_taken":0},{"event_name":"Tomb of Lord Red Mask","player_choice":"Paid","floor":39,"damage_taken":0},{"event_name":"The Moai Head","player_choice":"Heal","floor":42,"damage_taken":0}],"boss_relics":[{"not_picked":["Philosopher\u0027s Stone","Runic Dome"],"picked":"Black Star"},{"not_picked":["Lizard Tail","Mark of Pain"],"picked":"Calling Bell"}],"potions_floor_spawned":[3,5,11,21,25,31,35,38,46,48],"seed_played":"2500185656888997986","killed_by":"Donu and Deca","ascension_level":0,"is_trial":false}