{"path_per_floor":["M","?","$","?","M","M","R","M","T","M","R","M","M","M","R","B",null,"M","$","?","?","M","R","E","T","T","M","M","?","?","M","R","B",null,"M","M","M","$","M","R"],"character_chosen":"IRONCLAD","items_purchased":["Inflame","Flex","Flex","Flash of Steel","Red Skull","Infernal Blade"],"gold_per_floor":[109,109,21,21,37,47,47,58,58,73,73,85,99,110,110,206,206,222,94,94,94,106,106,141,165,219,234,253,253,253,268,268,365,395,414,432,448,89,101,101],"floor_reached":41,"campfire_rested":2,"playtime":2348,"current_hp_per_floor":[80,80,80,80,80,79,79,68,68,64,64,58,43,49,73,11,80,80,80,80,80,65,65,38,38,38,48,40,40,66,63,63,19,85,69,72,72,72,29,54],"items_purged":[],"gold":101,"play_id":"eaa53274-c97d-4616-bc66-0b501fb318c2","is_prod":false,"is_daily":false,"campfire_rituals":0,"campfire_upgraded":3,"is_hardmode":false,"path_taken":["M","?","?","?","M","M","R","M","T","M","R","?","?","M","R","BOSS","M","$","?","?","M","R","E","?","T","M","?","?","?","M","R","BOSS","M","M","M","$","M","R","E"],"build_version":"2017-12-21-PROD1","purchased_purges":0,"victory":false,"master_deck":["Strike_R","Strike_R","Strike_R","Strike_R","Strike_R","Defend_R","Defend_R","Defend_R","Defend_R","Bash","Flex","Inflame","Flex","Heavy Blade","Sword Boomerang","Seeing Red","Whirlwind","Heavy Blade","Impervious","Battle Trance","Flex","Flash of Steel","Spot Weakness","Headbutt","Spot Weakness","Sword Boomerang","Double Tap","Sword Boomerang","Spot Weakness","Warcry","Infernal Blade","Warcry"],"max_hp_per_floor":[80,80,80,80,80,80,80,80,80,80,80,80,80,80,80,80,80,80,80,80,80,80,80,80,80,80,80,80,80,80,80,80,80,85,85,85,85,85,85,85],"relics":["Black Blood","Vajra","Pen Nib","Girya","Omamori","Whetstone","Tiny House","Red Skull"],"campfire_meditates":0,"card_choices":[{"not_picked":["Double Tap","Clash"],"picked":"Flex"},{"not_picked":["Corruption","Pommel Strike"],"picked":"Heavy Blade"},{"not_picked":["Shrug It Off","Searing Blow"],"picked":"Sword Boomerang"},{"not_picked":["Rage","Sever Soul"],"picked":"Seeing Red"},{"not_picked":["True Grit","Pommel Strike"],"picked":"Whirlwind"},{"not_picked":["Bloodletting","Rampage"],"picked":"Heavy Blade"},{"not_picked":["Offering","Barricade"],"picked":"Impervious"},{"not_picked":["Anger","Perfected Strike"],"picked":"Battle Trance"},{"not_picked":["Flame Barrier","Perfected Strike"],"picked":"Spot Weakness"},{"not_picked":["Seeing Red","Reckless Charge"],"picked":"Headbutt"},{"not_picked":["Warcry","Dropkick"],"picked":"Spot Weakness"},{"not_picked":["Shrug It Off","Rage"],"picked":"Sword Boomerang"},{"not_picked":["Bludgeon","Brutality"],"picked":"Double Tap"},{"not_picked":["Searing Blow","Seeing Red"],"picked":"Sword Boomerang"},{"not_picked":["Dropkick","Fire Breathing"],"picked":"Spot Weakness"},{"not_picked":["Battle Trance","Rupture"],"picked":"Warcry"},{"not_picked":["Blood for Blood","Reckless Charge"],"picked":"Warcry"}],"player_experience":16007,"potions_floor_usage":[],"damage_taken":[{"damage":1,"enemies":"Jaw Worm","floor":1,"turns":4},{"damage":1,"enemies":"Cultist","floor":5,"turns":4},{"damage":7,"enemies":"Blue Slaver","floor":6,"turns":3},{"damage":17,"enemies":"3 Louse","floor":8,"turns":3},{"damage":10,"enemies":"Large Slime","floor":10,"turns":3},{"damage":12,"enemies":"Exordium Thugs","floor":12,"turns":3},{"damage":21,"enemies":"Gremlin Gang","floor":13,"turns":4},{"damage":0,"enemies":"2 Fungi Beasts","floor":14,"turns":1},{"damage":68,"enemies":"The Guardian","floor":16,"turns":9},{"damage":10,"enemies":"2 Thieves","floor":18,"turns":3},{"damage":25,"enemies":"Spheric Guardian","floor":22,"turns":4},{"damage":37,"enemies":"Book of Stabbing","floor":24,"turns":4},{"damage":0,"enemies":"Snecko","floor":27,"turns":3},{"damage":18,"enemies":"Sentry and Sphere","floor":28,"turns":3},{"damage":13,"enemies":"Chosen and Byrds","floor":31,"turns":4},{"damage":54,"enemies":"Collector","floor":33,"turns":8},{"damage":26,"enemies":"3 Shapes","floor":35,"turns":3},{"damage":7,"enemies":"Orb Walker","floor":36,"turns":3},{"damage":10,"enemies":"Maw","floor":37,"turns":6},{"damage":53,"enemies":"Sphere and 2 Shapes","floor":39,"turns":5},{"damage":54,"enemies":"Nemesis","floor":41,"turns":6}],"event_choices":[{"event_name":"Living Wall","player_choice":"Grow","floor":2,"damage_taken":0},{"event_name":"The Cleric","player_choice":"Leave","floor":4,"damage_taken":0},{"event_name":"Upgrade Shrine","player_choice":"Upgraded","floor":20,"damage_taken":0},{"event_name":"Drug Dealer","player_choice":"Ignored","floor":21,"damage_taken":0},{"event_name":"Back to Basics","player_choice":"Simplicity","floor":29,"damage_taken":0},{"event_name":"The Library","player_choice":"Heal","floor":30,"damage_taken":0}],"boss_relics":[{"not_picked":["Runic Dome","Velvet Choker"],"picked":"Black Blood"},{"not_picked":["Snecko Eye","Philosopher\u0027s Stone"],"picked":"Tiny House"}],"potions_floor_spawned":[1,5,6,14,16,18,24,33],"seed_played":"5139230564022288011","killed_by":"Nemesis","is_trial":false}