{"gold_per_floor":[15,15,15,33,50,50,75,88,141,141,176,176,196,213,213,290,290,306,306,326,336,353,386,386,414,461,22,22,42,42,70,70,147,147,165,176,76,92,42,42,61,61],"floor_reached":42,"playtime":2818,"items_purged":["Strike_B","Zap"],"score":1040,"play_id":"50ff1adf-ea96-40ae-a621-44032a744b54","local_time":"20190127174838","is_ascension_mode":true,"campfire_choices":[{"data":"Biased Cognition","floor":6.0,"key":"SMITH"},{"floor":10.0,"key":"REST"},{"data":"Buffer","floor":15.0,"key":"SMITH"},{"floor":24.0,"key":"REST"},{"floor":28,"key":"REST"},{"data":"Seek","floor":32,"key":"SMITH"},{"floor":40,"key":"REST"}],"neow_cost":"NO_GOLD","seed_source_timestamp":0,"circlet_count":0,"master_deck":["AscendersBane","Dualcast","Self Repair","Biased Cognition+1","Ball Lightning","Genetic Algorithm","Ball Lightning","Reinforced Body","Ball Lightning","Undo","Buffer+1","Glacier","Seek+1","Coolheaded","Chaos+1","Coolheaded","Core Surge","Capacitor+1","BootSequence","Blizzard","Machine Learning+1","Double Energy","Hologram+1","Compile Driver","Creative AI+1","Turbo"],"special_seed":0,"relics":["Cracked Core","Pen Nib","Centennial Puzzle","Tiny Chest","Mercury Hourglass","Velvet Choker","Blood Vial","Bottled Tornado","PreservedInsect","Frozen Egg 2","Regal Pillow","Pandora\u0027s Box"],"potions_floor_usage":[41,42],"damage_taken":[{"damage":1.0,"enemies":"2 Louse","floor":1.0,"turns":3.0},{"damage":14.0,"enemies":"Small Slimes","floor":4.0,"turns":3.0},{"damage":1.0,"enemies":"Cultist","floor":5.0,"turns":3.0},{"damage":19.0,"enemies":"Lagavulin","floor":7.0,"turns":4.0},{"damage":8.0,"enemies":"Large Slime","floor":8.0,"turns":4.0},{"damage":8.0,"enemies":"Gremlin Nob","floor":11.0,"turns":3.0},{"damage":5.0,"enemies":"Exordium Thugs","floor":13.0,"turns":4.0},{"damage":3.0,"enemies":"Red Slaver","floor":14.0,"turns":2.0},{"damage":18.0,"enemies":"Slime Boss","floor":16.0,"turns":6.0},{"damage":0.0,"enemies":"Chosen","floor":18.0,"turns":5.0},{"damage":1.0,"enemies":"2 Thieves","floor":20.0,"turns":3.0},{"damage":11.0,"enemies":"3 Cultists","floor":21.0,"turns":4.0},{"damage":1.0,"enemies":"Centurion and Healer","floor":22.0,"turns":7.0},{"damage":43.0,"enemies":"Gremlin Leader","floor":23.0,"turns":7.0},{"damage":21.0,"enemies":"Slavers","floor":25.0,"turns":6.0},{"damage":0,"enemies":"Cultist and Chosen","floor":29,"turns":5},{"damage":8,"enemies":"Gremlin Leader","floor":31,"turns":8},{"damage":0,"enemies":"Collector","floor":33,"turns":14},{"damage":34,"enemies":"3 Darklings","floor":35,"turns":7},{"damage":0,"enemies":"Orb Walker","floor":36,"turns":6},{"damage":25,"enemies":"Writhing Mass","floor":38,"turns":9},{"damage":45,"enemies":"Jaw Worm Horde","floor":41,"turns":7},{"damage":68,"enemies":"Reptomancer","floor":42,"turns":4}],"seed_played":"-4829611992407115992","potions_obtained":[{"floor":4.0,"key":"Regen Potion"},{"floor":5.0,"key":"Dexterity Potion"},{"floor":14.0,"key":"SkillPotion"},{"floor":16.0,"key":"Energy Potion"}],"is_trial":false,"path_per_floor":["M","?","?","M","M","R","E","M","T","R","E","?","M","M","R","B",null,"M","?","M","M","M","E","R","E","T","$","R","M","?","E","R","B",null,"M","M","$","M","?","R","M","E"],"character_chosen":"DEFECT","items_purchased":["Frozen Egg 2","Capacitor+1"],"campfire_rested":4,"item_purchase_floors":[27,27],"current_hp_per_floor":[63,58,58,51,57,57,45,44,44,65,64,64,66,70,70,59,68,71,71,71,67,71,35,56,44,44,44,65,71,71,70,70,71,71,44,53,53,37,37,71,33,0],"gold":61,"neow_bonus":"REMOVE_TWO","is_prod":false,"is_daily":false,"chose_seed":false,"campfire_upgraded":3,"win_rate":0,"timestamp":1548629318,"path_taken":["M","?","?","M","M","R","E","?","T","R","E","?","M","M","R","BOSS","M","?","M","?","M","E","R","E","T","$","R","M","?","E","R","BOSS","M","M","?","M","?","R","M","E"],"build_version":"2019-01-23","purchased_purges":2,"victory":false,"max_hp_per_floor":[71,71,71,71,71,71,71,71,71,71,71,71,71,71,71,71,71,71,71,71,71,71,71,71,71,71,71,71,71,71,71,71,71,71,71,71,71,71,71,71,71,71],"card_choices":[{"not_picked":["Beam Cell","Stack"],"picked":"Self Repair","floor":1.0},{"not_picked":["Sweeping Beam","Heatsinks"],"picked":"Genetic Algorithm","floor":4.0},{"not_picked":["Go for the Eyes","Genetic Algorithm"],"picked":"Ball Lightning","floor":5.0},{"not_picked":["Beam Cell","Redo"],"picked":"Reinforced Body","floor":7.0},{"not_picked":["Turbo","Sunder"],"picked":"Ball Lightning","floor":8.0},{"not_picked":["Barrage","Undo","Double Energy"],"picked":"SKIP","floor":11.0},{"not_picked":["Barrage","Double Energy"],"picked":"Undo","floor":11.0},{"not_picked":["Static Discharge","Auto Shields"],"picked":"Buffer","floor":13.0},{"not_picked":["Fusion","Redo"],"picked":"Glacier","floor":14.0},{"not_picked":["Fission","Thunder Strike"],"picked":"Seek","floor":16.0},{"not_picked":["Aggregate","Scrape","Redo+1"],"picked":"SKIP","floor":18.0},{"not_picked":["Steam","Consume"],"picked":"Coolheaded","floor":20.0},{"not_picked":["Skim+1","Go for the Eyes"],"picked":"Chaos+1","floor":21.0},{"not_picked":["Turbo","Ball Lightning+1"],"picked":"Coolheaded","floor":22.0},{"not_picked":["Meteor Strike","Beam Cell+1","Fusion"],"picked":"SKIP","floor":23.0},{"not_picked":["Gash","Coolheaded+1"],"picked":"Core Surge","floor":25.0},{"not_picked":["Stack","Redo","Sweeping Beam"],"picked":"SKIP","floor":29},{"not_picked":["Hologram","Conserve Battery"],"picked":"Blizzard","floor":31},{"not_picked":["All For One","Seek"],"picked":"Machine Learning+1","floor":33},{"not_picked":["Cold Snap","Steam","Turbo+1"],"picked":"SKIP","floor":35},{"not_picked":["Stack+1","Recycle","Conserve Battery"],"picked":"SKIP","floor":36},{"not_picked":["Lockon","Steam","Gash+1"],"picked":"SKIP","floor":38},{"not_picked":["Recycle","Sweeping Beam","Rip and Tear"],"picked":"SKIP","floor":41}],"player_experience":771182,"relics_obtained":[{"floor":7.0,"key":"Centennial Puzzle"},{"floor":9.0,"key":"Tiny Chest"},{"floor":11.0,"key":"Mercury Hourglass"},{"floor":23.0,"key":"Blood Vial"},{"floor":25.0,"key":"Bottled Tornado"},{"floor":26.0,"key":"PreservedInsect"},{"floor":31,"key":"Regal Pillow"}],"event_choices":[{"damage_healed":0.0,"max_hp_gain":0.0,"max_hp_loss":0.0,"gold_gain":0.0,"event_name":"Scrap Ooze","player_choice":"Success","floor":2.0,"gold_loss":0.0,"damage_taken":5.0,"relics_obtained":["Pen Nib"]},{"damage_healed":0.0,"max_hp_gain":0.0,"max_hp_loss":0.0,"gold_gain":0.0,"event_name":"Match and Keep!","player_choice":"2 cards matched","floor":3.0,"gold_loss":0.0,"damage_taken":0.0,"cards_obtained":["Biased Cognition","Ball Lightning"]},{"damage_healed":0.0,"max_hp_gain":0.0,"max_hp_loss":0.0,"gold_gain":0.0,"event_name":"Liars Game","player_choice":"Ignored","floor":12.0,"gold_loss":0.0,"damage_taken":0.0},{"damage_healed":0.0,"max_hp_gain":0.0,"max_hp_loss":0.0,"gold_gain":0.0,"event_name":"Match and Keep!","player_choice":"0 cards matched","floor":19.0,"gold_loss":0.0,"damage_taken":0.0,"cards_obtained":[]},{"damage_healed":0,"gold_gain":0,"player_choice":"1 cards matched","damage_taken":0,"max_hp_gain":0,"max_hp_loss":0,"event_name":"Match and Keep!","floor":30,"gold_loss":0,"cards_obtained":["BootSequence"]},{"damage_healed":0,"gold_gain":0,"player_choice":"Upgrade","damage_taken":0,"max_hp_gain":0,"max_hp_loss":0,"event_name":"Designer","floor":39,"gold_loss":50,"cards_upgraded":["Hologram"]}],"is_beta":false,"boss_relics":[{"not_picked":["Empty Cage","Calling Bell"],"picked":"Velvet Choker"},{"not_picked":["Tiny House","Orrery"],"picked":"Pandora\u0027s Box"}],"items_purged_floors":[27,37],"is_endless":false,"potions_floor_spawned":[4,5,8,14,16,18,21,29,35,36],"killed_by":"Reptomancer","ascension_level":20}