{"path_per_floor":["M","M","?","?","T","R","$","E","T","$","R","M","$","M","R","B",null,"M","M","?","?","?","E","R","E","T","M","E","M","M","$","R","B",null,"M","M","M","?"],"character_chosen":"DEFECT","items_purchased":["Orichalcum","Shuriken"],"gold_per_floor":[213,228,292,292,292,292,69,103,127,27,27,46,46,65,65,161,161,176,195,110,110,110,139,139,194,242,261,286,298,309,70,70,166,166,182,196,216,216,216],"floor_reached":39,"campfire_rested":1,"playtime":1240,"item_purchase_floors":[7,31],"current_hp_per_floor":[73,68,68,68,68,68,68,60,60,60,60,60,60,52,52,40,66,66,66,66,66,66,66,66,65,65,65,48,43,43,43,65,44,67,67,64,43,43,0],"items_purged":["Strike_B","Strike_B"],"gold":216,"score":580,"play_id":"f0868b22-bf28-49e4-87b8-fb4623ba55c9","local_time":"20180612221318","is_prod":false,"is_daily":false,"chose_seed":false,"is_ascension_mode":true,"campfire_upgraded":4,"win_rate":0,"timestamp":1528859598,"campfire_choices":[{"data":"Zap","floor":6,"key":"SMITH"},{"data":"Dualcast","floor":11,"key":"SMITH"},{"data":"Go for the Eyes","floor":15,"key":"SMITH"},{"data":"Beam Cell","floor":24,"key":"SMITH"},{"floor":32,"key":"REST"}],"path_taken":["M","M","?","?","?","R","$","E","T","$","R","M","?","M","R","BOSS","M","M","?","?","?","E","R","E","T","M","E","M","?","?","R","BOSS","M","M","M","?","M"],"build_version":"2018-06-07v3","seed_source_timestamp":2313466807928487,"purchased_purges":2,"victory":false,"master_deck":["Defend_B","Defend_B","Defend_B","Zap+1","Dualcast+1","Go for the Eyes+1","Sunder+1","Gash","Coolheaded","All For One","Conserve Battery","Beam Cell+1","Gash","Static Discharge","Streamline","Loop+1","Blizzard+1","Rainbow+1","Electrodynamics+1","Rebound","Compile Driver"],"max_hp_per_floor":[75,75,75,75,75,75,75,75,75,75,75,75,75,75,75,75,75,75,75,75,75,75,75,75,75,75,75,75,75,75,75,75,75,75,75,75,75,75,75],"relics":["Cracked Core","Cables","Orichalcum","Bag of Marbles","Vajra","Runic Dome","Art of War","Anchor","Meat on the Bone","Tiny Chest","DataDisk","Kunai","Shuriken","Astrolabe"],"card_choices":[{"not_picked":["Beam Cell","Stack"],"picked":"Go for the Eyes","floor":1},{"not_picked":["Loop","Consume"],"picked":"Sunder","floor":2},{"not_picked":["Auto Shields","Hologram"],"picked":"Gash","floor":8},{"not_picked":["Beam Cell","Redo"],"picked":"Coolheaded","floor":12},{"not_picked":["Steam","Coolheaded","Undo"],"picked":"SKIP","floor":14},{"not_picked":["Multi-Cast","Amplify"],"picked":"All For One","floor":16},{"not_picked":["Chill","Redo"],"picked":"Conserve Battery","floor":18},{"not_picked":["Conserve Battery","Storm"],"picked":"Beam Cell","floor":19},{"not_picked":["Darkness","Meteor Strike"],"picked":"Static Discharge","floor":23},{"not_picked":["Chill","Storm"],"picked":"Streamline","floor":25},{"not_picked":["Recycle","Doom and Gloom","Force Field"],"picked":"SKIP","floor":27},{"not_picked":["Fusion","Redo"],"picked":"Loop+1","floor":28},{"not_picked":["Steam","Redo","Steam Power"],"picked":"SKIP","floor":29},{"not_picked":["Chaos+1","BootSequence","Sweeping Beam"],"picked":"SKIP","floor":30},{"not_picked":["Meteor Strike","Thunder Strike"],"picked":"Electrodynamics","floor":33},{"not_picked":["Undo+1","Reinforced Body+1"],"picked":"Rebound","floor":35},{"not_picked":["Steam Power","Stack","Double Energy"],"picked":"SKIP","floor":36},{"not_picked":["Stack+1","Steam"],"picked":"Compile Driver","floor":37}],"player_experience":379098,"potions_floor_usage":[23,33],"damage_taken":[{"damage":2,"enemies":"Jaw Worm","floor":1,"turns":3},{"damage":5,"enemies":"Small Slimes","floor":2,"turns":3},{"damage":8,"enemies":"Gremlin Nob","floor":8,"turns":3},{"damage":0,"enemies":"2 Louse","floor":12,"turns":1},{"damage":8,"enemies":"Gremlin Gang","floor":14,"turns":3},{"damage":12,"enemies":"The Guardian","floor":16,"turns":10},{"damage":0,"enemies":"Chosen","floor":18,"turns":2},{"damage":0,"enemies":"Shell Parasite","floor":19,"turns":3},{"damage":0,"enemies":"Slavers","floor":23,"turns":3},{"damage":1,"enemies":"Gremlin Leader","floor":25,"turns":5},{"damage":0,"enemies":"Cultist and Chosen","floor":27,"turns":3},{"damage":29,"enemies":"Book of Stabbing","floor":28,"turns":4},{"damage":5,"enemies":"Snecko","floor":29,"turns":3},{"damage":0,"enemies":"Sentry and Sphere","floor":30,"turns":3},{"damage":21,"enemies":"Automaton","floor":33,"turns":7},{"damage":0,"enemies":"3 Darklings","floor":35,"turns":3},{"damage":3,"enemies":"Orb Walker","floor":36,"turns":2},{"damage":21,"enemies":"Maw","floor":37,"turns":6},{"damage":48,"enemies":"3 Darklings","floor":39,"turns":2}],"relics_obtained":[{"floor":5,"key":"Cables"},{"floor":8,"key":"Bag of Marbles"},{"floor":9,"key":"Vajra"},{"floor":23,"key":"Meat on the Bone"},{"floor":25,"key":"Tiny Chest"},{"floor":26,"key":"DataDisk"},{"floor":28,"key":"Kunai"}],"event_choices":[{"event_name":"Golden Wing","player_choice":"Gained Gold","floor":3,"damage_taken":0},{"event_name":"Living Wall","player_choice":"Grow","floor":4,"damage_taken":0},{"event_name":"Addict","player_choice":"Obtained Relic","floor":20,"damage_taken":0},{"event_name":"The Library","player_choice":"Read","floor":21,"damage_taken":0},{"event_name":"The Mausoleum","player_choice":"Yes","floor":22,"damage_taken":0},{"event_name":"Falling","player_choice":"Removed Power","floor":38,"damage_taken":0}],"boss_relics":[{"not_picked":["Cursed Key","Velvet Choker"],"picked":"Runic Dome"},{"not_picked":["Busted Crown","Sozu"],"picked":"Astrolabe"}],"items_purged_floors":[7,10],"potions_floor_spawned":[2,8,12,19,25,27,29,35,36],"seed_played":"-8188124448425216732","killed_by":"3 Darklings","ascension_level":5,"potions_obtained":[{"floor":2,"key":"Explosive Potion"},{"floor":8,"key":"SpeedPotion"},{"floor":12,"key":"Weak Potion"},{"floor":19,"key":"GamblersBrew"},{"floor":25,"key":"FocusPotion"},{"floor":35,"key":"GamblersBrew"}],"is_trial":false}