{"path_per_floor":["M","?","M","?","?","E","M","R","T","R","M","E","$","E","R","B",null,"M","M","$","?","M","R","E","R","T","E","R","M","M","E","R","B",null,"M","$","?","?","B"],"character_chosen":"THE_SILENT","items_purchased":["Pantograph","Noxious Fumes","Meat on the Bone","Whetstone","Anchor"],"gold_per_floor":[119,119,129,229,229,258,271,271,323,323,343,370,63,91,91,186,186,205,218,20,20,33,33,68,68,91,126,126,141,161,196,196,296,296,314,10,10,10,10],"floor_reached":40,"campfire_rested":5,"playtime":1756,"current_hp_per_floor":[75,75,75,75,75,38,31,31,31,55,49,35,35,25,49,23,67,34,31,31,31,22,46,35,35,35,30,55,54,51,33,60,39,78,63,63,63,63,43],"items_purged":["Strike_G"],"gold":10,"score":960,"play_id":"ff2706df-4e6f-41bc-ab11-480c288e1636","local_time":"20180425182158","is_prod":false,"is_daily":false,"chose_seed":false,"is_ascension_mode":true,"campfire_upgraded":2,"timestamp":1524698518,"path_taken":["M","?","M","?","?","E","M","R","T","R","M","E","$","E","R","BOSS","M","M","$","?","M","R","E","R","T","E","R","M","M","E","R","BOSS","M","$","?","?","BOSS"],"build_version":"2018-04-19","seed_source_timestamp":0,"purchased_purges":1,"victory":true,"master_deck":["Defend_G","Defend_G","Defend_G","Defend_G","Defend_G","Survivor","Neutralize+1","Poisoned Stab","Calculated Gamble","Distraction","Noxious Fumes+1","Noxious Fumes","Bouncing Flask","Tools of the Trade","Footwork+1","Crippling Poison+1","Deadly Poison","Dash+1","Venomology","Underhanded Strike+1","Leg Sweep+1","Well Laid Plans+1","Noxious Fumes"],"max_hp_per_floor":[84,84,84,84,81,81,81,81,81,81,81,81,81,81,81,81,81,81,81,81,81,81,81,83,83,83,85,85,87,89,91,91,91,91,93,93,93,93,93],"relics":["Ring of the Snake","Bronze Scales","Snake Skull","Darkstone Periapt","Pantograph","The Courier","Velvet Choker","Meat on the Bone","Singing Bowl","Ancient Tea Set","Bag of Marbles","Pen Nib","Astrolabe","Whetstone","Anchor"],"card_choices":[{"not_picked":["PiercingWail","Dagger Spray"],"picked":"Poisoned Stab","floor":1.0},{"not_picked":["Underhanded Strike","Slice"],"picked":"Calculated Gamble","floor":3.0},{"not_picked":["Outmaneuver","Prepared"],"picked":"Distraction","floor":6.0},{"not_picked":["Dagger Throw","Deflect"],"picked":"Noxious Fumes","floor":7.0},{"not_picked":["Tactician","PiercingWail"],"picked":"Bouncing Flask","floor":14.0},{"not_picked":["Phantasmal Killer","Burst"],"picked":"Tools of the Trade","floor":16.0},{"not_picked":["Cloak And Dagger","Outmaneuver"],"picked":"Footwork","floor":18.0},{"not_picked":["Deflect","Flechettes"],"picked":"Crippling Poison","floor":19.0},{"not_picked":["Infinite Blades","Finisher"],"picked":"Dash","floor":22.0},{"not_picked":["Envenom","Unload"],"picked":"Venomology","floor":33}],"player_experience":260484,"potions_floor_usage":[27,39,39,39],"damage_taken":[{"damage":2.0,"enemies":"Small Slimes","floor":1.0,"turns":6.0},{"damage":0.0,"enemies":"Cultist","floor":3.0,"turns":4.0},{"damage":37.0,"enemies":"Lagavulin","floor":6.0,"turns":8.0},{"damage":7.0,"enemies":"2 Louse","floor":7.0,"turns":1.0},{"damage":6.0,"enemies":"2 Fungi Beasts","floor":11.0,"turns":4.0},{"damage":14.0,"enemies":"Gremlin Nob","floor":12.0,"turns":4.0},{"damage":10.0,"enemies":"3 Sentries","floor":14.0,"turns":5.0},{"damage":51.0,"enemies":"Slime Boss","floor":16.0,"turns":8.0},{"damage":33.0,"enemies":"2 Thieves","floor":18.0,"turns":4.0},{"damage":3.0,"enemies":"Spheric Guardian","floor":19.0,"turns":4.0},{"damage":21.0,"enemies":"Snecko","floor":22.0,"turns":4.0},{"damage":25.0,"enemies":"Gremlin Leader","floor":24.0,"turns":7.0},{"damage":19,"enemies":"Slavers","floor":27,"turns":5},{"damage":3,"enemies":"Centurion and Healer","floor":29,"turns":5},{"damage":17,"enemies":"Slaver and Parasite","floor":30,"turns":5},{"damage":32,"enemies":"Gremlin Leader","floor":31,"turns":6},{"damage":58,"enemies":"Champ","floor":33,"turns":10},{"damage":17,"enemies":"3 Darklings","floor":35,"turns":4},{"damage":57,"enemies":"Donu and Deca","floor":39,"turns":9}],"event_choices":[{"event_name":"Upgrade Shrine","player_choice":"Upgraded","floor":2.0,"damage_taken":0.0},{"event_name":"Golden Shrine","player_choice":"Pray","floor":4.0,"damage_taken":0.0},{"event_name":"Purifier","player_choice":"One Purge","floor":5.0,"damage_taken":0.0},{"event_name":"Transmorgrifier","player_choice":"Transform","floor":21.0,"damage_taken":0.0},{"event_name":"Match and Keep!","player_choice":"1 cards matched","floor":37,"damage_taken":0},{"event_name":"SecretPortal","player_choice":"Took Portal.","floor":38,"damage_taken":0}],"boss_relics":[{"not_picked":["Pandora\u0027s Box","Tiny House"],"picked":"Astrolabe"}],"potions_floor_spawned":[3,11,16,18,24,30,35],"seed_played":"694578137622937431","ascension_level":9,"is_trial":false}