{"path_per_floor":["M","$","M","?","M","E","R","M","T","M","M","R","E","M","R","B",null,"M","M","?"],"character_chosen":"THE_SILENT","items_purchased":["Dagger Spray"],"gold_per_floor":[112,62,75,75,93,127,127,143,169,185,202,202,227,240,240,343,343,357,370,370],"floor_reached":21,"campfire_rested":1,"playtime":1987,"current_hp_per_floor":[70,70,63,63,63,46,46,41,41,40,40,40,30,22,43,25,70,64,64,48],"items_purged":[],"gold":370,"score":193,"play_id":"41d055c9-9b5d-4cc1-836e-4340bfb3d4f9","is_prod":false,"is_daily":false,"is_ascension_mode":false,"campfire_upgraded":2,"path_taken":["M","$","M","?","M","E","R","M","T","M","M","R","E","M","R","BOSS","M","M","?","M"],"build_version":"2018-02-08-PROD1","purchased_purges":0,"victory":false,"master_deck":["Defend_G","Defend_G","Defend_G","Defend_G","Defend_G","Strike_G","Strike_G","Strike_G","Strike_G","Strike_G","Survivor","Neutralize","Bullet Time+1","Escape Plan","Dagger Spray","Backstab+1","Footwork+1","Backflip","Finisher","A Thousand Cuts","Die Die Die","Dagger Spray","Acrobatics","Dark Shackles"],"max_hp_per_floor":[70,70,70,70,70,70,70,70,70,70,70,70,70,70,70,70,70,70,70,70],"relics":["Ring of the Snake","Bottled Lightning","Ancient Tea Set","Pantograph","Eternal Feather"],"card_choices":[{"not_picked":["Deadly Poison","Acrobatics"],"picked":"Escape Plan"},{"not_picked":["Expertise","Prepared"],"picked":"Backstab"},{"not_picked":["Backflip","Heel Hook"],"picked":"Footwork"},{"not_picked":["Quick Slash","Footwork"],"picked":"Backflip"},{"not_picked":["Dodge and Roll","Flying Knee"],"picked":"Finisher"},{"not_picked":["Slice","Dagger Spray"],"picked":"A Thousand Cuts"},{"not_picked":["Tools of the Trade","Bullet Time"],"picked":"Die Die Die"},{"not_picked":["Slice","Outmaneuver"],"picked":"Dagger Spray"},{"not_picked":["Dodge and Roll","Skewer"],"picked":"Acrobatics"}],"player_experience":11608,"potions_floor_usage":[21],"damage_taken":[{"damage":0,"enemies":"Small Slimes","floor":1,"turns":3},{"damage":7,"enemies":"Jaw Worm","floor":3,"turns":4},{"damage":0,"enemies":"Cultist","floor":5,"turns":3},{"damage":17,"enemies":"3 Sentries","floor":6,"turns":9},{"damage":5,"enemies":"Exordium Thugs","floor":8,"turns":7},{"damage":1,"enemies":"Exordium Wildlife","floor":10,"turns":4},{"damage":0,"enemies":"Large Slime","floor":11,"turns":6},{"damage":10,"enemies":"Lagavulin","floor":13,"turns":9},{"damage":8,"enemies":"Red Slaver","floor":14,"turns":2},{"damage":43,"enemies":"Slime Boss","floor":16,"turns":11},{"damage":6,"enemies":"Spheric Guardian","floor":18,"turns":5},{"damage":0,"enemies":"3 Byrds","floor":19,"turns":2},{"damage":56,"enemies":"Cultist and Chosen","floor":21,"turns":9}],"event_choices":[{"event_name":"Living Wall","player_choice":"Grow","floor":4,"damage_taken":0},{"event_name":"Knowing Skull","player_choice":"CARD ","floor":20,"damage_taken":0}],"boss_relics":[{"not_picked":["White Beast Statue","Question Card"],"picked":"Eternal Feather"}],"potions_floor_spawned":[3,10,14,18,19],"seed_played":"7350256084264042790","killed_by":"Cultist and Chosen","ascension_level":0,"is_trial":false}