{"gold_per_floor":[113,188,30,30,30,56,71,100,151,168,178,178,178,178,178,178],"floor_reached":16,"playtime":505,"items_purged":["Strike_B"],"score":266,"play_id":"0a68426d-b0b5-4ca8-aac1-2dabf105a86a","local_time":"20190218160644","is_ascension_mode":true,"campfire_choices":[{"floor":12,"key":"REST"},{"floor":15,"key":"REST"}],"neow_cost":"NONE","seed_source_timestamp":6717175778636,"circlet_count":0,"master_deck":["AscendersBane","Strike_B+1","Strike_B+1","Strike_B","Defend_B","Defend_B+1","Defend_B","Defend_B","Zap+1","Dualcast+1","Ball Lightning","Go for the Eyes","Coolheaded","Conserve Battery","Skim","Leap"],"relics":["Cracked Core","NeowsBlessing","Bag of Marbles","Whetstone","Boot"],"potions_floor_usage":[8,16,16],"damage_taken":[{"damage":0,"enemies":"Cultist","floor":1,"turns":1},{"damage":0,"enemies":"Lagavulin","floor":6,"turns":1},{"damage":0,"enemies":"Small Slimes","floor":7,"turns":1},{"damage":30,"enemies":"3 Sentries","floor":8,"turns":11},{"damage":1,"enemies":"2 Louse","floor":10,"turns":2},{"damage":9,"enemies":"Red Slaver","floor":11,"turns":4},{"damage":54,"enemies":"Hexaghost","floor":16,"turns":12}],"seed_played":"-3508035054476068827","potions_obtained":[{"floor":7,"key":"Regen Potion"},{"floor":14,"key":"Poison Potion"},{"floor":14,"key":"EssenceOfSteel"}],"is_trial":false,"path_per_floor":["M","?","$","?","$","E","M","E","T","M","M","R","?","?","R","B"],"character_chosen":"DEFECT","items_purchased":["Go for the Eyes","Coolheaded"],"campfire_rested":2,"item_purchase_floors":[3,3],"current_hp_per_floor":[64,53,53,53,53,53,53,38,38,37,28,49,28,28,49,0],"gold":178,"neow_bonus":"THREE_ENEMY_KILL","is_prod":false,"is_daily":false,"chose_seed":false,"campfire_upgraded":0,"win_rate":0,"timestamp":1550524004,"path_taken":["M","?","$","?","$","E","?","E","T","M","M","R","?","?","R","BOSS"],"build_version":"2019-01-23","purchased_purges":1,"victory":false,"max_hp_per_floor":[71,71,71,71,71,71,71,71,71,71,71,71,71,71,71,71],"card_choices":[{"not_picked":["Compile Driver","Gash"],"picked":"Ball Lightning","floor":1},{"not_picked":["Sweeping Beam","Undo"],"picked":"Conserve Battery","floor":6},{"not_picked":["Gash","Double Energy"],"picked":"Skim","floor":7},{"not_picked":["Cold Snap","Conserve Battery","Auto Shields"],"picked":"SKIP","floor":8},{"not_picked":["Cold Snap","Stack"],"picked":"Leap","floor":10},{"not_picked":["Ball Lightning","Genetic Algorithm","Chill"],"picked":"SKIP","floor":11}],"player_experience":302047,"relics_obtained":[{"floor":6,"key":"Bag of Marbles"},{"floor":8,"key":"Whetstone"},{"floor":9,"key":"Boot"}],"event_choices":[{"damage_healed":0,"gold_gain":75,"player_choice":"Gather Gold","damage_taken":11,"max_hp_gain":0,"max_hp_loss":0,"event_name":"World of Goop","floor":2,"gold_loss":0},{"damage_healed":0,"gold_gain":0,"player_choice":"Upgraded","damage_taken":0,"max_hp_gain":0,"max_hp_loss":0,"event_name":"Upgrade Shrine","floor":4,"gold_loss":0,"cards_upgraded":["Dualcast"]},{"damage_healed":0,"gold_gain":0,"player_choice":"Entered Light","damage_taken":21,"max_hp_gain":0,"max_hp_loss":0,"event_name":"Shining Light","floor":13,"gold_loss":0,"cards_upgraded":["Defend_B","Zap"]},{"damage_healed":0,"gold_gain":0,"player_choice":"Got Potions","damage_taken":0,"max_hp_gain":0,"max_hp_loss":0,"event_name":"Lab","floor":14,"gold_loss":0}],"is_beta":false,"boss_relics":[],"items_purged_floors":[3],"is_endless":false,"potions_floor_spawned":[7],"killed_by":"Hexaghost","ascension_level":20}