{"path_per_floor":["M","?","?","M","M","R","E","R","T","M","R","E","M","M","R"],"character_chosen":"IRONCLAD","items_purchased":[],"gold_per_floor":[118,118,176,189,203,203,235,235,235,247,247,276,295,313,313,313],"floor_reached":16,"campfire_rested":1,"playtime":490,"current_hp_per_floor":[69,69,69,71,72,72,50,50,50,37,37,24,31,23,44,0],"items_purged":[],"gold":313,"score":185,"play_id":"b99bd979-472d-4b66-9baa-f90ad17f8c7e","local_time":"20180429001014","is_prod":false,"is_daily":false,"chose_seed":false,"is_ascension_mode":true,"campfire_upgraded":3,"timestamp":1524978614,"path_taken":["M","?","?","M","M","R","E","R","T","M","R","E","?","M","R","BOSS"],"build_version":"2018-04-28","seed_source_timestamp":2291503456277069,"purchased_purges":0,"victory":false,"master_deck":["Strike_R","Strike_R","Strike_R","Strike_R","Strike_R","Defend_R","Defend_R","Defend_R","Defend_R","Bash","AscendersBane","Wild Strike","Normality","Evolve","Perfected Strike+1","Cleave+1","True Grit+1","Warcry","Perfected Strike"],"max_hp_per_floor":[72,72,72,72,72,72,72,72,72,72,72,72,72,72,72,72],"relics":["Burning Blood","Ginger","Champion Belt","Bird Faced Urn","Centennial Puzzle","Bag of Marbles"],"card_choices":[{"not_picked":["Searing Blow","Thunderclap"],"picked":"Wild Strike","floor":1},{"not_picked":["Clash","Rupture"],"picked":"Evolve","floor":4},{"not_picked":["Anger","Ghostly Armor"],"picked":"Perfected Strike","floor":5},{"not_picked":["Flex","Feel No Pain"],"picked":"Cleave","floor":7},{"not_picked":["Battle Trance","Perfected Strike"],"picked":"True Grit","floor":10},{"not_picked":["Disarm","Blood for Blood"],"picked":"Warcry","floor":12},{"not_picked":["Second Wind","Limit Break"],"picked":"Perfected Strike","floor":13}],"player_experience":293757,"potions_floor_usage":[12,12,16],"damage_taken":[{"damage":9,"enemies":"Jaw Worm","floor":1,"turns":4},{"damage":4,"enemies":"Cultist","floor":4,"turns":3},{"damage":3,"enemies":"Small Slimes","floor":5,"turns":4},{"damage":28,"enemies":"Gremlin Nob","floor":7,"turns":4},{"damage":19,"enemies":"Exordium Wildlife","floor":10,"turns":3},{"damage":21,"enemies":"Lagavulin","floor":12,"turns":5},{"damage":1,"enemies":"Large Slime","floor":13,"turns":4},{"damage":14,"enemies":"Gremlin Gang","floor":14,"turns":4},{"damage":53,"enemies":"The Guardian","floor":16,"turns":9}],"event_choices":[{"event_name":"Accursed Blacksmith","player_choice":"Rummage","floor":2,"damage_taken":0},{"event_name":"Golden Wing","player_choice":"Gained Gold","floor":3,"damage_taken":0}],"boss_relics":[],"potions_floor_spawned":[1,7,12,14],"seed_played":"7116729628184865288","killed_by":"The Guardian","ascension_level":13,"is_trial":false}