{"gold_per_floor":[109,124,124,135,146,146,165,165,165,165,176,176,176,30,30,159,159,178,197,76,97,97,97,97,97,124,124,124,48,48,67,67,67],"floor_reached":33,"playtime":2047,"items_purged":["Injury"],"score":367,"play_id":"ce4ffe42-ef80-4490-913f-178a36ef3027","local_time":"20181211214023","is_ascension_mode":true,"campfire_choices":[{"data":"Dualcast","floor":8.0,"key":"SMITH"},{"floor":10.0,"key":"REST"},{"floor":15.0,"key":"REST"},{"data":"Go for the Eyes","floor":23,"key":"SMITH"},{"data":"Seek","floor":25,"key":"SMITH"},{"data":"Doom and Gloom","floor":28,"key":"SMITH"},{"data":"Core Surge","floor":32,"key":"SMITH"}],"neow_cost":"NONE","seed_source_timestamp":128655624192733,"circlet_count":0,"master_deck":["Defend_B","Defend_B","Defend_B","Defend_B","Zap+1","Dualcast+1","Hologram","BootSequence","Ball Lightning","Go for the Eyes+1","Doom and Gloom+1","Seek+1","Core Surge+1","Self Repair","BootSequence+1","Capacitor","Conserve Battery","Capacitor","Auto Shields","Ghostly","Ghostly","Ghostly","Ghostly","Ghostly","Reboot","Bite","Bite","Bite","Bite","Bite"],"special_seed":0,"relics":["Cracked Core","Singing Bowl","Letter Opener","Juzu Bracelet","Bloody Idol","Nuclear Battery","Orichalcum"],"potions_floor_usage":[21,33,33,33],"damage_taken":[{"damage":2.0,"enemies":"Jaw Worm","floor":1.0,"turns":2.0},{"damage":3.0,"enemies":"Cultist","floor":2.0,"turns":3.0},{"damage":0.0,"enemies":"2 Louse","floor":4.0,"turns":2.0},{"damage":19.0,"enemies":"Large Slime","floor":5.0,"turns":6.0},{"damage":16.0,"enemies":"Exordium Thugs","floor":7.0,"turns":4.0},{"damage":3.0,"enemies":"Exordium Wildlife","floor":11.0,"turns":3.0},{"damage":43.0,"enemies":"The Guardian","floor":16.0,"turns":12.0},{"damage":13.0,"enemies":"2 Thieves","floor":18.0,"turns":3.0},{"damage":0.0,"enemies":"Chosen","floor":19.0,"turns":3.0},{"damage":9,"enemies":"Centurion and Healer","floor":21,"turns":5},{"damage":1,"enemies":"Snake Plant","floor":31,"turns":6},{"damage":65,"enemies":"Collector","floor":33,"turns":13}],"seed_played":"5052557055876377313","potions_obtained":[{"floor":2.0,"key":"Weak Potion"},{"floor":5.0,"key":"Ancient Potion"},{"floor":16.0,"key":"SkillPotion"},{"floor":21,"key":"FocusPotion"},{"floor":31,"key":"EssenceOfSteel"}],"is_trial":false,"path_per_floor":["M","M","?","M","M","$","M","R","T","R","M","?","?","$","R","B",null,"M","M","M","$","M","?","R","?","R","T","?","R","$","?","M","R","B"],"character_chosen":"DEFECT","items_purchased":["Seek","Capacitor","Conserve Battery","Reboot"],"campfire_rested":2,"item_purchase_floors":[14,20,20,29],"current_hp_per_floor":[66,63,63,65,46,46,30,30,30,53,50,43,43,43,66,23,64,51,58,58,58,58,58,39,39,39,39,39,39,27,29,29,0],"gold":67,"neow_bonus":"UPGRADE_CARD","is_prod":false,"is_daily":false,"chose_seed":false,"campfire_upgraded":5,"win_rate":0,"timestamp":1544539223,"path_taken":["M","M","?","?","M","$","M","R","T","R","M","?","?","$","R","BOSS","M","M","$","M","?","R","?","R","T","?","R","$","?","M","R","BOSS"],"build_version":"2018-12-06","purchased_purges":1,"victory":false,"max_hp_per_floor":[75,75,75,77,77,77,77,77,77,77,77,77,77,77,77,77,77,77,77,77,79,79,79,39,39,39,39,39,39,27,29,29,29],"card_choices":[{"not_picked":["Compile Driver","Static Discharge"],"picked":"Hologram","floor":1.0},{"not_picked":["Rip and Tear","Steam"],"picked":"BootSequence","floor":2.0},{"not_picked":["Sweeping Beam","Redo","Hologram"],"picked":"Singing Bowl","floor":4.0},{"not_picked":["Hello World","Rainbow"],"picked":"Ball Lightning","floor":5.0},{"not_picked":["BootSequence","Hologram"],"picked":"Go for the Eyes","floor":7.0},{"not_picked":["Genetic Algorithm","Redo"],"picked":"Doom and Gloom","floor":11.0},{"not_picked":["Multi-Cast","Rainbow"],"picked":"Core Surge","floor":16.0},{"not_picked":["Hologram","Steam"],"picked":"Self Repair","floor":18.0},{"not_picked":["Fusion","Sunder"],"picked":"BootSequence+1","floor":19},{"not_picked":["Skim","Chaos","Go for the Eyes"],"picked":"Singing Bowl","floor":21},{"not_picked":["Gash","Ball Lightning+1","Stack"],"picked":"Singing Bowl","floor":31}],"player_experience":201839,"relics_obtained":[{"floor":9.0,"key":"Letter Opener"},{"floor":26,"key":"Orichalcum"}],"event_choices":[{"damage_healed":0.0,"max_hp_gain":0.0,"max_hp_loss":0.0,"gold_gain":0.0,"event_name":"WeMeetAgain","player_choice":"Gave Potion","floor":3.0,"gold_loss":0.0,"damage_taken":0.0,"relics_obtained":["Singing Bowl"]},{"damage_healed":0.0,"max_hp_gain":0.0,"max_hp_loss":0.0,"gold_gain":0.0,"event_name":"Scrap Ooze","player_choice":"Success","floor":12.0,"gold_loss":0.0,"damage_taken":7.0,"relics_obtained":["Juzu Bracelet"]},{"damage_healed":0.0,"max_hp_gain":0.0,"max_hp_loss":0.0,"gold_gain":0.0,"event_name":"Golden Idol","player_choice":"Take Wound","floor":13.0,"gold_loss":0.0,"damage_taken":0.0,"relics_obtained":["Golden Idol"],"cards_obtained":["Injury"]},{"damage_healed":0,"gold_gain":0,"cards_transformed":["Strike_B","Strike_B"],"player_choice":"Became Test Subject","damage_taken":0,"max_hp_gain":0,"max_hp_loss":0,"event_name":"Drug Dealer","floor":22,"gold_loss":0,"cards_obtained":["Capacitor","Auto Shields"]},{"damage_healed":0,"gold_gain":0,"player_choice":"Became a Ghost","damage_taken":0,"max_hp_gain":0,"max_hp_loss":40,"event_name":"Ghosts","floor":24,"gold_loss":0,"cards_obtained":["Ghostly","Ghostly","Ghostly","Ghostly","Ghostly"]},{"damage_healed":0,"gold_gain":0,"player_choice":"Gave Idol","damage_taken":0,"relics_obtained":["Bloody Idol"],"max_hp_gain":0,"max_hp_loss":0,"event_name":"Forgotten Altar","floor":27,"relics_lost":["Golden Idol"],"gold_loss":0},{"damage_healed":0,"gold_gain":0,"player_choice":"Became a vampire","damage_taken":0,"max_hp_gain":0,"max_hp_loss":12,"event_name":"Vampires","floor":30,"gold_loss":0,"cards_obtained":["Bite","Bite","Bite","Bite","Bite"]}],"is_beta":false,"boss_relics":[{"not_picked":["Busted Crown","Runic Dome"],"picked":"Nuclear Battery"}],"items_purged_floors":[14],"is_endless":false,"potions_floor_spawned":[2,5,16,21,31],"killed_by":"Collector","ascension_level":7}