{"gold_per_floor":[111,127,138,150,164,196,196,230,278,303,303,303,303,320,320,399,399,416,429,429,429,429,461,472,472,472,488,498,498],"floor_reached":29,"playtime":1331,"items_purged":[],"score":534,"play_id":"a32ffecb-b6bc-4e72-aa4a-ef31a8dd1014","local_time":"20190202095248","is_ascension_mode":true,"campfire_choices":[{"floor":7,"key":"REST"},{"data":"Consume","floor":12,"key":"SMITH"},{"data":"Capacitor","floor":15,"key":"SMITH"},{"floor":25,"key":"REST"}],"neow_cost":"NONE","seed_source_timestamp":894355975167517,"circlet_count":0,"master_deck":["AscendersBane","Strike_B","Strike_B+1","Defend_B","Defend_B","Defend_B","Defend_B","Zap","Dualcast","Ball Lightning","Ball Lightning+1","Cold Snap","Consume+1","Capacitor+1","Cold Snap","Sweeping Beam","Conserve Battery","Biased Cognition","Conserve Battery","Loop","Ghostly","Ghostly","Ghostly","Hyperbeam","Blizzard","Seek"],"relics":["Cracked Core","Anchor","Shuriken","Vajra","Mercury Hourglass","Oddly Smooth Stone","Black Star","The Courier","Whetstone","Juzu Bracelet","Singing Bowl"],"potions_floor_usage":[10,23,23,28,29],"damage_taken":[{"damage":0,"enemies":"Cultist","floor":1,"turns":2},{"damage":0,"enemies":"2 Louse","floor":2,"turns":2},{"damage":0,"enemies":"Small Slimes","floor":3,"turns":2},{"damage":9,"enemies":"Blue Slaver","floor":4,"turns":5},{"damage":0,"enemies":"3 Louse","floor":5,"turns":2},{"damage":33,"enemies":"3 Sentries","floor":6,"turns":6},{"damage":11,"enemies":"Lagavulin","floor":8,"turns":5},{"damage":1,"enemies":"3 Sentries","floor":10,"turns":6},{"damage":1,"enemies":"Exordium Thugs","floor":14,"turns":4},{"damage":3,"enemies":"Hexaghost","floor":16,"turns":8},{"damage":15,"enemies":"2 Thieves","floor":18,"turns":4},{"damage":22,"enemies":"3 Byrds","floor":19,"turns":4},{"damage":15,"enemies":"Slavers","floor":23,"turns":2},{"damage":2,"enemies":"Snecko","floor":24,"turns":6},{"damage":2,"enemies":"Centurion and Healer","floor":27,"turns":9},{"damage":15,"enemies":"3 Cultists","floor":28,"turns":4},{"damage":8,"enemies":"Book of Stabbing","floor":29,"turns":6}],"seed_played":"-2360536801515963887","potions_obtained":[{"floor":1,"key":"AttackPotion"},{"floor":4,"key":"LiquidBronze"},{"floor":8,"key":"Weak Potion"},{"floor":10,"key":"PowerPotion"},{"floor":23,"key":"EssenceOfSteel"},{"floor":24,"key":"FocusPotion"}],"is_trial":false,"path_per_floor":["M","M","M","M","M","E","R","E","T","E","?","R","?","M","R","B",null,"M","M","?","?","T","E","M","R","T","M","M","E"],"character_chosen":"DEFECT","items_purchased":[],"campfire_rested":2,"item_purchase_floors":[],"current_hp_per_floor":[64,64,64,55,55,22,43,32,32,31,31,31,31,30,30,27,60,45,23,23,23,23,8,6,16,16,16,3,0],"gold":498,"neow_bonus":"THREE_CARDS","is_prod":false,"is_daily":false,"chose_seed":false,"campfire_upgraded":2,"win_rate":0,"timestamp":1549119168,"path_taken":["M","M","M","?","M","E","R","E","T","E","?","R","?","M","R","BOSS","M","?","?","?","?","E","M","R","T","M","M","E"],"build_version":"2019-01-23","purchased_purges":0,"victory":false,"max_hp_per_floor":[71,71,71,71,71,71,71,71,71,71,71,71,71,71,71,71,71,71,71,35,35,35,35,35,35,35,37,39,39],"card_choices":[{"not_picked":["Sweeping Beam","Cold Snap"],"picked":"Ball Lightning","floor":0},{"not_picked":["Capacitor","Sweeping Beam"],"picked":"Ball Lightning","floor":1},{"not_picked":["Melter","Barrage"],"picked":"Cold Snap","floor":2},{"not_picked":["Rebound","Leap","Hello World"],"picked":"SKIP","floor":3},{"not_picked":["Redo","Rip and Tear"],"picked":"Consume","floor":4},{"not_picked":["Coolheaded","Recycle"],"picked":"Capacitor","floor":5},{"not_picked":["Static Discharge","Redo","Compile Driver"],"picked":"SKIP","floor":6},{"not_picked":["Thunder Strike","Ball Lightning"],"picked":"Cold Snap","floor":8},{"not_picked":["Rebound","Stack"],"picked":"Sweeping Beam","floor":10},{"not_picked":["Barrage","Go for the Eyes"],"picked":"Conserve Battery","floor":14},{"not_picked":["Thunder Strike","Creative AI"],"picked":"Biased Cognition","floor":16},{"not_picked":["Sweeping Beam","Barrage"],"picked":"Conserve Battery","floor":18},{"not_picked":["Cold Snap","Lockon"],"picked":"Loop","floor":19},{"not_picked":["Rebound","Streamline","Steam+1"],"picked":"SKIP","floor":23},{"not_picked":["Redo","Capacitor"],"picked":"Seek","floor":24},{"not_picked":["Cold Snap","Skim","Ball Lightning"],"picked":"Singing Bowl","floor":27},{"not_picked":["Barrage","Hologram","Sweeping Beam"],"picked":"Singing Bowl","floor":28}],"player_experience":788520,"relics_obtained":[{"floor":6,"key":"Anchor"},{"floor":8,"key":"Shuriken"},{"floor":9,"key":"Vajra"},{"floor":10,"key":"Mercury Hourglass"},{"floor":22,"key":"The Courier"},{"floor":23,"key":"Whetstone"},{"floor":23,"key":"Juzu Bracelet"},{"floor":26,"key":"Singing Bowl"}],"event_choices":[{"damage_healed":0,"gold_gain":0,"player_choice":"Searched \u00271\u0027 times","damage_taken":0,"relics_obtained":["Oddly Smooth Stone"],"max_hp_gain":0,"max_hp_loss":0,"event_name":"Dead Adventurer","floor":11,"gold_loss":0},{"damage_healed":0,"gold_gain":0,"player_choice":"0 cards matched","damage_taken":0,"max_hp_gain":0,"max_hp_loss":0,"event_name":"Match and Keep!","floor":13,"gold_loss":0,"cards_obtained":[]},{"damage_healed":0,"gold_gain":0,"player_choice":"Became a Ghost","damage_taken":0,"max_hp_gain":0,"max_hp_loss":36,"event_name":"Ghosts","floor":20,"gold_loss":0,"cards_obtained":["Ghostly","Ghostly","Ghostly"]},{"damage_healed":0,"gold_gain":0,"cards_transformed":["Strike_B","Strike_B"],"player_choice":"Became Test Subject","damage_taken":0,"max_hp_gain":0,"max_hp_loss":0,"event_name":"Drug Dealer","floor":21,"gold_loss":0,"cards_obtained":["Hyperbeam","Blizzard"]}],"is_beta":false,"boss_relics":[{"not_picked":["Pandora\u0027s Box","Tiny House"],"picked":"Black Star"}],"items_purged_floors":[],"is_endless":false,"potions_floor_spawned":[1,4,8,10,16,23,24],"killed_by":"Book of Stabbing","ascension_level":20}