{"gold_per_floor":[112,131,61,61,61,87,87,87,87,87,112,112,126,151,151,222,222,241,241,256,256,33,33,65,65,65,76,76,111,42,42,42,42],"floor_reached":33,"playtime":1016,"items_purged":[],"score":515,"play_id":"28b1c7ed-2686-46fb-9747-d75dd805ed00","local_time":"20180820115700","is_ascension_mode":true,"campfire_choices":[{"floor":7,"key":"REST"},{"data":"Static Discharge","floor":12,"key":"SMITH"},{"data":"Loop","floor":15,"key":"SMITH"},{"floor":23,"key":"REST"},{"floor":25,"key":"REST"},{"data":"Thunder Strike","floor":28,"key":"SMITH"},{"floor":32,"key":"REST"}],"neow_cost":"NONE","seed_source_timestamp":669168045710057,"circlet_count":0,"master_deck":["Defend_B","Defend_B+1","Defend_B","Defend_B","Zap","Dualcast","AscendersBane","Streamline","Reboot+1","Rip and Tear","All For One","Sweeping Beam+1","Static Discharge+1","Stack","Loop+1","Thunder Strike+1","Leap","Defragment+1","Bite","Bite","Bite","Bite","Bite","Force Field","Melter+1","Cold Snap+1","Go for the Eyes+1","Force Field"],"relics":["Cracked Core","Ancient Tea Set","Mercury Hourglass","Shuriken","Cables","Bag of Preparation","Question Card","White Beast Statue","Regal Pillow","Molten Egg 2","Bottled Tornado","Juzu Bracelet"],"potions_floor_usage":[18,20,24,24,29,29,33],"damage_taken":[{"damage":4,"enemies":"Small Slimes","floor":1,"turns":3},{"damage":1,"enemies":"Cultist","floor":2,"turns":4},{"damage":18,"enemies":"Gremlin Nob","floor":6,"turns":3},{"damage":15,"enemies":"3 Sentries","floor":11,"turns":3},{"damage":0,"enemies":"Jaw Worm","floor":13,"turns":1},{"damage":23,"enemies":"Lagavulin","floor":14,"turns":4},{"damage":31,"enemies":"Hexaghost","floor":16,"turns":7},{"damage":33,"enemies":"Shell Parasite","floor":18,"turns":5},{"damage":22,"enemies":"Chosen","floor":20,"turns":6},{"damage":35,"enemies":"Slavers","floor":24,"turns":3},{"damage":8,"enemies":"Centurion and Healer","floor":27,"turns":5},{"damage":34,"enemies":"Gremlin Leader","floor":29,"turns":5},{"damage":42,"enemies":"Collector","floor":33,"turns":6}],"seed_played":"-7165780474371574421","potions_obtained":[{"floor":11,"key":"Ancient Potion"},{"floor":14,"key":"FearPotion"},{"floor":18,"key":"FearPotion"},{"floor":20,"key":"Poison Potion"},{"floor":24,"key":"Explosive Potion"},{"floor":27,"key":"Explosive Potion"},{"floor":29,"key":"Fire Potion"}],"is_trial":false,"path_per_floor":["M","M","$","?","?","E","R","T","T","?","E","R","M","E","R","B",null,"M","?","M","?","$","R","E","R","T","M","R","E","$","?","R"],"character_chosen":"DEFECT","items_purchased":["Rip and Tear","Regal Pillow","Force Field","Force Field"],"campfire_rested":4,"item_purchase_floors":[3,22,22,30],"current_hp_per_floor":[64,63,63,63,48,30,52,52,52,75,60,60,60,37,37,6,58,25,25,3,3,3,33,2,32,32,34,34,4,4,4,34,0],"gold":42,"neow_bonus":"RANDOM_COMMON_RELIC","is_prod":false,"is_daily":false,"chose_seed":false,"campfire_upgraded":3,"win_rate":0,"timestamp":1534780620,"path_taken":["M","M","$","?","?","E","R","?","T","?","E","R","?","E","R","BOSS","M","?","M","?","?","R","E","R","T","?","R","E","$","?","R","BOSS"],"build_version":"2018-08-16","purchased_purges":0,"victory":false,"max_hp_per_floor":[75,75,75,75,75,75,75,75,75,75,75,75,75,75,75,75,75,75,75,75,52,52,52,52,52,52,52,52,52,52,52,52,52],"card_choices":[{"not_picked":["Leap","Steam"],"picked":"Streamline","floor":1},{"not_picked":["Redo","Streamline"],"picked":"Reboot","floor":2},{"not_picked":["Recycle","Buffer"],"picked":"Sweeping Beam","floor":6},{"not_picked":["Turbo","Compile Driver"],"picked":"Static Discharge","floor":11},{"not_picked":["BootSequence","Hello World"],"picked":"Stack","floor":13},{"not_picked":["Recycle","Fission"],"picked":"Loop","floor":14},{"not_picked":["Machine Learning","Reboot","Multi-Cast"],"picked":"Thunder Strike","floor":16},{"not_picked":["Redo","Barrage+1","Streamline"],"picked":"Leap","floor":18},{"not_picked":["Barrage+1","Steam","Blizzard"],"picked":"Defragment+1","floor":20},{"not_picked":["Reprogram","Genetic Algorithm","Turbo"],"picked":"Melter","floor":24},{"not_picked":["Rip and Tear+1","Darkness","Sweeping Beam+1"],"picked":"Cold Snap+1","floor":27},{"not_picked":["Cold Snap+1","Hyperbeam+1","Stack"],"picked":"Go for the Eyes+1","floor":29}],"player_experience":465734,"relics_obtained":[{"floor":6,"key":"Mercury Hourglass"},{"floor":8,"key":"Shuriken"},{"floor":9,"key":"Cables"},{"floor":11,"key":"Bag of Preparation"},{"floor":14,"key":"Question Card"},{"floor":24,"key":"Molten Egg 2"},{"floor":26,"key":"Bottled Tornado"},{"floor":29,"key":"Juzu Bracelet"}],"event_choices":[{"event_name":"Match and Keep!","player_choice":"1 cards matched","floor":4,"damage_taken":0},{"event_name":"Shining Light","player_choice":"Entered Light","floor":5,"damage_taken":0},{"event_name":"Big Fish","player_choice":"Banana","floor":10,"damage_taken":0},{"event_name":"Ghosts","player_choice":"Ignored","floor":19,"damage_taken":0},{"event_name":"Vampires","player_choice":"Became a vampire","floor":21,"damage_taken":0},{"event_name":"Upgrade Shrine","player_choice":"Upgraded","floor":31,"damage_taken":0}],"is_beta":false,"boss_relics":[{"not_picked":["Fusion Hammer","Calling Bell"],"picked":"White Beast Statue"}],"items_purged_floors":[],"is_endless":false,"potions_floor_spawned":[11,14,16,18,20,24,27,29],"killed_by":"Collector","ascension_level":13}