{"path_per_floor":["M","?","$","M","?","R","E","R","T","R","M","M","M","M","R","B",null,"M","?","M","?","$","?","R","E","T","T","?","E","?","M","R","B",null,"M","M","?","$","M","E","R","M","T","R","M","M","?","M","R","B"],"character_chosen":"IRONCLAD","items_purchased":["Combust","Jack Of All Trades"],"gold_per_floor":[119,119,7,19,19,19,47,47,47,47,60,76,86,105,105,207,207,207,207,207,207,19,19,19,19,19,19,19,19,19,19,19,19,19,19,19,19,19,19,19,19,19,19,19,19,19,19,19,19,19],"floor_reached":51,"campfire_rested":2,"playtime":2416,"current_hp_per_floor":[80,80,80,80,77,77,65,65,72,72,65,51,57,53,53,57,87,87,71,80,63,63,63,63,56,56,56,56,55,92,90,90,54,92,92,92,51,51,65,41,68,69,69,69,64,54,54,67,92,41],"items_purged":["Decay","Strike_R"],"gold":19,"score":567,"play_id":"c9ee734c-a2b7-49e2-89ad-6f87414f570d","is_prod":false,"is_daily":false,"is_ascension_mode":false,"campfire_upgraded":7,"path_taken":["M","?","$","M","?","R","E","R","T","R","?","M","M","M","R","BOSS","M","?","M","?","$","?","R","E","T","?","?","E","?","M","R","BOSS","M","?","?","$","M","E","R","M","T","R","M","M","?","M","R","BOSS"],"build_version":"2018-02-08-PROD1","purchased_purges":3,"victory":true,"master_deck":["Strike_R","Strike_R+1","Strike_R","Strike_R+1","Defend_R","Defend_R","Defend_R","Defend_R","Bash","Demon Form+1","Pummel+1","Armaments+1","Pommel Strike","Flame Barrier+1","Thunderclap","Intimidate+1","Reaper","Flex","Jack Of All Trades+1","Pummel+1","Thunderclap","Iron Wave+1","Whirlwind+1","Double Tap","Shrug It Off","Havoc+1","Offering+1","Shrug It Off+1","Sword Boomerang+1","Infernal Blade+1"],"max_hp_per_floor":[80,80,80,80,80,80,80,80,87,87,87,87,87,87,87,87,87,87,87,87,92,92,92,92,92,92,92,92,92,92,92,92,92,92,92,92,92,92,92,92,92,92,92,92,92,92,92,92,92,92],"relics":["Burning Blood","Pen Nib","Bottled Tornado","Strawberry","Ectoplasm","Nilry\u0027s Codex","Bronze Scales","Torii","Whetstone","Oddly Smooth Stone","Sozu","Sundial","Pantograph","Ornamental Fan"],"card_choices":[{"not_picked":["Reaper","Bludgeon"],"picked":"Demon Form"},{"not_picked":["Twin Strike","Sword Boomerang"],"picked":"Pummel"},{"not_picked":["Burning Pact","Sword Boomerang"],"picked":"Armaments"},{"not_picked":["Rampage","Perfected Strike"],"picked":"Pommel Strike"},{"not_picked":["Clothesline","Perfected Strike"],"picked":"Flame Barrier"},{"not_picked":["Armaments","Shockwave"],"picked":"Thunderclap"},{"not_picked":["Dropkick","Hemokinesis"],"picked":"Intimidate"},{"not_picked":["Berserk","Immolate"],"picked":"Reaper"},{"not_picked":["Rage","Rampage"],"picked":"Flex"},{"not_picked":["Battle Trance","Rupture"],"picked":"Thunderclap"},{"not_picked":["Warcry","Bloodletting"],"picked":"Iron Wave"},{"not_picked":["Headbutt","Power Through"],"picked":"Whirlwind"},{"not_picked":["Reaper","Immolate"],"picked":"Double Tap"},{"not_picked":["Clash","Intimidate"],"picked":"Shrug It Off"},{"not_picked":["Second Wind","Headbutt"],"picked":"Havoc"},{"not_picked":["Second Wind","Evolve"],"picked":"Offering"},{"not_picked":["Reckless Charge","Dropkick"],"picked":"Shrug It Off"},{"not_picked":["Iron Wave","Reckless Charge"],"picked":"Sword Boomerang"},{"not_picked":["Seeing Red","Spot Weakness"],"picked":"Infernal Blade"}],"player_experience":53252,"potions_floor_usage":[7,16,16,25,33],"damage_taken":[{"damage":5,"enemies":"Small Slimes","floor":1,"turns":4},{"damage":6,"enemies":"Cultist","floor":4,"turns":3},{"damage":18,"enemies":"3 Sentries","floor":7,"turns":5},{"damage":13,"enemies":"Jaw Worm","floor":11,"turns":3},{"damage":20,"enemies":"Large Slime","floor":12,"turns":4},{"damage":0,"enemies":"Looter","floor":13,"turns":4},{"damage":10,"enemies":"3 Louse","floor":14,"turns":3},{"damage":2,"enemies":"Hexaghost","floor":16,"turns":6},{"damage":5,"enemies":"Chosen","floor":18,"turns":3},{"damage":7,"enemies":"3 Byrds","floor":20,"turns":3},{"damage":25,"enemies":"Book of Stabbing","floor":25,"turns":5},{"damage":7,"enemies":"Gremlin Leader","floor":29,"turns":4},{"damage":22,"enemies":"Centurion and Healer","floor":31,"turns":4},{"damage":42,"enemies":"Collector","floor":33,"turns":6},{"damage":13,"enemies":"3 Darklings","floor":35,"turns":5},{"damage":7,"enemies":"Orb Walker","floor":36,"turns":3},{"damage":66,"enemies":"Mysterious Sphere","floor":37,"turns":5},{"damage":8,"enemies":"Sphere and 2 Shapes","floor":39,"turns":3},{"damage":30,"enemies":"2 Orb Walkers","floor":40,"turns":3},{"damage":5,"enemies":"3 Darklings","floor":42,"turns":3},{"damage":11,"enemies":"Maw","floor":45,"turns":5},{"damage":30,"enemies":"Sphere and 2 Shapes","floor":46,"turns":4},{"damage":33,"enemies":"4 Shapes","floor":48,"turns":3},{"damage":82,"enemies":"Awakened One","floor":50,"turns":9}],"event_choices":[{"event_name":"Wheel of Change","player_choice":"Full Heal","floor":2,"damage_taken":0},{"event_name":"Scrap Ooze","player_choice":"success","floor":5,"damage_taken":3},{"event_name":"Cursed Tome","player_choice":"Obtained Book","floor":19,"damage_taken":0},{"event_name":"Forgotten Altar","player_choice":"Shed Blood","floor":21,"damage_taken":0},{"event_name":"Duplicator","player_choice":"One dupe","floor":23,"damage_taken":0},{"event_name":"Addict","player_choice":"Ignored","floor":28,"damage_taken":0},{"event_name":"Bonfire Elementals","player_choice":"UNCOMMON","floor":30,"damage_taken":0},{"event_name":"Mysterious Sphere","player_choice":"Fight","floor":37,"damage_taken":0},{"event_name":"Golden Shrine","player_choice":"Pray","floor":47,"damage_taken":0}],"boss_relics":[{"not_picked":["Runic Dome","Lizard Tail"],"picked":"Ectoplasm"},{"not_picked":["Orrery","Mark of Pain"],"picked":"Sozu"}],"potions_floor_spawned":[1,4,11,13,18,20,33,37,40,42,48],"seed_played":"-6480279546102397457","ascension_level":0,"is_trial":false}