{"gold_per_floor":[366,385,399,411,7,32,32,32,57,57],"floor_reached":10,"playtime":444,"items_purged":[],"score":136,"play_id":"0f46f15a-daae-4b5c-968f-cc55d6cdb9f4","local_time":"20190218130051","is_ascension_mode":true,"campfire_choices":[{"data":"Glass Knife","floor":8,"key":"SMITH"}],"neow_cost":"TEN_PERCENT_HP_LOSS","seed_source_timestamp":358350433992460,"circlet_count":0,"master_deck":["AscendersBane","Defend_G","Defend_G","Defend_G","Defend_G","Defend_G","Strike_G","Strike_G","Strike_G","Strike_G","Strike_G","Survivor","Neutralize","Quick Slash","Poisoned Stab","Well Laid Plans","Infinite Blades","Footwork","Poisoned Stab","Glass Knife+1"],"relics":["Ring of the Snake","Singing Bowl","Orichalcum","Bag of Preparation"],"potions_floor_usage":[4,6,10],"damage_taken":[{"damage":0,"enemies":"2 Louse","floor":1,"turns":3},{"damage":0,"enemies":"Jaw Worm","floor":2,"turns":5},{"damage":1,"enemies":"Cultist","floor":3,"turns":3},{"damage":20,"enemies":"Gremlin Gang","floor":4,"turns":6},{"damage":19,"enemies":"3 Sentries","floor":6,"turns":9},{"damage":22,"enemies":"Gremlin Nob","floor":10,"turns":3}],"seed_played":"-4259900556564662741","potions_obtained":[{"floor":1,"key":"AttackPotion"},{"floor":2,"key":"Block Potion"},{"floor":6,"key":"GamblersBrew"}],"is_trial":false,"path_per_floor":["M","M","M","M","$","E","?","R","T","E"],"character_chosen":"THE_SILENT","items_purchased":["Singing Bowl","Footwork","Poisoned Stab"],"campfire_rested":0,"item_purchase_floors":[5,5,5],"current_hp_per_floor":[59,59,58,38,38,19,19,19,19,0],"gold":57,"neow_bonus":"TWO_FIFTY_GOLD","is_prod":false,"is_daily":false,"chose_seed":false,"campfire_upgraded":1,"win_rate":0,"timestamp":1550512851,"path_taken":["M","M","M","M","$","E","?","R","T","E"],"build_version":"2019-01-23","purchased_purges":0,"victory":false,"max_hp_per_floor":[60,60,60,60,60,60,60,60,60,60],"card_choices":[{"not_picked":["Escape Plan","Cloak And Dagger"],"picked":"Quick Slash","floor":1},{"not_picked":["Slice","Bane"],"picked":"Poisoned Stab","floor":2},{"not_picked":["Acrobatics","A Thousand Cuts"],"picked":"Well Laid Plans","floor":3},{"not_picked":["Dodge and Roll","Finisher"],"picked":"Infinite Blades","floor":4},{"not_picked":["Underhanded Strike","Deadly Poison"],"picked":"Glass Knife","floor":6}],"player_experience":847876,"relics_obtained":[{"floor":6,"key":"Orichalcum"},{"floor":9,"key":"Bag of Preparation"}],"event_choices":[{"damage_healed":0,"gold_gain":0,"player_choice":"Ignored","damage_taken":0,"max_hp_gain":0,"max_hp_loss":0,"event_name":"Golden Wing","floor":7,"gold_loss":0}],"is_beta":false,"boss_relics":[],"items_purged_floors":[],"is_endless":false,"potions_floor_spawned":[1,2,6],"killed_by":"Gremlin Nob","ascension_level":20}