{"gold_per_floor":[141,198,246,306,345,345,345,390,415,445,153,153,219,255,255,561,561,606,642,693,537,567,627,627,666,666,666,708,768,807,843,843,1152,1152,1191,855,900,933,987,987,1035,1083,1083,1140,1140,139,139,181,181,181],"floor_reached":51,"playtime":2347,"items_purged":["Berserk"],"score":832,"play_id":"cf136673-4d70-47be-9485-cd75b0522bbb","local_time":"20180704232515","daily_mods":["Heirloom","Shiny","Midas","Time Dilation","Vintage"],"is_ascension_mode":false,"campfire_choices":[{"floor":7.0,"key":"DIG"},{"floor":15.0,"key":"DIG"},{"floor":24.0,"key":"DIG"},{"floor":27.0,"key":"DIG"},{"floor":32.0,"key":"DIG"},{"floor":40.0,"key":"DIG"},{"floor":45.0,"key":"DIG"},{"floor":49,"key":"DIG"}],"neow_cost":"","seed_source_timestamp":0,"circlet_count":0,"master_deck":["Double Tap","Demon Form","Bludgeon","Feed+1","Limit Break","Barricade","Fiend Fire","Impervious+1","Juggernaut","Brutality","Reaper","Exhume","Offering+1","Immolate+1","Limit Break+1","Bludgeon+1","Apotheosis+1","Madness+1"],"special_seed":0,"relics":["Burning Blood","Shovel","Anchor","Singing Bowl","Bag of Preparation","Toxic Egg 2","Red Skull","Pear","Darkstone Periapt","Whetstone","Bronze Scales","Dream Catcher","Vajra","War Paint","Odd Mushroom","Self Forming Clay","Molten Egg 2","Lantern","Velvet Choker","Boot","Ornamental Fan","Orichalcum","Ancient Tea Set","Happy Flower","Pen Nib","Matryoshka","Juzu Bracelet","Art of War","Regal Pillow","Strawberry","Dodecahedron","Omamori","Mercury Hourglass","Kunai","Du-Vu Doll","Gremlin Horn","Cursed Key","Turnip","Paper Frog","The Courier","Peace Pipe","Centennial Puzzle","Letter Opener","Bottled Lightning","Potion Belt","Blood Vial","Champion Belt","Bag of Marbles","Bottled Tornado","Shuriken","Frozen Egg 2","Pantograph","Mummified Hand","Blue Candle","Thread and Needle"],"potions_floor_usage":[],"damage_taken":[{"damage":15.0,"enemies":"Jaw Worm","floor":1.0,"turns":2.0},{"damage":0.0,"enemies":"Small Slimes","floor":2.0,"turns":2.0},{"damage":2.0,"enemies":"2 Louse","floor":3.0,"turns":2.0},{"damage":4.0,"enemies":"Looter","floor":4.0,"turns":1.0},{"damage":4.0,"enemies":"3 Louse","floor":5.0,"turns":1.0},{"damage":9.0,"enemies":"Exordium Wildlife","floor":8.0,"turns":2.0},{"damage":7.0,"enemies":"Large Slime","floor":10.0,"turns":3.0},{"damage":12.0,"floor":13.0,"turns":2.0},{"damage":0.0,"enemies":"Looter","floor":14.0,"turns":1.0},{"damage":4.0,"enemies":"Slime Boss","floor":16.0,"turns":5.0},{"damage":0.0,"enemies":"3 Byrds","floor":18.0,"turns":2.0},{"damage":17.0,"enemies":"Shell Parasite","floor":19.0,"turns":3.0},{"damage":10.0,"enemies":"Cultist and Chosen","floor":20.0,"turns":6.0},{"damage":18.0,"enemies":"3 Cultists","floor":22.0,"turns":4.0},{"damage":4.0,"enemies":"Centurion and Healer","floor":23.0,"turns":1.0},{"damage":4.0,"enemies":"Snecko","floor":25.0,"turns":2.0},{"damage":4.0,"enemies":"Chosen and Byrds","floor":28.0,"turns":2.0},{"damage":11.0,"enemies":"Slaver and Parasite","floor":29.0,"turns":2.0},{"damage":14.0,"enemies":"Centurion and Healer","floor":30.0,"turns":2.0},{"damage":4.0,"enemies":"3 Cultists","floor":31.0,"turns":1.0},{"damage":30.0,"enemies":"Automaton","floor":33.0,"turns":5.0},{"damage":18.0,"enemies":"3 Shapes","floor":35.0,"turns":2.0},{"damage":5.0,"enemies":"Orb Walker","floor":37.0,"turns":2.0},{"damage":28.0,"enemies":"Maw","floor":38.0,"turns":4.0},{"damage":4.0,"enemies":"3 Darklings","floor":39.0,"turns":1.0},{"damage":4.0,"enemies":"Sphere and 2 Shapes","floor":41.0,"turns":2.0},{"damage":30.0,"enemies":"Maw","floor":42.0,"turns":3.0},{"damage":4.0,"enemies":"4 Shapes","floor":44.0,"turns":1.0},{"damage":4,"enemies":"Sphere and 2 Shapes","floor":48,"turns":1},{"damage":33,"enemies":"Donu and Deca","floor":50,"turns":5}],"seed_played":"8963529510750327679","potions_obtained":[{"floor":3.0,"key":"EssenceOfSteel"},{"floor":4.0,"key":"FearPotion"},{"floor":13.0,"key":"SteroidPotion"},{"floor":25.0,"key":"Ancient Potion"},{"floor":30.0,"key":"Fire Potion"},{"floor":42.0,"key":"Regen Potion"},{"floor":44.0,"key":"Explosive Potion"}],"is_trial":true,"path_per_floor":["M","M","M","M","M","?","R","M","T","M","$","?","?","M","R","B",null,"M","M","M","$","M","M","R","M","T","R","M","M","M","M","R","B",null,"M","$","M","M","M","R","M","M","T","M","R","$","?","M","R","B"],"character_chosen":"IRONCLAD","items_purchased":["Vajra","War Paint","Ancient Tea Set","Paper Frog","Apotheosis+1","Shuriken","Frozen Egg 2","Pantograph","Mummified Hand"],"campfire_rested":0,"item_purchase_floors":[],"current_hp_per_floor":[74,80,83,83,83,90,90,87,87,90,90,83,101,103,103,103,103,103,92,88,88,90,92,92,94,94,101,103,98,90,92,92,68,110,108,108,109,87,89,89,103,79,79,95,95,95,95,99,99,97],"gold":181,"neow_bonus":"","is_prod":false,"is_daily":false,"chose_seed":true,"campfire_upgraded":0,"win_rate":0.0,"timestamp":1530721515,"path_taken":["M","M","M","M","M","?","R","M","T","M","$","?","?","M","R","BOSS","M","M","M","$","M","M","R","M","T","R","M","M","M","M","R","BOSS","M","$","M","M","M","R","M","M","T","M","R","$","?","M","R","BOSS"],"build_version":"2018-06-28","purchased_purges":1,"victory":true,"max_hp_per_floor":[83,83,83,83,83,93,93,93,93,97,97,97,103,103,103,103,103,103,103,103,103,103,103,103,103,103,110,110,110,110,110,110,110,110,110,110,110,110,110,110,110,110,110,110,110,110,110,110,110,110],"card_choices":[{"not_picked":["Second Wind+1","Perfected Strike","Power Through+1"],"picked":"Singing Bowl","floor":13.0},{"not_picked":["Dark Embrace","Exhume+1"],"picked":"Limit Break+1","floor":16.0},{"not_picked":["Demon Form","Immolate+1"],"picked":"Bludgeon+1","floor":33.0},{"not_picked":["Blind+1","Deep Breath+1"],"picked":"Madness+1","floor":47}],"player_experience":35144,"relics_obtained":[{"floor":1.0,"key":"Anchor"},{"floor":2.0,"key":"Singing Bowl"},{"floor":3.0,"key":"Bag of Preparation"},{"floor":4.0,"key":"Toxic Egg 2"},{"floor":5.0,"key":"Red Skull"},{"floor":7.0,"key":"Darkstone Periapt"},{"floor":8.0,"key":"Whetstone"},{"floor":9.0,"key":"Bronze Scales"},{"floor":10.0,"key":"Dream Catcher"},{"floor":13.0,"key":"Odd Mushroom"},{"floor":14.0,"key":"Self Forming Clay"},{"floor":15.0,"key":"Molten Egg 2"},{"floor":16.0,"key":"Lantern"},{"floor":18.0,"key":"Boot"},{"floor":19.0,"key":"Ornamental Fan"},{"floor":20.0,"key":"Orichalcum"},{"floor":22.0,"key":"Happy Flower"},{"floor":23.0,"key":"Pen Nib"},{"floor":24.0,"key":"Matryoshka"},{"floor":25.0,"key":"Juzu Bracelet"},{"floor":26.0,"key":"Art of War"},{"floor":26.0,"key":"Regal Pillow"},{"floor":27.0,"key":"Strawberry"},{"floor":28.0,"key":"Dodecahedron"},{"floor":29.0,"key":"Omamori"},{"floor":30.0,"key":"Mercury Hourglass"},{"floor":31.0,"key":"Kunai"},{"floor":32.0,"key":"Du-Vu Doll"},{"floor":33.0,"key":"Gremlin Horn"},{"floor":35.0,"key":"Turnip"},{"floor":37.0,"key":"The Courier"},{"floor":38.0,"key":"Peace Pipe"},{"floor":39.0,"key":"Centennial Puzzle"},{"floor":40.0,"key":"Letter Opener"},{"floor":41.0,"key":"Bottled Lightning"},{"floor":42.0,"key":"Potion Belt"},{"floor":43.0,"key":"Blood Vial"},{"floor":43.0,"key":"Champion Belt"},{"floor":44.0,"key":"Bag of Marbles"},{"floor":45.0,"key":"Bottled Tornado"},{"floor":48,"key":"Blue Candle"},{"floor":49,"key":"Thread and Needle"}],"event_choices":[{"event_name":"Scrap Ooze","player_choice":"success","floor":6.0,"damage_taken":3.0},{"event_name":"Golden Wing","player_choice":"Card Removal","floor":12.0,"damage_taken":0.0},{"event_name":"Mushrooms","player_choice":"Fought Mushrooms","floor":13.0,"damage_taken":0.0},{"event_name":"SensoryStone","player_choice":"Memory 1","floor":47,"damage_taken":0}],"boss_relics":[{"not_picked":["Ectoplasm","Pandora\u0027s Box"],"picked":"Velvet Choker"},{"not_picked":["Runic Pyramid","Philosopher\u0027s Stone"],"picked":"Cursed Key"}],"items_purged_floors":[],"is_endless":false,"potions_floor_spawned":[3,4,13,14,18,25,30,31,33,38,42,44,48],"ascension_level":0}