{"path_per_floor":["M","?","?","M","?","E","R","E","T","M","R","T","R","M","R","B",null,"M","?","M","$","M","R","M","E","T","M","$","R","M","M","R","B",null,"M","?","M","?","$","E","R"],"character_chosen":"DEFECT","items_purchased":["Runic Capacitor","Pantograph","Leap","Defragment"],"gold_per_floor":[144,219,169,187,187,256,256,295,295,318,318,318,318,337,337,458,458,478,513,531,15,40,40,56,89,89,108,33,33,54,75,75,195,195,215,215,238,238,68,108,108,108],"floor_reached":42,"campfire_rested":5,"playtime":2439,"item_purchase_floors":[21,21,21,39],"current_hp_per_floor":[80,69,69,60,60,60,60,32,42,42,69,69,69,69,69,69,90,60,48,31,31,11,38,38,11,11,5,5,32,23,6,33,31,92,66,66,68,56,56,21,49,0],"items_purged":["Strike_B","Injury"],"gold":108,"score":636,"play_id":"35598497-49da-43ad-a8f2-9123f952746e","local_time":"20180610210012","is_prod":false,"is_daily":false,"chose_seed":false,"is_ascension_mode":true,"campfire_upgraded":3,"win_rate":0,"timestamp":1528682412,"campfire_choices":[{"data":"Chaos","floor":7,"key":"SMITH"},{"floor":11,"key":"REST"},{"data":"Sunder","floor":13,"key":"SMITH"},{"data":"Zap","floor":15,"key":"SMITH"},{"floor":23,"key":"REST"},{"floor":29,"key":"REST"},{"floor":32,"key":"REST"},{"floor":41,"key":"REST"}],"path_taken":["M","?","?","M","?","E","R","E","T","M","R","?","R","M","R","BOSS","M","?","M","$","M","R","M","E","T","M","$","R","M","?","R","BOSS","M","?","M","?","?","E","R","E"],"build_version":"2018-06-07v3","seed_source_timestamp":2135086058923170,"purchased_purges":2,"victory":false,"master_deck":["Zap+1","Dualcast","Go for the Eyes","Undo","Sunder+1","Chaos+1","Core Surge","Gash","Tempest","Creative AI","BootSequence","Chill+1","White Noise+1","Leap","Streamline+1","Fusion","Glacier","Meteor Strike","Electrodynamics","Coolheaded","Tempest","Go for the Eyes","Beam Cell","Reinforced Body","Consume","Magnetism","Madness","Madness","Defragment","Aggregate+1"],"max_hp_per_floor":[80,80,80,80,80,80,80,80,90,90,90,90,90,90,90,90,90,90,90,90,90,90,90,90,90,90,92,92,92,92,92,92,92,92,94,94,96,96,96,96,96,96],"relics":["Tiny House","Golden Idol","Tiny Chest","Ice Cream","Pear","Bottled Lightning","Runic Pyramid","Red Mask","Runic Capacitor","Pantograph","Dodecahedron","Singing Bowl","Pandora\u0027s Box","Toxic Egg 2"],"card_choices":[{"not_picked":["Stack","Redo"],"picked":"Go for the Eyes","floor":0},{"not_picked":["Steam Power","Skim"],"picked":"Undo","floor":1},{"not_picked":["Self Repair","Sweeping Beam"],"picked":"Sunder","floor":4},{"not_picked":["Melter","Rip and Tear"],"picked":"Chaos","floor":6},{"not_picked":["BootSequence","Doom and Gloom"],"picked":"Core Surge","floor":8},{"not_picked":["Cold Snap","Steam Power"],"picked":"Gash","floor":10},{"not_picked":["Compile Driver","Steam Power"],"picked":"Tempest","floor":14},{"not_picked":["Seek","Fission"],"picked":"Creative AI","floor":16},{"not_picked":["Stack","Ball Lightning"],"picked":"BootSequence","floor":18},{"not_picked":["FTL","Ball Lightning"],"picked":"Chill+1","floor":19},{"not_picked":["Genetic Algorithm","Ball Lightning"],"picked":"White Noise+1","floor":20},{"not_picked":["Static Discharge","Recycle"],"picked":"Streamline+1","floor":22},{"not_picked":["Redo","Recycle","Ball Lightning"],"picked":"SKIP","floor":24},{"not_picked":["Stack","Gash"],"picked":"Fusion","floor":25},{"not_picked":["Ball Lightning","Undo+1","Go for the Eyes"],"picked":"Singing Bowl","floor":27},{"not_picked":["Compile Driver","Leap"],"picked":"Glacier","floor":30},{"not_picked":["Sweeping Beam","Darkness+1"],"picked":"Meteor Strike","floor":31},{"not_picked":["Creative AI","Multi-Cast"],"picked":"Electrodynamics","floor":33},{"not_picked":["Glacier+1","Genetic Algorithm+1","FTL+1"],"picked":"Singing Bowl","floor":35},{"not_picked":["Trip","Swift Strike"],"picked":"Magnetism","floor":36},{"not_picked":["Scrape","Force Field+1","Beam Cell+1"],"picked":"Singing Bowl","floor":37},{"not_picked":["Leap+1","Darkness+1"],"picked":"Aggregate+1","floor":40}],"player_experience":360196,"potions_floor_usage":[6,19,25,27,40],"damage_taken":[{"damage":0,"enemies":"2 Louse","floor":1,"turns":2},{"damage":9,"enemies":"Small Slimes","floor":4,"turns":4},{"damage":0,"enemies":"3 Sentries","floor":6,"turns":5},{"damage":28,"enemies":"Gremlin Nob","floor":8,"turns":5},{"damage":0,"enemies":"Jaw Worm","floor":10,"turns":4},{"damage":0,"enemies":"Large Slime","floor":14,"turns":5},{"damage":0,"enemies":"Slime Boss","floor":16,"turns":9},{"damage":30,"enemies":"2 Thieves","floor":18,"turns":4},{"damage":12,"floor":19,"turns":3},{"damage":17,"enemies":"Shell Parasite","floor":20,"turns":5},{"damage":20,"enemies":"Snake Plant","floor":22,"turns":7},{"damage":0,"enemies":"Cultist and Chosen","floor":24,"turns":5},{"damage":27,"enemies":"Book of Stabbing","floor":25,"turns":5},{"damage":28,"enemies":"Centurion and Healer","floor":27,"turns":5},{"damage":9,"enemies":"Slaver and Parasite","floor":30,"turns":7},{"damage":17,"enemies":"Snake Plant","floor":31,"turns":4},{"damage":27,"enemies":"Automaton","floor":33,"turns":13},{"damage":28,"enemies":"3 Darklings","floor":35,"turns":5},{"damage":0,"enemies":"Orb Walker","floor":37,"turns":4},{"damage":35,"enemies":"Giant Head","floor":40,"turns":9},{"damage":59,"enemies":"2 Orb Walkers","floor":42,"turns":5}],"relics_obtained":[{"floor":6,"key":"Tiny Chest"},{"floor":8,"key":"Ice Cream"},{"floor":9,"key":"Pear"},{"floor":12,"key":"Bottled Lightning"},{"floor":19,"key":"Red Mask"},{"floor":25,"key":"Dodecahedron"},{"floor":26,"key":"Singing Bowl"},{"floor":40,"key":"Toxic Egg 2"}],"event_choices":[{"event_name":"World of Goop","player_choice":"Gather Gold","floor":2,"damage_taken":0},{"event_name":"The Cleric","player_choice":"Card Removal","floor":3,"damage_taken":0},{"event_name":"Golden Idol","player_choice":"Take Wound","floor":5,"damage_taken":0},{"event_name":"Masked Bandits","player_choice":"Fought over 478 gold","floor":19,"damage_taken":0},{"event_name":"SensoryStone","player_choice":"Memory 1","floor":36,"damage_taken":0},{"event_name":"Winding Halls","player_choice":"Embrace Madness","floor":38,"damage_taken":0}],"boss_relics":[{"not_picked":["Orrery","Ectoplasm"],"picked":"Runic Pyramid"},{"not_picked":["Black Star","Velvet Choker"],"picked":"Pandora\u0027s Box"}],"items_purged_floors":[28,39],"potions_floor_spawned":[8,14,16,20,22,24,25,31,37],"seed_played":"317901505049273966","killed_by":"2 Orb Walkers","ascension_level":3,"potions_obtained":[{"floor":0,"key":"Explosive Potion"},{"floor":8,"key":"FocusPotion"},{"floor":14,"key":"Fire Potion"},{"floor":16,"key":"FearPotion"},{"floor":20,"key":"SpeedPotion"},{"floor":22,"key":"Energy Potion"},{"floor":24,"key":"FairyPotion"},{"floor":25,"key":"Strength Potion"},{"floor":31,"key":"LiquidBronze"},{"floor":37,"key":"AttackPotion"}],"is_trial":false}