{"gold_per_floor":[118,118,118,118,56,87,87,111,111,127,151,186,207,30,30,120,120,139,36,61,61,73,101,101,135,135,152,98,98,110,127,127,198,198,217,217,59,59,72,72,72,72,72,14,14,62,62],"floor_reached":47,"playtime":1602,"items_purged":["Strike_R","Strike_R"],"score":893,"play_id":"22be241d-22c3-4c86-b08e-2972086ec5c8","local_time":"20180921225218","is_ascension_mode":true,"campfire_choices":[{"data":"Armaments","floor":7,"key":"SMITH"},{"data":"Demon Form","floor":15,"key":"SMITH"},{"floor":24,"key":"REST"},{"data":"Corruption","floor":29,"key":"SMITH"},{"floor":32,"key":"REST"},{"data":"Double Tap","floor":40,"key":"SMITH"},{"data":"Pommel Strike","floor":42,"key":"SMITH"}],"neow_cost":"NONE","seed_source_timestamp":431567873695505,"circlet_count":0,"master_deck":["Strike_R","Strike_R","Defend_R","Defend_R","Defend_R","Defend_R","Bash+1","AscendersBane","Anger","Armaments+1","Clothesline","Infernal Blade","Disarm","Body Slam","Corruption+1","Demon Form+1","Impervious","Pommel Strike+1","Shrug It Off","Havoc","Double Tap+1","Finesse","Headbutt"],"relics":["Burning Blood","NeowsBlessing","Bloody Idol","Strawberry","Magic Flower","Matryoshka","Potion Belt","Busted Crown","Torii","Orichalcum","Anchor","Singing Bowl","Philosopher\u0027s Stone","Bird Faced Urn","Omamori","Question Card","Red Skull"],"potions_floor_usage":[23,25,33,33,33,47],"damage_taken":[{"damage":0,"enemies":"2 Louse","floor":1,"turns":1},{"damage":0,"enemies":"Lagavulin","floor":6,"turns":1},{"damage":0,"enemies":"Jaw Worm","floor":8,"turns":1},{"damage":0,"enemies":"Small Slimes","floor":10,"turns":1},{"damage":0,"enemies":"3 Louse","floor":11,"turns":5},{"damage":24,"enemies":"Gremlin Nob","floor":12,"turns":5},{"damage":6,"enemies":"Looter","floor":13,"turns":3},{"damage":39,"enemies":"Slime Boss","floor":16,"turns":7},{"damage":7,"enemies":"Chosen","floor":18,"turns":4},{"damage":17,"enemies":"2 Thieves","floor":20,"turns":4},{"damage":38,"enemies":"Centurion and Healer","floor":22,"turns":6},{"damage":30,"enemies":"Gremlin Leader","floor":23,"turns":5},{"damage":18,"enemies":"Slavers","floor":25,"turns":5},{"damage":20,"enemies":"Snecko","floor":27,"turns":5},{"damage":15,"enemies":"Snake Plant","floor":30,"turns":5},{"damage":32,"enemies":"3 Cultists","floor":31,"turns":6},{"damage":71,"enemies":"Automaton","floor":33,"turns":8},{"damage":22,"enemies":"Orb Walker","floor":35,"turns":4},{"damage":1,"enemies":"3 Shapes","floor":39,"turns":6},{"damage":16,"enemies":"Mind Bloom Boss Battle","floor":41,"turns":8},{"damage":83,"enemies":"Reptomancer","floor":47,"turns":4}],"seed_played":"1593985857492657045","potions_obtained":[{"floor":8,"key":"Explosive Potion"},{"floor":10,"key":"BloodPotion"},{"floor":12,"key":"Strength Potion"},{"floor":20,"key":"PowerPotion"},{"floor":23,"key":"Explosive Potion"},{"floor":27,"key":"EssenceOfSteel"},{"floor":30,"key":"Regen Potion"},{"floor":33,"key":"Poison Potion"},{"floor":39,"key":"Fire Potion"},{"floor":41,"key":"LiquidBronze"}],"is_trial":false,"path_per_floor":["M","?","?","?","$","E","R","M","T","M","M","E","M","$","R","B",null,"M","$","M","?","M","E","R","E","T","M","$","R","M","M","R","B",null,"M","?","$","?","M","R","?","R","T","$","?","T"],"character_chosen":"IRONCLAD","items_purchased":["Armaments","Potion Belt","Shrug It Off","Havoc","SkillPotion","Energy Potion"],"campfire_rested":2,"item_purchase_floors":[5,14,19,28,37,44],"current_hp_per_floor":[74,68,73,73,73,80,80,80,80,80,80,65,74,74,74,44,71,73,73,65,65,41,25,49,45,45,41,41,41,42,26,51,18,69,63,63,63,63,78,78,71,71,71,71,71,76,0],"gold":62,"neow_bonus":"THREE_ENEMY_KILL","is_prod":false,"is_daily":false,"chose_seed":false,"campfire_upgraded":5,"win_rate":0,"timestamp":1537584738,"path_taken":["M","?","?","?","?","E","R","M","T","M","M","E","M","$","R","BOSS","M","?","M","?","M","E","R","E","T","M","$","R","M","M","R","BOSS","M","?","?","?","M","R","?","R","T","$","?","?","?"],"build_version":"2018-09-20","purchased_purges":2,"victory":false,"max_hp_per_floor":[75,68,73,73,73,80,80,80,80,80,80,80,80,80,80,80,80,80,80,80,80,80,80,80,80,80,82,82,82,84,86,86,86,86,88,88,88,88,90,90,90,90,90,90,85,85,85],"card_choices":[{"not_picked":["Armaments","Havoc"],"picked":"Anger","floor":1},{"not_picked":["Clash","Anger"],"picked":"Clothesline","floor":6},{"not_picked":["Cleave","Iron Wave"],"picked":"Infernal Blade","floor":8},{"not_picked":["Inflame","Infernal Blade"],"picked":"Disarm","floor":10},{"not_picked":["Carnage","Flex"],"picked":"Body Slam","floor":11},{"not_picked":["Disarm","Sentinel"],"picked":"Corruption","floor":12},{"not_picked":["Shrug It Off","Burning Pact"],"picked":"Demon Form","floor":13},{"not_picked":["Demon Form","Double Tap"],"picked":"Impervious","floor":16},{"not_picked":[],"picked":"Pommel Strike","floor":18},{"not_picked":["Clash"],"picked":"SKIP","floor":20},{"not_picked":["Body Slam"],"picked":"SKIP","floor":22},{"not_picked":["Body Slam"],"picked":"SKIP","floor":22},{"not_picked":["Anger"],"picked":"SKIP","floor":23},{"not_picked":["Perfected Strike"],"picked":"SKIP","floor":25},{"not_picked":["Clash+1"],"picked":"Singing Bowl","floor":27},{"not_picked":["Rupture"],"picked":"Singing Bowl","floor":30},{"not_picked":["Rupture"],"picked":"Singing Bowl","floor":31},{"not_picked":[],"picked":"Double Tap","floor":33},{"not_picked":["Havoc"],"picked":"Singing Bowl","floor":35},{"not_picked":[],"picked":"Finesse","floor":38},{"not_picked":["Clash"],"picked":"Singing Bowl","floor":39},{"not_picked":[],"picked":"Headbutt","floor":41}],"player_experience":492245,"relics_obtained":[{"floor":6,"key":"Strawberry"},{"floor":9,"key":"Magic Flower"},{"floor":12,"key":"Matryoshka"},{"floor":23,"key":"Torii"},{"floor":25,"key":"Orichalcum"},{"floor":26,"key":"Anchor"},{"floor":26,"key":"Singing Bowl"},{"floor":41,"key":"Bird Faced Urn"},{"floor":43,"key":"Omamori"},{"floor":43,"key":"Question Card"},{"floor":46,"key":"Red Skull"}],"event_choices":[{"event_name":"Golden Idol","player_choice":"Lose Max HP","floor":2,"damage_taken":0},{"event_name":"Big Fish","player_choice":"Donut","floor":3,"damage_taken":0},{"event_name":"Living Wall","player_choice":"Grow","floor":4,"damage_taken":0},{"event_name":"Forgotten Altar","player_choice":"Gave Idol","floor":21,"damage_taken":0},{"event_name":"Falling","player_choice":"Removed Attack","floor":36,"damage_taken":0},{"event_name":"SensoryStone","player_choice":"Memory 1","floor":38,"damage_taken":0},{"event_name":"MindBloom","player_choice":"Fight","floor":41,"damage_taken":0},{"event_name":"Winding Halls","player_choice":"Max HP","floor":45,"damage_taken":0}],"is_beta":false,"boss_relics":[{"not_picked":["Tiny House","Calling Bell"],"picked":"Busted Crown"},{"not_picked":["Black Star","Orrery"],"picked":"Philosopher\u0027s Stone"}],"items_purged_floors":[19,37],"is_endless":false,"potions_floor_spawned":[8,10,12,13,20,23,27,30,33,39,41],"killed_by":"Reptomancer","ascension_level":16}