{"gold_per_floor":[113,132,382,393,413,413,413,302,373,405,415,435,450,625,625,625],"floor_reached":16,"playtime":656,"items_purged":["Regret"],"score":104,"play_id":"2b805e11-e85d-487e-9e03-486a20a7eff0","local_time":"20180630201318","is_ascension_mode":false,"campfire_choices":[{"data":"Sunder","floor":6,"key":"SMITH"},{"floor":15,"key":"REST"}],"neow_cost":"CURSE","seed_source_timestamp":766005458007886,"circlet_count":0,"master_deck":["Strike_B","Strike_B","Strike_B","Strike_B","Defend_B","Defend_B","Defend_B","Defend_B","Zap","Dualcast","Conserve Battery","Sunder+1","Regret","Hologram","Double Energy","Parasite","Defragment","Ball Lightning","Amplify+1","Doom and Gloom","Doubt"],"relics":["Cracked Core","Toxic Egg 2","Potion Belt"],"potions_floor_usage":[16,16,16,16],"damage_taken":[{"damage":8,"enemies":"Jaw Worm","floor":1,"turns":3},{"damage":2,"enemies":"Cultist","floor":2,"turns":3},{"damage":0,"enemies":"2 Louse","floor":4,"turns":2},{"damage":11,"enemies":"Blue Slaver","floor":5,"turns":4},{"damage":28,"enemies":"3 Sentries","floor":10,"turns":6},{"damage":2,"enemies":"Exordium Wildlife","floor":11,"turns":3},{"damage":25,"enemies":"Exordium Thugs","floor":12,"turns":3},{"damage":21,"enemies":"Blue Slaver","floor":13,"turns":3},{"damage":41,"enemies":"The Guardian","floor":16,"turns":8}],"seed_played":"4802446924122953280","potions_obtained":[{"floor":2,"key":"EssenceOfSteel"},{"floor":5,"key":"Poison Potion"},{"floor":12,"key":"Fire Potion"},{"floor":13,"key":"Block Potion"}],"is_trial":false,"path_per_floor":["M","M","?","M","M","R","?","$","T","E","M","M","M","?","R"],"character_chosen":"DEFECT","items_purchased":["Defragment"],"campfire_rested":1,"item_purchase_floors":[8],"current_hp_per_floor":[81,79,79,79,68,68,89,89,89,61,59,34,13,13,39,0],"gold":625,"neow_bonus":"TWENTY_PERCENT_HP_BONUS","is_prod":false,"is_daily":false,"chose_seed":false,"campfire_upgraded":1,"win_rate":0,"timestamp":1530364398,"path_taken":["M","M","?","M","M","R","?","$","T","E","M","?","M","?","R","BOSS"],"build_version":"2018-06-28","purchased_purges":1,"victory":false,"max_hp_per_floor":[89,89,89,89,89,89,89,89,89,89,89,89,89,89,89,89],"card_choices":[{"not_picked":["Beam Cell","Go for the Eyes"],"picked":"Conserve Battery","floor":1},{"not_picked":["Streamline","Doom and Gloom"],"picked":"Sunder","floor":2},{"not_picked":["Streamline","Skim"],"picked":"Hologram","floor":4},{"not_picked":["Compile Driver","White Noise"],"picked":"Double Energy","floor":5},{"not_picked":["Barrage","Blizzard","Rebound"],"picked":"SKIP","floor":10},{"not_picked":["Sweeping Beam","Steam+1"],"picked":"Ball Lightning","floor":11},{"not_picked":["Leap+1","Compile Driver"],"picked":"Amplify+1","floor":12},{"not_picked":["Ball Lightning","Meteor Strike"],"picked":"Doom and Gloom","floor":13}],"player_experience":17347,"relics_obtained":[{"floor":9,"key":"Toxic Egg 2"},{"floor":10,"key":"Potion Belt"}],"event_choices":[{"event_name":"Golden Shrine","player_choice":"Desecrate","floor":3,"damage_taken":0},{"event_name":"Mushrooms","player_choice":"Healed and dodged fight","floor":7,"damage_taken":0},{"event_name":"Liars Game","player_choice":"agreed","floor":14,"damage_taken":0}],"boss_relics":[],"items_purged_floors":[8],"is_endless":false,"potions_floor_spawned":[2,5,12,13],"killed_by":"The Guardian","ascension_level":0}