{"gold_per_floor":[217,217,217,25,25,60,78,78,78,78,78,116,129,145,145,145],"floor_reached":16,"playtime":665,"items_purged":[],"score":110,"play_id":"bed040c3-3385-4389-b5e7-c59e7d6a915f","local_time":"20190111112425","is_ascension_mode":true,"campfire_choices":[{"floor":8,"key":"REST"},{"data":"Neutralize","floor":10,"key":"SMITH"},{"floor":15,"key":"REST"}],"neow_cost":"NONE","seed_source_timestamp":125351966451950,"circlet_count":0,"master_deck":["Defend_G","Defend_G","Defend_G","Defend_G","Defend_G","Strike_G","Strike_G","Strike_G","Strike_G","Strike_G","Survivor","Neutralize+1","PiercingWail","Doppelganger","Prepared","Catalyst","Escape Plan","Catalyst"],"relics":["Ring of the Snake","Letter Opener","Golden Idol","Toolbox","Unceasing Top","Juzu Bracelet"],"potions_floor_usage":[16,16],"damage_taken":[{"damage":2,"enemies":"Small Slimes","floor":1,"turns":6},{"damage":26,"enemies":"Gremlin Nob","floor":6,"turns":4},{"damage":6,"enemies":"Jaw Worm","floor":7,"turns":4},{"damage":0,"enemies":"2 Louse","floor":12,"turns":2},{"damage":9,"enemies":"Exordium Thugs","floor":13,"turns":8},{"damage":0,"enemies":"Blue Slaver","floor":14,"turns":5},{"damage":70,"enemies":"Hexaghost","floor":16,"turns":15}],"seed_played":"-6305985557282668152","potions_obtained":[{"floor":6,"key":"Strength Potion"},{"floor":13,"key":"Regen Potion"},{"floor":14,"key":"GhostInAJar"}],"is_trial":false,"path_per_floor":["M","?","?","$","$","E","M","R","T","R","?","M","M","M","R","B"],"character_chosen":"THE_SILENT","items_purchased":["Toolbox"],"campfire_rested":2,"item_purchase_floors":[4],"current_hp_per_floor":[68,68,51,51,51,25,19,40,40,40,40,40,31,31,52,0],"gold":145,"neow_bonus":"HUNDRED_GOLD","is_prod":false,"is_daily":false,"chose_seed":false,"campfire_upgraded":1,"win_rate":0,"timestamp":1547177065,"path_taken":["M","?","?","?","$","E","M","R","T","R","?","M","M","M","R","BOSS"],"build_version":"2019-01-10","purchased_purges":0,"victory":false,"max_hp_per_floor":[70,70,70,70,70,70,70,70,70,70,70,70,70,70,70,70],"card_choices":[{"not_picked":["Dagger Spray","Choke"],"picked":"PiercingWail","floor":1},{"not_picked":["Flying Knee","Sucker Punch"],"picked":"Doppelganger","floor":6},{"not_picked":["Quick Slash","Dagger Spray"],"picked":"Prepared","floor":7},{"not_picked":["Heel Hook","Poisoned Stab"],"picked":"Catalyst","floor":12},{"not_picked":["All Out Attack","Outmaneuver"],"picked":"Escape Plan","floor":13},{"not_picked":["Dagger Spray","Bane"],"picked":"Catalyst","floor":14}],"player_experience":260543,"relics_obtained":[{"floor":6,"key":"Unceasing Top"},{"floor":9,"key":"Juzu Bracelet"}],"event_choices":[{"damage_healed":0,"gold_gain":0,"player_choice":"Box","damage_taken":0,"relics_obtained":["Letter Opener"],"max_hp_gain":0,"max_hp_loss":0,"event_name":"Big Fish","floor":2,"gold_loss":0,"cards_obtained":["Regret"]},{"damage_healed":0,"gold_gain":0,"player_choice":"Take Damage","damage_taken":17,"relics_obtained":["Golden Idol"],"max_hp_gain":0,"max_hp_loss":0,"event_name":"Golden Idol","floor":3,"gold_loss":0},{"cards_removed":["Regret"],"damage_healed":0,"gold_gain":0,"player_choice":"Removed Curses","damage_taken":0,"max_hp_gain":0,"max_hp_loss":0,"event_name":"Fountain of Cleansing","floor":11,"gold_loss":0}],"is_beta":false,"boss_relics":[],"items_purged_floors":[],"is_endless":false,"potions_floor_spawned":[6,13,14],"killed_by":"Hexaghost","ascension_level":2}