{"gold_per_floor":[112,112,112,130,151,151,170,206,206,206,38,62,76,112,112,201,201,222,222,222,222,115,115,154,154,223,223,239,273,146,146,146,146],"floor_reached":33,"playtime":1177,"items_purged":["Writhe","Bite"],"score":657,"play_id":"2bdec8a5-3080-4b01-87f0-fbfd40448527","local_time":"20190115000300","is_ascension_mode":true,"campfire_choices":[{"data":"Bane","floor":6.0,"key":"SMITH"},{"data":"Crippling Poison","floor":10.0,"key":"SMITH"},{"data":"Corpse Explosion","floor":15,"key":"SMITH"},{"data":"Die Die Die","floor":23,"key":"SMITH"},{"floor":25,"key":"REST"},{"data":"Noxious Fumes","floor":27,"key":"SMITH"},{"data":"Leg Sweep","floor":32,"key":"SMITH"}],"neow_cost":"TEN_PERCENT_HP_LOSS","seed_source_timestamp":0,"circlet_count":0,"master_deck":["AscendersBane","Defend_G+1","Defend_G+1","Defend_G+1","Defend_G+1","Defend_G+1","Survivor","Neutralize","Corpse Explosion+1","Bane+1","Noxious Fumes+1","Noxious Fumes","Crippling Poison+1","Backflip","Die Die Die+1","Bite","Bite","Bite","Bite","Leg Sweep+1"],"special_seed":0,"relics":["Ring of the Snake","Golden Idol","Happy Flower","Smiling Mask","Orichalcum","Matryoshka","Snecko Eye","Boot","Bag of Marbles","Bottled Lightning","Lantern","MutagenicStrength"],"potions_floor_usage":[14,16,24,29],"damage_taken":[{"damage":9.0,"enemies":"Jaw Worm","floor":1.0,"turns":4.0},{"damage":0.0,"enemies":"2 Louse","floor":4.0,"turns":1.0},{"damage":0.0,"enemies":"Cultist","floor":5.0,"turns":3.0},{"damage":4.0,"enemies":"Looter","floor":7.0,"turns":4.0},{"damage":10.0,"enemies":"Lagavulin","floor":8.0,"turns":6.0},{"damage":3.0,"enemies":"Blue Slaver","floor":12.0,"turns":4.0},{"damage":7.0,"enemies":"Large Slime","floor":13.0,"turns":5.0},{"damage":17,"enemies":"Gremlin Nob","floor":14,"turns":4},{"damage":5,"enemies":"Hexaghost","floor":16,"turns":8},{"damage":10,"enemies":"2 Thieves","floor":18,"turns":3},{"damage":37,"enemies":"Book of Stabbing","floor":24,"turns":5},{"damage":15,"enemies":"Chosen","floor":28,"turns":4},{"damage":0,"enemies":"Slavers","floor":29,"turns":2},{"damage":57,"enemies":"Automaton","floor":33,"turns":10}],"seed_played":"-2829539419412501133","potions_obtained":[{"floor":1.0,"key":"LiquidBronze"},{"floor":4.0,"key":"AttackPotion"},{"floor":7.0,"key":"SpeedPotion"},{"floor":8.0,"key":"GhostInAJar"},{"floor":24,"key":"SkillPotion"}],"is_trial":false,"path_per_floor":["M","?","?","M","M","R","M","E","T","R","$","M","M","E","R","B",null,"M","?","?","?","$","R","E","R","T","R","M","E","$","?","R","B"],"character_chosen":"THE_SILENT","items_purchased":["Orichalcum","Block Potion","Leg Sweep"],"campfire_rested":1,"item_purchase_floors":[11,22,30],"current_hp_per_floor":[50,50,55,55,55,55,51,41,41,41,41,38,31,14,14,9,47,37,37,37,37,37,37,14,26,26,26,19,25,25,25,25,0],"gold":146,"neow_bonus":"THREE_RARE_CARDS","is_prod":false,"is_daily":false,"chose_seed":false,"campfire_upgraded":6,"win_rate":0,"timestamp":1547528580,"path_taken":["M","?","?","M","?","R","?","E","T","R","$","M","M","E","R","BOSS","M","?","?","?","$","R","E","R","T","R","?","E","?","?","R","BOSS"],"build_version":"2019-01-10","purchased_purges":2,"victory":false,"max_hp_per_floor":[60,54,59,59,59,59,59,59,59,59,59,59,59,59,59,59,59,59,41,41,41,41,41,41,41,41,41,41,41,41,41,41,41],"card_choices":[{"not_picked":["Die Die Die","Venomology"],"picked":"Corpse Explosion","floor":0.0},{"not_picked":["Flechettes","Blade Dance"],"picked":"Bane","floor":1.0},{"not_picked":["Flying Knee","Flechettes"],"picked":"Noxious Fumes","floor":4.0},{"not_picked":["Dagger Throw","Bane"],"picked":"Noxious Fumes","floor":5.0},{"not_picked":["Outmaneuver","Poisoned Stab"],"picked":"Crippling Poison","floor":7.0},{"not_picked":["Dodge and Roll","Dagger Spray"],"picked":"Backflip","floor":8.0},{"not_picked":["Terror","Underhanded Strike","Setup"],"picked":"SKIP","floor":12.0},{"not_picked":["Tactician","Prepared","Blade Dance"],"picked":"SKIP","floor":13.0},{"not_picked":["Choke","Grand Finale","Flechettes"],"picked":"SKIP","floor":14},{"not_picked":["Night Terror","Tools of the Trade"],"picked":"Die Die Die","floor":16},{"not_picked":["Infinite Blades","Riddle With Holes","Outmaneuver"],"picked":"SKIP","floor":18},{"not_picked":["Reflex","Unload","Underhanded Strike"],"picked":"SKIP","floor":24},{"not_picked":["Choke","Flechettes","Sucker Punch"],"picked":"SKIP","floor":28},{"not_picked":["Flying Knee","Concentrate","Heel Hook"],"picked":"SKIP","floor":29}],"player_experience":743126,"relics_obtained":[{"floor":8.0,"key":"Happy Flower"},{"floor":9.0,"key":"Smiling Mask"},{"floor":14,"key":"Matryoshka"},{"floor":24,"key":"Bag of Marbles"},{"floor":26,"key":"Bottled Lightning"},{"floor":29,"key":"Lantern"}],"event_choices":[{"damage_healed":0.0,"max_hp_gain":0.0,"max_hp_loss":6.0,"gold_gain":0.0,"event_name":"Golden Idol","player_choice":"Lose Max HP","floor":2.0,"gold_loss":0.0,"damage_taken":0.0,"relics_obtained":["Golden Idol"]},{"damage_healed":0.0,"max_hp_gain":5.0,"max_hp_loss":0.0,"gold_gain":0.0,"event_name":"Big Fish","player_choice":"Donut","floor":3.0,"gold_loss":0.0,"damage_taken":0.0},{"damage_healed":0,"gold_gain":0,"player_choice":"Became a vampire","damage_taken":0,"max_hp_gain":0,"max_hp_loss":18,"event_name":"Vampires","floor":19,"gold_loss":0,"cards_obtained":["Bite","Bite","Bite","Bite","Bite"]},{"damage_healed":0,"gold_gain":0,"player_choice":"Opened","damage_taken":0,"relics_obtained":["Boot"],"max_hp_gain":0,"max_hp_loss":0,"event_name":"The Mausoleum","floor":20,"gold_loss":0,"cards_obtained":["Writhe"]},{"damage_healed":0,"gold_gain":0,"player_choice":"Simplicity","damage_taken":0,"max_hp_gain":0,"max_hp_loss":0,"event_name":"Back to Basics","floor":21,"gold_loss":0,"cards_upgraded":["Defend_G","Defend_G","Defend_G","Defend_G","Defend_G"]},{"damage_healed":0,"gold_gain":0,"player_choice":"Inject Mutagens","damage_taken":0,"relics_obtained":["MutagenicStrength"],"max_hp_gain":0,"max_hp_loss":0,"event_name":"Drug Dealer","floor":31,"gold_loss":0}],"is_beta":false,"boss_relics":[{"not_picked":["HoveringKite","Lizard Tail"],"picked":"Snecko Eye"}],"items_purged_floors":[22,30],"is_endless":false,"potions_floor_spawned":[1,4,7,8,24],"killed_by":"Automaton","ascension_level":20}