{"gold_per_floor":[109,109,109,34,34,34,47,47,47,66,66,84,100,0,0,0],"floor_reached":16,"playtime":684,"items_purged":["Regret","Strike_G"],"score":90,"play_id":"2b4f42ec-849b-4732-a000-d611faa5c5e7","local_time":"20180630090847","is_ascension_mode":false,"campfire_choices":[{"data":"Night Terror","floor":6.0,"key":"SMITH"},{"data":"Neutralize","floor":8.0,"key":"SMITH"},{"data":"Strike_G","floor":11.0,"key":"PURGE"},{"floor":15,"key":"REST"}],"neow_cost":"","seed_source_timestamp":726057598577434,"circlet_count":0,"master_deck":["Defend_G","Defend_G","Defend_G","Defend_G","Defend_G","Strike_G","Strike_G","Survivor","Neutralize+1","Night Terror+1","Sucker Punch","Dagger Spray","Prepared","Footwork","Footwork"],"special_seed":0,"relics":["Ring of the Snake","Gremlin Horn","Vajra","Peace Pipe"],"potions_floor_usage":[16],"damage_taken":[{"damage":2.0,"enemies":"Small Slimes","floor":1.0,"turns":4.0},{"damage":3.0,"enemies":"Jaw Worm","floor":7.0,"turns":5.0},{"damage":0.0,"enemies":"2 Louse","floor":10.0,"turns":3.0},{"damage":3.0,"enemies":"Large Slime","floor":12.0,"turns":6.0},{"damage":0,"enemies":"3 Louse","floor":13,"turns":2},{"damage":65,"enemies":"Hexaghost","floor":16,"turns":15}],"seed_played":"-5539275006528157094","potions_obtained":[{"floor":10.0,"key":"SkillPotion"}],"is_trial":false,"path_per_floor":["M","?","?","$","?","R","M","R","T","M","R","M","M","$","R"],"character_chosen":"THE_SILENT","items_purchased":[],"campfire_rested":1,"item_purchase_floors":[],"current_hp_per_floor":[68,68,56,56,49,49,46,46,46,46,46,43,43,43,64,0],"gold":0,"neow_bonus":"","is_prod":false,"is_daily":false,"chose_seed":false,"campfire_upgraded":2,"win_rate":0.0,"timestamp":1530324527,"path_taken":["M","?","?","$","?","R","M","R","T","M","R","M","M","$","R","BOSS"],"build_version":"2018-06-28","purchased_purges":2,"victory":false,"max_hp_per_floor":[70,70,70,70,70,70,70,70,70,70,70,70,70,70,70,70],"card_choices":[{"not_picked":["Deflect","Acrobatics"],"picked":"Sucker Punch","floor":1.0},{"not_picked":["Dash","All Out Attack"],"picked":"Dagger Spray","floor":7.0},{"not_picked":["Calculated Gamble","Predator"],"picked":"Prepared","floor":10.0},{"not_picked":["Prepared","Flying Knee"],"picked":"Footwork","floor":12.0},{"not_picked":["Poisoned Stab","Noxious Fumes"],"picked":"Footwork","floor":13}],"player_experience":11174,"relics_obtained":[{"floor":9.0,"key":"Peace Pipe"}],"event_choices":[{"event_name":"Big Fish","player_choice":"Box","floor":2.0,"damage_taken":0.0},{"event_name":"Scrap Ooze","player_choice":"success","floor":3.0,"damage_taken":12.0},{"event_name":"Golden Wing","player_choice":"Card Removal","floor":5.0,"damage_taken":0.0}],"boss_relics":[],"items_purged_floors":[],"is_endless":false,"potions_floor_spawned":[10],"killed_by":"Hexaghost","ascension_level":0}