{"path_per_floor":["M","$","?","M","M","R","E","M","T","E","?","M","M","E","R","B",null,"M","M","?","$","?","R"],"character_chosen":"THE_SILENT","items_purchased":["Masterful Stab","Tingsha","Calculated Gamble"],"gold_per_floor":[111,39,39,50,60,60,94,111,163,195,195,214,229,272,272,391,391,369,382,382,2,2,2],"floor_reached":24,"campfire_rested":1,"playtime":1202,"current_hp_per_floor":[70,70,70,70,68,68,51,42,42,29,29,28,27,26,26,29,65,43,28,28,28,28,47],"items_purged":[],"gold":2,"score":238,"play_id":"d63809b1-8d6d-44d9-8736-8552a7a4d22b","is_prod":false,"is_daily":false,"is_ascension_mode":true,"campfire_upgraded":2,"path_taken":["M","$","?","?","M","R","E","M","T","E","?","M","M","E","R","BOSS","M","M","?","$","?","R","E"],"build_version":"2018-02-12-PROD1","purchased_purges":1,"victory":false,"master_deck":["Defend_G","Defend_G","Defend_G","Defend_G","Strike_G","Strike_G","Strike_G","Survivor","Neutralize","Sucker Punch","Masterful Stab+1","Blade Dance","Deflect","Night Terror+1","Sucker Punch","After Image+1","Poisoned Stab","Cloak And Dagger+1","Bullet Time+1","Envenom+1","Poisoned Stab+1","Masterful Stab+1","Crippling Poison+1","Noxious Fumes","Calculated Gamble+1"],"max_hp_per_floor":[70,70,70,70,70,70,70,70,70,70,65,65,65,65,65,65,65,65,65,65,65,65,65],"relics":["Sozu","Toxic Egg 2","Orichalcum","Sundial","Bloody Idol","Pantograph","Nloth\u0027s Gift","Tingsha"],"card_choices":[{"not_picked":["Cloak And Dagger","Outmaneuver"],"picked":"Sucker Punch"},{"not_picked":["Flying Knee","Riddle With Holes"],"picked":"Blade Dance"},{"not_picked":["Dodge and Roll","Finisher"],"picked":"Deflect"},{"not_picked":["Terror","Backflip"],"picked":"Night Terror"},{"not_picked":["Deflect","Eviscerate"],"picked":"Sucker Punch"},{"not_picked":["PiercingWail","Malaise"],"picked":"After Image"},{"not_picked":["Bouncing Flask","Prepared"],"picked":"Poisoned Stab"},{"not_picked":["Slice","Prepared"],"picked":"Cloak And Dagger"},{"not_picked":["After Image","Glass Knife"],"picked":"Bullet Time"},{"not_picked":["Outmaneuver","Dodge and Roll"],"picked":"Crippling Poison"},{"not_picked":["Choke","Deadly Poison"],"picked":"Noxious Fumes"}],"player_experience":89793,"potions_floor_usage":[],"damage_taken":[{"damage":0,"enemies":"Small Slimes","floor":1,"turns":5},{"damage":0,"enemies":"Cultist","floor":4,"turns":3},{"damage":2,"enemies":"2 Louse","floor":5,"turns":2},{"damage":17,"enemies":"Lagavulin","floor":7,"turns":6},{"damage":9,"enemies":"Lots of Slimes","floor":8,"turns":5},{"damage":13,"enemies":"Gremlin Nob","floor":10,"turns":4},{"damage":1,"enemies":"Looter","floor":12,"turns":3},{"damage":1,"enemies":"Exordium Thugs","floor":13,"turns":5},{"damage":1,"enemies":"Lagavulin","floor":14,"turns":7},{"damage":22,"enemies":"Hexaghost","floor":16,"turns":13},{"damage":22,"enemies":"2 Thieves","floor":18,"turns":5},{"damage":15,"enemies":"3 Byrds","floor":19,"turns":6},{"damage":49,"enemies":"Gremlin Leader","floor":24,"turns":4}],"event_choices":[{"event_name":"The Cleric","player_choice":"Leave","floor":3,"damage_taken":0},{"event_name":"Golden Idol","player_choice":"Lose Max HP","floor":11,"damage_taken":0},{"event_name":"N\u0027loth","player_choice":"Traded a Astrolabe","floor":20,"damage_taken":0},{"event_name":"Forgotten Altar","player_choice":"Gave Idol","floor":22,"damage_taken":0}],"boss_relics":[{"not_picked":["Orrery","Lizard Tail"],"picked":"Astrolabe"}],"potions_floor_spawned":[5,8,10,12,19],"seed_played":"5378798252715930153","killed_by":"Gremlin Leader","ascension_level":2,"is_trial":false}