{"path_per_floor":["M","?","M","M","$","E","R","M","T","?","M","M","?","E","R","B",null,"M","$","?","T","$","R","M","R","T","M","M","?","R","M","R"],"character_chosen":"IRONCLAD","items_purchased":["Cleave","War Paint","Combust","Iron Wave"],"gold_per_floor":[113,213,229,241,116,143,143,157,157,157,176,193,193,224,224,298,298,310,45,45,45,27,27,37,37,109,124,138,63,63,78,78,78],"floor_reached":33,"campfire_rested":3,"playtime":1065,"current_hp_per_floor":[59,59,61,63,63,47,47,41,41,41,24,25,50,33,33,20,61,32,32,32,32,32,54,36,36,36,22,20,20,42,29,51,0],"items_purged":["Defend_R","Decay"],"gold":78,"score":450,"play_id":"8211d02b-2956-4f9c-a48d-e0da258ecefe","local_time":"20180504211314","is_prod":false,"is_daily":false,"chose_seed":false,"is_ascension_mode":true,"campfire_upgraded":2,"timestamp":1525486394,"path_taken":["BOSS","M","?","?","M","?","E","R","M","T","?","M","?","?","E","R","BOSS","M","$","?","?","$","R","M","R","T","?","M","?","R","M","R","BOSS"],"build_version":"2018-05-03","seed_source_timestamp":0,"purchased_purges":2,"victory":false,"master_deck":["Strike_R","Strike_R","Strike_R","Strike_R","Defend_R+1","Defend_R","Defend_R","Bash","AscendersBane","Offering+1","Rage+1","Iron Wave","Blood for Blood","Cleave","Rampage","Rupture+1","Pommel Strike","Hemokinesis","Reaper","Parasite","Combust","Rage+1","Iron Wave","Warcry+1","Whirlwind"],"max_hp_per_floor":[75,75,75,75,75,75,75,75,75,75,75,75,75,75,75,75,75,75,75,75,75,75,75,75,75,75,75,75,75,75,75,75,75],"relics":["Burning Blood","The Courier","Dodecahedron","Kunai","Calling Bell","Pen Nib","Darkstone Periapt","Girya","War Paint","Art of War","Toxic Egg 2"],"card_choices":[{"not_picked":["Cleave","Flame Barrier"],"picked":"Rage","floor":1},{"not_picked":["Hemokinesis","Thunderclap"],"picked":"Iron Wave","floor":3},{"not_picked":["Wild Strike","Rampage"],"picked":"Blood for Blood","floor":4},{"not_picked":["Bloodletting","Anger"],"picked":"Rampage","floor":8},{"not_picked":["Body Slam","Power Through"],"picked":"Rupture","floor":11},{"not_picked":["Iron Wave","Perfected Strike"],"picked":"Pommel Strike","floor":12},{"not_picked":["Juggernaut","Spot Weakness"],"picked":"Hemokinesis","floor":14},{"not_picked":["Brutality","Impervious"],"picked":"Reaper","floor":16},{"not_picked":["Sword Boomerang","Clash"],"picked":"Warcry","floor":27},{"not_picked":["Anger","Clothesline"],"picked":"Whirlwind","floor":28}],"player_experience":313019,"potions_floor_usage":[6,27,28,33],"damage_taken":[{"damage":15,"enemies":"2 Louse","floor":1,"turns":2},{"damage":4,"enemies":"Cultist","floor":3,"turns":3},{"damage":4,"enemies":"Small Slimes","floor":4,"turns":3},{"damage":22,"enemies":"Lagavulin","floor":6,"turns":7},{"damage":12,"enemies":"Blue Slaver","floor":8,"turns":2},{"damage":23,"enemies":"Gremlin Gang","floor":11,"turns":3},{"damage":5,"enemies":"Lots of Slimes","floor":12,"turns":3},{"damage":23,"enemies":"3 Sentries","floor":14,"turns":5},{"damage":19,"enemies":"Slime Boss","floor":16,"turns":8},{"damage":35,"enemies":"Shell Parasite","floor":18,"turns":6},{"damage":26,"enemies":"3 Byrds","floor":24,"turns":4},{"damage":30,"enemies":"Snake Plant","floor":27,"turns":5},{"damage":40,"enemies":"Centurion and Healer","floor":28,"turns":6},{"damage":27,"enemies":"Sentry and Sphere","floor":31,"turns":4},{"damage":75,"enemies":"Automaton","floor":33,"turns":6}],"event_choices":[{"event_name":"Wheel of Change","player_choice":"Gold","floor":2,"damage_taken":0},{"event_name":"Living Wall","player_choice":"Forget","floor":10,"damage_taken":0},{"event_name":"Big Fish","player_choice":"Banana","floor":13,"damage_taken":0},{"event_name":"Duplicator","player_choice":"One dupe","floor":20,"damage_taken":0},{"event_name":"Beggar","player_choice":"Gave Gold","floor":29,"damage_taken":0}],"boss_relics":[{"not_picked":["Mark of Pain","Ectoplasm"],"picked":"Calling Bell"}],"potions_floor_spawned":[1,6,11,18,31],"seed_played":"4927006283600615538","killed_by":"Automaton","ascension_level":15,"is_trial":false}