{"path_per_floor":["M","?","M","M","$","R","E","R","T","M","M","?","E","M","R","B",null,"M","?","$","?","M","R","E","R","T","M","?","R","E","M","R","B",null,"M","M","$","M","?","R","E","M","T","?","E","M","?","M","R","B"],"character_chosen":"IRONCLAD","items_purchased":["Red Skull","Armaments","Pommel Strike","Medical Kit","Anchor","Dual Wield"],"gold_per_floor":[113,413,431,441,106,106,141,141,164,184,194,194,229,243,243,340,340,355,280,47,47,59,59,89,89,89,104,104,104,139,150,150,249,249,265,283,56,75,0,0,31,46,46,46,80,92,92,106,106,106],"floor_reached":51,"campfire_rested":4,"playtime":3965,"current_hp_per_floor":[72,65,60,66,66,66,60,60,60,55,59,59,48,47,47,38,76,57,57,57,42,43,68,34,34,34,37,37,64,66,74,74,23,97,85,73,73,48,48,79,36,40,40,40,31,30,57,27,60,19],"items_purged":[],"gold":106,"score":715,"play_id":"63f31fa4-21ad-491e-98e1-05dbf4fdfc8c","is_prod":false,"is_daily":false,"is_ascension_mode":true,"campfire_upgraded":5,"path_taken":["M","?","M","M","$","R","E","R","T","M","M","?","E","?","R","BOSS","M","?","$","?","M","R","E","R","T","M","?","R","E","M","R","BOSS","M","M","$","M","?","R","E","M","T","?","E","M","?","?","R","BOSS"],"build_version":"2018-02-15-PROD1","purchased_purges":0,"victory":true,"master_deck":["Bash+1","Infernal Blade+1","Clothesline","Ghostly Armor","Armaments+1","Evolve+1","Metallicize","Wild Strike","Feed+1","Warcry","Shrug It Off","Berserk","Flex","Metallicize+1","Thunderclap","Perfected Strike","Seeing Red","Cleave","Armaments","Wild Strike","Pommel Strike","Disarm","Clash","Clash","Whirlwind+1","Warcry+1","Ghostly Armor","Dark Embrace","Clash+1","Dual Wield","Demon Form+1","Seeing Red+1","Intimidate+1","Wild Strike+1","Shockwave+1","Heavy Blade","Intimidate+1","Writhe","Entrench+1"],"max_hp_per_floor":[72,72,72,72,72,72,72,72,72,72,72,72,76,76,76,76,76,80,80,80,85,85,85,89,89,89,93,93,93,93,97,97,97,97,97,101,101,105,105,105,105,105,105,105,105,109,109,113,113,117],"relics":["Burning Blood","Gambling Chip","Old Coin","Red Skull","Prayer Wheel","Whetstone","Letter Opener","Bird Faced Urn","Pandora\u0027s Box","Medical Kit","Lantern","Charon\u0027s Ashes","Dream Catcher","Runic Pyramid","Anchor","Red Mask","Du-Vu Doll","Frozen Eye","Calipers"],"card_choices":[{"not_picked":["Pommel Strike","Burning Pact"],"picked":"Infernal Blade"},{"not_picked":["Pummel","Flex"],"picked":"Clothesline"},{"not_picked":["Exhume","Heavy Blade"],"picked":"Ghostly Armor"},{"not_picked":["Iron Wave","Sever Soul"],"picked":"Evolve"},{"not_picked":["Searing Blow","Warcry"],"picked":"Metallicize"},{"not_picked":["Clothesline","Sword Boomerang"],"picked":"Wild Strike"},{"not_picked":["Dropkick","Headbutt"],"picked":"Feed"},{"not_picked":["Reckless Charge","Sword Boomerang"],"picked":"Warcry"},{"not_picked":["Warcry","Clash"],"picked":"Shrug It Off"},{"not_picked":["Juggernaut","Exhume"],"picked":"Berserk"},{"not_picked":["Clothesline","Sentinel"],"picked":"Wild Strike"},{"not_picked":["Clothesline","Metallicize"],"picked":"Disarm"},{"not_picked":["Flex","Corruption"],"picked":"Clash"},{"not_picked":["Burning Pact","Thunderclap"],"picked":"Clash"},{"not_picked":["Corruption","True Grit"],"picked":"Whirlwind"},{"not_picked":["Flex","Shrug It Off"],"picked":"Warcry"},{"not_picked":["Reckless Charge","Double Tap"],"picked":"Ghostly Armor"},{"not_picked":["Impervious","Bludgeon"],"picked":"Dark Embrace"},{"not_picked":["Clothesline","Perfected Strike"],"picked":"Clash"},{"not_picked":["Body Slam","Thunderclap"],"picked":"Demon Form"},{"not_picked":["Pommel Strike","Wild Strike"],"picked":"Seeing Red"},{"not_picked":["Bloodletting","Entrench"],"picked":"Intimidate"},{"not_picked":["Clothesline","Body Slam"],"picked":"Wild Strike"},{"not_picked":["Bloodletting","Sever Soul"],"picked":"Shockwave"},{"not_picked":["Corruption","Dark Embrace"],"picked":"Heavy Blade"},{"not_picked":["Heavy Blade","Warcry"],"picked":"Intimidate"},{"not_picked":["True Grit","Disarm"],"picked":"Entrench"}],"player_experience":111111,"potions_floor_usage":[45,50,50,50],"damage_taken":[{"damage":4.0,"enemies":"2 Louse","floor":1.0,"turns":4.0},{"damage":11.0,"enemies":"Small Slimes","floor":3.0,"turns":4.0},{"damage":0.0,"enemies":"Cultist","floor":4.0,"turns":3.0},{"damage":12.0,"enemies":"3 Sentries","floor":7.0,"turns":9.0},{"damage":11.0,"enemies":"Exordium Wildlife","floor":10.0,"turns":8.0},{"damage":2.0,"enemies":"2 Fungi Beasts","floor":11.0,"turns":4.0},{"damage":21.0,"enemies":"Gremlin Nob","floor":13.0,"turns":5.0},{"damage":7.0,"enemies":"Looter","floor":14.0,"turns":3.0},{"damage":19.0,"enemies":"Hexaghost","floor":16.0,"turns":8.0},{"damage":35.0,"enemies":"3 Byrds","floor":18.0,"turns":5.0},{"damage":11.0,"enemies":"Chosen","floor":22.0,"turns":5.0},{"damage":48.0,"enemies":"Slavers","floor":24.0,"turns":4.0},{"damage":7.0,"enemies":"Slaver and Parasite","floor":27.0,"turns":2.0},{"damage":12.0,"enemies":"Book of Stabbing","floor":30.0,"turns":6.0},{"damage":6.0,"enemies":"Cultist and Chosen","floor":31.0,"turns":5.0},{"damage":65.0,"enemies":"Champ","floor":33.0,"turns":15.0},{"damage":22,"enemies":"3 Shapes","floor":35,"turns":5},{"damage":32,"enemies":"3 Darklings","floor":36,"turns":6},{"damage":41,"enemies":"Sphere and 2 Shapes","floor":38,"turns":5},{"damage":61,"enemies":"Giant Head","floor":41,"turns":8},{"damage":2,"enemies":"4 Shapes","floor":42,"turns":1},{"damage":35,"enemies":"Nemesis","floor":45,"turns":5},{"damage":17,"enemies":"3 Darklings","floor":46,"turns":4},{"damage":50,"enemies":"Sphere and 2 Shapes","floor":48,"turns":7},{"damage":78,"enemies":"Time Eater","floor":50,"turns":10}],"event_choices":[{"event_name":"Scrap Ooze","player_choice":"success","floor":2.0,"damage_taken":7.0},{"event_name":"Dead Adventurer","player_choice":"Searched \u00271\u0027 times","floor":12.0,"damage_taken":0.0},{"event_name":"Beggar","player_choice":"Gave Gold","floor":19.0,"damage_taken":0.0},{"event_name":"Forgotten Altar","player_choice":"Shed Blood","floor":21.0,"damage_taken":0.0},{"event_name":"Back to Basics","player_choice":"Elegance","floor":28.0,"damage_taken":0.0},{"event_name":"Tomb of Lord Red Mask","player_choice":"Paid","floor":39,"damage_taken":0},{"event_name":"Upgrade Shrine","player_choice":"Upgraded","floor":44,"damage_taken":0},{"event_name":"Winding Halls","player_choice":"Writhe","floor":47,"damage_taken":0}],"boss_relics":[],"potions_floor_spawned":[1,11,22,24,31,38,42,48],"seed_played":"8330410338976040171","ascension_level":2,"is_trial":false}