{"gold_per_floor":[112,112,132,132,132,207,207,242,242,255,45,59,80,80],"floor_reached":14,"playtime":416,"items_purged":[],"score":131,"play_id":"6bbd610c-53cf-4141-b4f9-1d7b5bf97be3","local_time":"20180707093814","is_ascension_mode":true,"campfire_choices":[{"floor":7,"key":"REST"}],"neow_cost":"NONE","seed_source_timestamp":1093738134207923,"circlet_count":0,"master_deck":["Strike_B","Strike_B","Strike_B","Defend_B","Defend_B","Defend_B+1","Defend_B+1","Zap","Dualcast","Machine Learning","Defragment+1","Conserve Battery","Injury","BootSequence","Conserve Battery","Apotheosis","Cold Snap","Go for the Eyes"],"relics":["Cracked Core","Golden Idol","Pear","Shuriken"],"potions_floor_usage":[8,14,14],"damage_taken":[{"damage":9,"enemies":"Jaw Worm","floor":1,"turns":4},{"damage":22,"enemies":"Small Slimes","floor":3,"turns":5},{"damage":22,"enemies":"3 Sentries","floor":8,"turns":6},{"damage":0,"enemies":"2 Louse","floor":10,"turns":3},{"damage":13,"enemies":"2 Fungi Beasts","floor":12,"turns":4},{"damage":0,"enemies":"3 Louse","floor":13,"turns":4},{"damage":15,"enemies":"Exordium Wildlife","floor":14,"turns":4}],"seed_played":"3659003245137962847","potions_obtained":[{"floor":1,"key":"Fire Potion"},{"floor":12,"key":"SteroidPotion"},{"floor":13,"key":"EntropicBrew"}],"is_trial":false,"path_per_floor":["M","?","M","?","?","?","R","E","T","M","$","M","M"],"character_chosen":"DEFECT","items_purchased":["Apotheosis"],"campfire_rested":1,"item_purchase_floors":[11],"current_hp_per_floor":[59,59,37,22,22,11,33,21,21,21,21,8,8,0],"gold":80,"neow_bonus":"TRANSFORM_CARD","is_prod":false,"is_daily":false,"chose_seed":false,"campfire_upgraded":0,"win_rate":0,"timestamp":1530974294,"path_taken":["M","?","M","?","?","?","R","E","T","M","?","M","M","M"],"build_version":"2018-07-05","purchased_purges":0,"victory":false,"max_hp_per_floor":[75,75,75,75,75,75,75,85,85,85,85,85,85,85],"card_choices":[{"not_picked":["Auto Shields","Leap"],"picked":"Defragment","floor":1},{"not_picked":["Beam Cell","Go for the Eyes"],"picked":"Conserve Battery","floor":3},{"not_picked":["Rebound","Creative AI"],"picked":"BootSequence","floor":8},{"not_picked":["Double Energy","Turbo"],"picked":"Conserve Battery","floor":10},{"not_picked":["Turbo","Redo"],"picked":"Cold Snap","floor":12},{"not_picked":["Coolheaded","Sweeping Beam"],"picked":"Go for the Eyes","floor":13}],"player_experience":422277,"relics_obtained":[{"floor":8,"key":"Pear"},{"floor":9,"key":"Shuriken"}],"event_choices":[{"event_name":"Living Wall","player_choice":"Grow","floor":2,"damage_taken":0},{"event_name":"Shining Light","player_choice":"Entered Light","floor":4,"damage_taken":0},{"event_name":"Golden Idol","player_choice":"Take Wound","floor":5,"damage_taken":0},{"event_name":"World of Goop","player_choice":"Gather Gold","floor":6,"damage_taken":0}],"boss_relics":[],"items_purged_floors":[],"is_endless":false,"potions_floor_spawned":[1,12,13],"killed_by":"Exordium Wildlife","ascension_level":9}