{"gold_per_floor":[111,125,142,142,242,242,268,268,268,288,307,307,307],"floor_reached":13,"playtime":354,"items_purged":[],"score":145,"play_id":"2c563a00-c8fc-4774-8b94-52e2c82c080c","local_time":"20180823173024","is_ascension_mode":true,"campfire_choices":[{"data":"Defragment","floor":6,"key":"SMITH"},{"data":"Go for the Eyes","floor":8,"key":"SMITH"}],"neow_cost":"","seed_source_timestamp":13424555823194,"circlet_count":0,"master_deck":["Strike_B","Strike_B","Strike_B","Defend_B","Defend_B","Defend_B","Defend_B","Zap","Dualcast","AscendersBane","Cold Snap","Defragment+1","Hologram","Go for the Eyes+1","Compile Driver","Auto Shields"],"relics":["Cracked Core","Happy Flower","Letter Opener"],"potions_floor_usage":[7,7,13],"damage_taken":[{"damage":4,"enemies":"Jaw Worm","floor":1,"turns":3},{"damage":7,"enemies":"Small Slimes","floor":2,"turns":4},{"damage":0,"enemies":"Cultist","floor":3,"turns":3},{"damage":21,"enemies":"3 Sentries","floor":7,"turns":7},{"damage":33,"enemies":"Exordium Thugs","floor":10,"turns":5},{"damage":4,"enemies":"Looter","floor":11,"turns":3},{"damage":9,"enemies":"Exordium Wildlife","floor":13,"turns":1}],"seed_played":"-4909685543419486264","potions_obtained":[{"floor":1,"key":"AttackPotion"},{"floor":2,"key":"Regen Potion"},{"floor":7,"key":"Regen Potion"}],"is_trial":false,"path_per_floor":["M","M","M","?","?","R","E","R","T","M","M","?"],"character_chosen":"DEFECT","items_purchased":[],"campfire_rested":0,"item_purchase_floors":[],"current_hp_per_floor":[60,53,53,46,46,46,40,40,40,7,3,3,0],"gold":307,"neow_bonus":"","is_prod":false,"is_daily":false,"chose_seed":false,"campfire_upgraded":2,"win_rate":0,"timestamp":1535059824,"path_taken":["M","M","M","?","?","R","E","R","T","M","M","?","M"],"build_version":"2018-08-16","purchased_purges":0,"victory":false,"max_hp_per_floor":[71,71,71,71,71,71,71,71,71,71,71,71,71],"card_choices":[{"not_picked":["Lockon","Streamline"],"picked":"Cold Snap","floor":1},{"not_picked":["White Noise","Sweeping Beam"],"picked":"Defragment","floor":2},{"not_picked":["Turbo","Hello World"],"picked":"Hologram","floor":3},{"not_picked":["Conserve Battery","Recycle"],"picked":"Go for the Eyes","floor":7},{"not_picked":["Fission","Reprogram"],"picked":"Compile Driver","floor":10},{"not_picked":["Redo","Conserve Battery"],"picked":"Auto Shields","floor":11}],"player_experience":478359,"relics_obtained":[{"floor":7,"key":"Happy Flower"},{"floor":9,"key":"Letter Opener"}],"event_choices":[{"event_name":"Golden Wing","player_choice":"Card Removal","floor":4,"damage_taken":0},{"event_name":"Golden Shrine","player_choice":"Pray","floor":5,"damage_taken":0},{"event_name":"Liars Game","player_choice":"disagreed","floor":12,"damage_taken":0}],"is_beta":false,"boss_relics":[],"items_purged_floors":[],"is_endless":false,"potions_floor_spawned":[1,2,7],"killed_by":"Exordium Wildlife","ascension_level":14}