{"gold_per_floor":[118,129,146,146,146,146,178,178,178,178,206,217,243,49,49,49],"floor_reached":16,"playtime":595,"items_purged":["Strike_B"],"score":236,"play_id":"e3c22efb-f85c-468f-acc6-ed24c48770bc","local_time":"20190223102806","is_ascension_mode":true,"campfire_choices":[{"data":"Zap","floor":6,"key":"SMITH"},{"floor":8,"key":"REST"},{"data":"Coolheaded","floor":10,"key":"SMITH"},{"data":"Dualcast","floor":15,"key":"SMITH"}],"neow_cost":"NONE","seed_source_timestamp":62599207300946,"circlet_count":0,"master_deck":["AscendersBane","Strike_B","Strike_B","Defend_B","Defend_B","Defend_B","Defend_B","Zap+1","Dualcast+1","All For One","Rebound","Streamline+1","Coolheaded+1","Conserve Battery","Ball Lightning","Doom and Gloom","Self Repair+1"],"relics":["Cracked Core","StoneCalendar","Gremlin Horn","Frozen Egg 2","Omamori"],"potions_floor_usage":[11,13],"damage_taken":[{"damage":6,"enemies":"Small Slimes","floor":1,"turns":3},{"damage":6,"enemies":"Cultist","floor":2,"turns":3},{"damage":0,"enemies":"2 Louse","floor":3,"turns":2},{"damage":21,"enemies":"Lagavulin","floor":7,"turns":5},{"damage":3,"enemies":"3 Sentries","floor":11,"turns":6},{"damage":20,"enemies":"Gremlin Gang","floor":12,"turns":2},{"damage":4,"enemies":"Lagavulin","floor":13,"turns":6},{"damage":19,"enemies":"The Guardian","floor":16,"turns":12}],"seed_played":"7054815705343818466","potions_obtained":[{"floor":2,"key":"Energy Potion"},{"floor":11,"key":"Weak Potion"}],"is_trial":false,"path_per_floor":["M","M","M","?","?","R","E","R","T","R","E","M","E","$","R","B"],"character_chosen":"DEFECT","items_purchased":["Doom and Gloom","Self Repair+1"],"campfire_rested":1,"item_purchase_floors":[14,14],"current_hp_per_floor":[58,52,52,45,45,45,24,45,45,45,42,22,18,18,18,0],"gold":49,"neow_bonus":"ONE_RANDOM_RARE_CARD","is_prod":false,"is_daily":false,"chose_seed":false,"campfire_upgraded":3,"win_rate":0,"timestamp":1550935686,"path_taken":["M","M","M","?","?","R","E","R","T","R","E","?","E","$","R","BOSS"],"build_version":"2019-01-23","purchased_purges":1,"victory":false,"max_hp_per_floor":[71,71,71,71,71,71,71,71,71,71,71,71,71,71,71,71],"card_choices":[{"not_picked":["Lockon","Aggregate"],"picked":"Rebound","floor":1},{"not_picked":["Loop","Turbo"],"picked":"Streamline","floor":2},{"not_picked":["Barrage","Stack"],"picked":"Coolheaded","floor":3},{"not_picked":["Force Field","Turbo"],"picked":"Conserve Battery","floor":7},{"not_picked":["Steam Power","Scrape","Stack"],"picked":"SKIP","floor":11},{"not_picked":["Turbo","Beam Cell"],"picked":"Ball Lightning","floor":12},{"not_picked":["Streamline","Lockon","Fusion"],"picked":"SKIP","floor":13}],"player_experience":867221,"relics_obtained":[{"floor":7,"key":"StoneCalendar"},{"floor":9,"key":"Gremlin Horn"},{"floor":11,"key":"Frozen Egg 2"},{"floor":13,"key":"Omamori"}],"event_choices":[{"cards_removed":["Strike_B"],"damage_healed":0,"gold_gain":0,"player_choice":"Card Removal","damage_taken":7,"max_hp_gain":0,"max_hp_loss":0,"event_name":"Golden Wing","floor":4,"gold_loss":0},{"damage_healed":0,"gold_gain":0,"player_choice":"Upgraded","damage_taken":0,"max_hp_gain":0,"max_hp_loss":0,"event_name":"Upgrade Shrine","floor":5,"gold_loss":0,"cards_upgraded":["Streamline"]}],"is_beta":false,"boss_relics":[],"items_purged_floors":[14],"is_endless":false,"potions_floor_spawned":[2,11],"killed_by":"The Guardian","ascension_level":20}