{"gold_per_floor":[364,381,21,21,21,54,54,82,161,126,146,159,159,193,193,270,270,287,304,48,65,75,75,88,117,174,174,41,41,76,90,90,165,165,181,200,1199,1218,552,552,582,52,77,97,97,111,125,159,171,183,195,207,219,145,172,172],"floor_reached":57,"playtime":4102,"items_purged":["Strike_R","Strike_R","Normality"],"score":2994,"play_id":"9c67d9af-f896-4288-b993-0ae5d563b60e","local_time":"20190219181312","is_ascension_mode":true,"campfire_choices":[{"floor":7.0,"key":"REST"},{"data":"Flame Barrier","floor":15.0,"key":"SMITH"},{"floor":23,"key":"REST"},{"data":"Evolve","floor":27,"key":"SMITH"},{"data":"Inflame","floor":32,"key":"SMITH"},{"data":"Exhume","floor":40,"key":"SMITH"},{"data":"Normality","floor":45,"key":"PURGE"},{"floor":49,"key":"RECALL"},{"data":"Writhe","floor":53,"key":"PURGE"}],"neow_cost":"TEN_PERCENT_HP_LOSS","seed_source_timestamp":0,"circlet_count":0,"master_deck":["AscendersBane","Defend_R","Defend_R","Defend_R","Defend_R","Bash","Flame Barrier+1","Evolve+1","Reckless Charge","Whirlwind","Shockwave+1","Wild Strike","Anger","Feel No Pain","Reaper","Whirlwind+1","Impervious+1","Impervious+1","Shrug It Off","Master of Strategy","Havoc","Exhume+1","Inflame+1","Entrench","Limit Break","Headbutt","Sword Boomerang","Spot Weakness","Shrug It Off+1","Corruption","Finesse","Shrug It Off+1","Impervious","Limit Break"],"special_seed":0,"relics":["Burning Blood","Orichalcum","Bag of Preparation","Boot","Blue Candle","Mercury Hourglass","Happy Flower","Astrolabe","Bronze Scales","Tiny Chest","Peace Pipe","Cursed Key","Dead Branch","Blood Vial","Shuriken","Medical Kit","MawBank","Art of War"],"potions_floor_usage":[25,30,33,33,39,56,56],"damage_taken":[{"damage":16.0,"enemies":"Jaw Worm","floor":1.0,"turns":5.0},{"damage":9.0,"enemies":"2 Louse","floor":2.0,"turns":3.0},{"damage":18.0,"enemies":"Gremlin Nob","floor":6.0,"turns":4.0},{"damage":34.0,"enemies":"Lagavulin","floor":8.0,"turns":8.0},{"damage":1.0,"enemies":"Small Slimes","floor":11.0,"turns":3.0},{"damage":4.0,"enemies":"Exordium Thugs","floor":12.0,"turns":3.0},{"damage":21.0,"enemies":"Gremlin Nob","floor":14.0,"turns":5.0},{"damage":29.0,"enemies":"Hexaghost","floor":16.0,"turns":9.0},{"damage":8,"enemies":"Chosen","floor":18,"turns":7},{"damage":29,"enemies":"Spheric Guardian","floor":19,"turns":6},{"damage":27,"enemies":"Centurion and Healer","floor":21,"turns":9},{"damage":12,"enemies":"Snake Plant","floor":22,"turns":6},{"damage":9,"enemies":"Cultist and Chosen","floor":24,"turns":6},{"damage":0,"enemies":"Book of Stabbing","floor":25,"turns":7},{"damage":15,"enemies":"Slavers","floor":30,"turns":2},{"damage":19,"enemies":"Shelled Parasite and Fungi","floor":31,"turns":7},{"damage":51,"enemies":"Automaton","floor":33,"turns":13},{"damage":8,"enemies":"Orb Walker","floor":35,"turns":3},{"damage":5,"enemies":"3 Darklings","floor":36,"turns":2},{"damage":42,"enemies":"Transient","floor":38,"turns":6},{"damage":20,"enemies":"Giant Head","floor":41,"turns":6},{"damage":8,"enemies":"Writhing Mass","floor":44,"turns":4},{"damage":6,"enemies":"Maw","floor":46,"turns":10},{"damage":13,"enemies":"Transient","floor":47,"turns":6},{"damage":8,"enemies":"Nemesis","floor":48,"turns":3},{"damage":58,"enemies":"Awakened One","floor":50,"turns":6},{"damage":1,"enemies":"Donu and Deca","floor":51,"turns":4},{"damage":31,"enemies":"Shield and Spear","floor":55,"turns":3},{"damage":26,"enemies":"The Heart","floor":56,"turns":6}],"seed_played":"-7354859336562204043","potions_obtained":[{"floor":1.0,"key":"Strength Potion"},{"floor":2.0,"key":"Regen Potion"},{"floor":11.0,"key":"PowerPotion"},{"floor":19,"key":"Weak Potion"},{"floor":30,"key":"Block Potion"},{"floor":33,"key":"Ancient Potion"},{"floor":38,"key":"Fruit Juice"},{"floor":44,"key":"SmokeBomb"},{"floor":46,"key":"GamblersBrew"}],"is_trial":false,"path_per_floor":["M","M","$","?","?","E","R","E","T","?","M","M","?","E","R","B",null,"M","M","$","M","M","R","M","E","T","R","$","?","E","M","R","B",null,"M","M","?","M","$","R","E","$","T","M","R","M","M","E","R","B","B",null,"R","$","E","B",null],"character_chosen":"IRONCLAD","items_purchased":["Reckless Charge","Orichalcum","Whirlwind","PowerPotion","Master of Strategy","Inflame","Strength Potion","Dead Branch","PowerPotion","Blood Vial","Corruption","Medical Kit","Finesse","Limit Break"],"campfire_rested":2,"item_purchase_floors":[3,3,3,20,20,28,28,39,39,39,42,42,42,54],"current_hp_per_floor":[58,55,55,60,34,22,43,30,30,48,53,55,55,40,40,17,59,62,45,45,34,34,55,62,68,68,68,68,68,66,53,53,18,59,63,73,73,37,42,42,39,39,39,39,39,46,41,78,78,47,78,78,78,78,78,78],"gold":172,"neow_bonus":"TWO_FIFTY_GOLD","is_prod":false,"is_daily":false,"chose_seed":false,"campfire_upgraded":4,"win_rate":0,"timestamp":1550617992,"path_taken":["M","M","$","?","?","E","R","E","T","?","M","?","?","E","R","BOSS","M","M","$","M","M","R","M","E","T","R","$","?","E","M","R","BOSS","M","M","?","M","$","R","E","$","T","M","R","M","M","E","R","BOSS","BOSS","R","$","E","BOSS"],"build_version":"2019-01-23","purchased_purges":3,"victory":true,"max_hp_per_floor":[68,68,68,73,73,73,73,73,73,73,73,73,73,73,73,73,73,73,73,73,73,73,73,73,73,73,73,73,73,73,73,73,73,73,73,73,73,73,78,78,78,78,78,78,78,78,78,78,78,78,78,78,78,78,78,78],"card_choices":[{"not_picked":["Perfected Strike","Shrug It Off"],"picked":"Flame Barrier","floor":1.0},{"not_picked":["Clash","Iron Wave"],"picked":"Evolve","floor":2.0},{"not_picked":["Flex","Twin Strike"],"picked":"Shockwave","floor":6.0},{"not_picked":["Entrench","Dark Embrace","Pommel Strike"],"picked":"SKIP","floor":8.0},{"not_picked":["Thunderclap","Clash"],"picked":"Wild Strike","floor":11.0},{"not_picked":["Clash","Second Wind"],"picked":"Anger","floor":12.0},{"not_picked":["Havoc","Clash"],"picked":"Feel No Pain","floor":14.0},{"not_picked":["Berserk","Limit Break"],"picked":"Reaper","floor":16.0},{"not_picked":["Iron Wave","Perfected Strike"],"picked":"Shrug It Off","floor":18},{"not_picked":["Clash","Thunderclap+1","Flex"],"picked":"SKIP","floor":19},{"not_picked":["Cleave","Perfected Strike","Sever Soul"],"picked":"SKIP","floor":21},{"not_picked":["Sword Boomerang","Wild Strike","True Grit"],"picked":"SKIP","floor":22},{"not_picked":["Clothesline","Thunderclap"],"picked":"Havoc","floor":24},{"not_picked":["Perfected Strike","Havoc"],"picked":"Exhume","floor":25},{"not_picked":["Iron Wave","Perfected Strike","Carnage"],"picked":"SKIP","floor":30},{"not_picked":["Rupture","Iron Wave"],"picked":"Entrench","floor":31},{"not_picked":["Bludgeon","Dark Embrace"],"picked":"Limit Break","floor":33},{"not_picked":["Anger","Perfected Strike"],"picked":"Headbutt","floor":35},{"not_picked":["Rupture+1","Perfected Strike"],"picked":"Sword Boomerang","floor":36},{"not_picked":["Metallicize+1","Clothesline"],"picked":"Spot Weakness","floor":38},{"not_picked":["Wild Strike","Intimidate+1"],"picked":"Shrug It Off+1","floor":41},{"not_picked":["Thunderclap+1","Pommel Strike+1"],"picked":"Shrug It Off+1","floor":44},{"not_picked":["Twin Strike","Ghostly Armor","Clash"],"picked":"SKIP","floor":46},{"not_picked":["Rampage","True Grit"],"picked":"Impervious","floor":47},{"not_picked":["Twin Strike","Rampage","Sever Soul"],"picked":"SKIP","floor":48},{"not_picked":["Heavy Blade","Rupture","Headbutt"],"picked":"SKIP","floor":55}],"player_experience":854248,"relics_obtained":[{"floor":6.0,"key":"Boot"},{"floor":8.0,"key":"Blue Candle"},{"floor":9.0,"key":"Mercury Hourglass"},{"floor":14.0,"key":"Happy Flower"},{"floor":25,"key":"Bronze Scales"},{"floor":26,"key":"Tiny Chest"},{"floor":30,"key":"Peace Pipe"},{"floor":41,"key":"Shuriken"},{"floor":48,"key":"MawBank"},{"floor":55,"key":"Art of War"}],"event_choices":[{"damage_healed":0.0,"max_hp_gain":5.0,"max_hp_loss":0.0,"gold_gain":0.0,"event_name":"Big Fish","player_choice":"Donut","floor":4.0,"gold_loss":0.0,"damage_taken":0.0},{"damage_healed":0.0,"max_hp_gain":0.0,"max_hp_loss":0.0,"gold_gain":0.0,"event_name":"Scrap Ooze","player_choice":"Success","floor":5.0,"gold_loss":0.0,"damage_taken":26.0,"relics_obtained":["Bag of Preparation"]},{"damage_healed":18.0,"max_hp_gain":0.0,"max_hp_loss":0.0,"gold_gain":0.0,"event_name":"The Cleric","player_choice":"Healed","floor":10.0,"gold_loss":35.0,"damage_taken":0.0},{"damage_healed":0.0,"max_hp_gain":0.0,"max_hp_loss":0.0,"gold_gain":0.0,"event_name":"Living Wall","player_choice":"Grow","floor":13.0,"gold_loss":0.0,"damage_taken":0.0,"cards_upgraded":["Shockwave"]},{"damage_healed":0,"gold_gain":0,"player_choice":"Ignored","damage_taken":0,"max_hp_gain":0,"max_hp_loss":0,"event_name":"Beggar","floor":29,"gold_loss":0},{"damage_healed":0,"gold_gain":999,"player_choice":"Gold","damage_taken":0,"max_hp_gain":0,"max_hp_loss":0,"event_name":"MindBloom","floor":37,"gold_loss":0,"cards_obtained":["Normality","Normality"]}],"is_beta":false,"boss_relics":[{"not_picked":["White Beast Statue","Eternal Feather"],"picked":"Astrolabe"},{"not_picked":["Philosopher\u0027s Stone","Empty Cage"],"picked":"Cursed Key"}],"items_purged_floors":[3,39,42],"is_endless":false,"potions_floor_spawned":[1,2,11,19,21,30,33,38,44,46,47],"ascension_level":20}