{"gold_per_floor":[114,264,279,18,30,59,59,88,112,112,144,161,171,206,206,206],"floor_reached":16,"playtime":726,"items_purged":["Doubt"],"score":260,"play_id":"8dca4a1c-298e-4d80-bb38-fb9c39218a15","local_time":"20181210225824","is_ascension_mode":true,"campfire_choices":[{"data":"Carnage","floor":7,"key":"SMITH"},{"data":"Flame Barrier","floor":15,"key":"SMITH"}],"neow_cost":"TEN_PERCENT_HP_LOSS","seed_source_timestamp":1422485242304031,"circlet_count":0,"master_deck":["AscendersBane","Strike_R","Strike_R","Strike_R","Strike_R","Defend_R","Defend_R","Defend_R","Defend_R","Bash","Iron Wave","Power Through","Carnage+1","Feel No Pain","Rampage","Corruption","Flame Barrier+1","Combust","Rupture"],"relics":["Burning Blood","FossilizedHelix","Regal Pillow","Bag of Preparation","Nunchaku","Kunai"],"potions_floor_usage":[6,6,16],"damage_taken":[{"damage":2,"enemies":"Jaw Worm","floor":1,"turns":4},{"damage":0,"enemies":"2 Louse","floor":3,"turns":3},{"damage":6,"enemies":"Cultist","floor":5,"turns":4},{"damage":20,"enemies":"Lagavulin","floor":6,"turns":7},{"damage":19,"enemies":"Gremlin Nob","floor":8,"turns":4},{"damage":6,"enemies":"3 Sentries","floor":11,"turns":12},{"damage":7,"enemies":"Lots of Slimes","floor":12,"turns":6},{"damage":0,"enemies":"Blue Slaver","floor":13,"turns":3},{"damage":24,"enemies":"Gremlin Nob","floor":14,"turns":4},{"damage":30,"enemies":"Hexaghost","floor":16,"turns":8}],"seed_played":"-5705800903398236542","potions_obtained":[{"floor":8,"key":"Ancient Potion"},{"floor":12,"key":"AttackPotion"},{"floor":14,"key":"Dexterity Potion"}],"is_trial":false,"path_per_floor":["M","?","M","$","M","E","R","E","T","?","E","M","M","E","R","B"],"character_chosen":"IRONCLAD","items_purchased":["Carnage","Explosive Potion","Poison Potion"],"campfire_rested":0,"item_purchase_floors":[4,4,4],"current_hp_per_floor":[68,68,68,68,68,54,54,41,41,41,41,40,46,28,28,0],"gold":206,"neow_bonus":"ONE_RARE_RELIC","is_prod":false,"is_daily":false,"chose_seed":false,"campfire_upgraded":2,"win_rate":0,"timestamp":1544500704,"path_taken":["M","?","M","$","M","E","R","E","T","?","E","?","?","E","R","BOSS"],"build_version":"2018-12-06","purchased_purges":1,"victory":false,"max_hp_per_floor":[68,68,68,68,68,68,68,68,68,68,68,68,68,68,68,68],"card_choices":[{"not_picked":["Cleave","Headbutt"],"picked":"Iron Wave","floor":1},{"not_picked":["Blood for Blood","Flex"],"picked":"Power Through","floor":3},{"not_picked":["Cleave","Whirlwind"],"picked":"Feel No Pain","floor":5},{"not_picked":["Anger","Disarm"],"picked":"Rampage","floor":6},{"not_picked":["Thunderclap","Demon Form"],"picked":"Corruption","floor":8},{"not_picked":["Clothesline","Clash"],"picked":"Flame Barrier","floor":11},{"not_picked":["Twin Strike","Sever Soul"],"picked":"Combust","floor":12},{"not_picked":["Body Slam","True Grit"],"picked":"Rupture","floor":13},{"not_picked":["Entrench","Second Wind","Body Slam"],"picked":"SKIP","floor":14}],"player_experience":677471,"relics_obtained":[{"floor":6,"key":"Regal Pillow"},{"floor":8,"key":"Bag of Preparation"},{"floor":11,"key":"Nunchaku"},{"floor":14,"key":"Kunai"}],"event_choices":[{"damage_healed":0,"gold_gain":150,"player_choice":"AGREE","damage_taken":0,"max_hp_gain":0,"max_hp_loss":0,"event_name":"Liars Game","floor":2,"gold_loss":0,"cards_obtained":["Doubt"]},{"cards_removed":["Strike_R"],"damage_healed":0,"gold_gain":0,"player_choice":"Offered Basic","damage_taken":0,"max_hp_gain":0,"max_hp_loss":0,"event_name":"Bonfire Elementals","floor":10,"gold_loss":0}],"is_beta":false,"boss_relics":[],"items_purged_floors":[4],"is_endless":false,"potions_floor_spawned":[8,12,13,14],"killed_by":"Hexaghost","ascension_level":20}