{"path_per_floor":["M","?","$","M","M","E","?","M","T","$","?","R","M","M","R","B",null,"M","M","?","?","M","R","M","R","T","R","E","?","M","M","R"],"character_chosen":"THE_SILENT","items_purchased":["Infinite Blades","Noxious Fumes"],"gold_per_floor":[69,69,2,18,34,67,32,50,95,17,76,76,93,111,111,207,207,220,145,145,145,155,155,165,165,165,165,190,105,119,138,138],"floor_reached":33,"campfire_rested":6,"playtime":3121,"current_hp_per_floor":[68,61,61,61,52,27,44,44,44,44,27,48,43,43,64,43,70,46,37,37,37,20,34,14,28,28,42,19,19,19,13,31],"items_purged":[],"gold":138,"play_id":"b35809cc-4e49-439b-9445-7c20f4ff68f5","is_prod":false,"is_daily":false,"campfire_rituals":0,"campfire_upgraded":0,"is_hardmode":false,"path_taken":["M","?","?","M","?","E","?","M","T","$","?","R","?","?","R","BOSS","M","?","?","?","M","R","M","R","T","R","E","?","?","M","R","BOSS"],"build_version":"2017-12-21-PROD1","purchased_purges":0,"victory":false,"master_deck":["Defend_G","Defend_G","Defend_G","Defend_G","Defend_G","Survivor","Neutralize","Escape Plan","Infinite Blades","Deflect","Quick Slash","Dagger Throw","Footwork","Deadly Poison","Noxious Fumes","Deadly Poison","Catalyst","Backflip","Envenom","Noxious Fumes","Dash","Deadly Poison","Blur","Endless Agony","Deflect","Endless Agony","Bite_G","Bite_G","Bite_G","Bite_G","Bite_G","Writhe","Poisoned Stab","Bane","Endless Agony","Deflect","Backflip"],"max_hp_per_floor":[70,70,70,70,70,70,70,70,70,70,70,70,70,70,70,70,70,70,70,49,49,49,49,49,49,49,49,63,63,63,63,63],"relics":["Ring of the Snake","Toxic Egg","Prayer Wheel","Ginger","Lantern","Ornamental Fan","Orrery","Ninja Scroll","Unceasing Top","Mango","Shuriken"],"campfire_meditates":0,"card_choices":[{"not_picked":["Sucker Punch","Flying Knee"],"picked":"Escape Plan"},{"not_picked":["All Out Attack","Dash"],"picked":"Deflect"},{"not_picked":["PiercingWail","Backflip"],"picked":"Quick Slash"},{"not_picked":["Deflect","Predator"],"picked":"Dagger Throw"},{"not_picked":["Backflip","Burst"],"picked":"Footwork"},{"not_picked":["Endless Agony","Choke"],"picked":"Deadly Poison"},{"not_picked":["Crippling Poison","Backflip"],"picked":"Deadly Poison"},{"not_picked":["Bullet Time","Dodge and Roll"],"picked":"Catalyst"},{"not_picked":["Distraction","Dagger Throw"],"picked":"Backflip"},{"not_picked":["Phantasmal Killer","Adrenaline"],"picked":"Envenom"},{"not_picked":["Crippling Poison","Eviscerate"],"picked":"Noxious Fumes"},{"not_picked":["All Out Attack","Flying Knee"],"picked":"Dash"},{"not_picked":["Sucker Punch","Prepared"],"picked":"Deadly Poison"},{"not_picked":["Acrobatics","Quick Slash"],"picked":"Blur"},{"not_picked":["PiercingWail","Choke"],"picked":"Endless Agony"},{"not_picked":["Dagger Spray","Dagger Throw"],"picked":"Deflect"},{"not_picked":["Wraith Form","PiercingWail"],"picked":"Endless Agony"},{"not_picked":["Dodge and Roll","Predator"],"picked":"Poisoned Stab"},{"not_picked":["Flying Knee","Dagger Spray"],"picked":"Bane"},{"not_picked":["Wraith Form","Bane"],"picked":"Endless Agony"},{"not_picked":["Poisoned Stab","Acrobatics"],"picked":"Deflect"},{"not_picked":["All Out Attack","Blade Dance"],"picked":"Backflip"}],"player_experience":39364,"potions_floor_usage":[30,30,30],"damage_taken":[{"damage":2,"enemies":"Looter","floor":1,"turns":4},{"damage":0,"enemies":"Cultist","floor":4,"turns":4},{"damage":9,"enemies":"Blue Slaver","floor":5,"turns":5},{"damage":25,"enemies":"3 Sentries","floor":6,"turns":10},{"damage":0,"enemies":"Gremlin Gang","floor":8,"turns":6},{"damage":17,"enemies":"3 Sentries","floor":11,"turns":7},{"damage":5,"enemies":"2 Fungi Beasts","floor":13,"turns":3},{"damage":0,"enemies":"Exordium Wildlife","floor":14,"turns":5},{"damage":21,"enemies":"The Guardian","floor":16,"turns":9},{"damage":24,"enemies":"Chosen","floor":18,"turns":6},{"damage":9,"enemies":"2 Thieves","floor":19,"turns":5},{"damage":25,"enemies":"3 Cultists","floor":22,"turns":8},{"damage":26,"enemies":"Centurion and Healer","floor":24,"turns":8},{"damage":45,"enemies":"Slavers","floor":28,"turns":7},{"damage":4,"enemies":"Snecko","floor":30,"turns":5},{"damage":16,"enemies":"Chosen and Byrds","floor":31,"turns":5},{"damage":65,"enemies":"Collector","floor":33,"turns":6}],"event_choices":[{"event_name":"Scrap Ooze","player_choice":"success","floor":2,"damage_taken":7},{"event_name":"The Cleric","player_choice":"Healed","floor":7,"damage_taken":0},{"event_name":"Dead Adventurer","player_choice":"Searched \u00271\u0027 times","floor":11,"damage_taken":0},{"event_name":"Vampires","player_choice":"Became a vampire","floor":20,"damage_taken":0},{"event_name":"The Mausoleum","player_choice":"Yes","floor":21,"damage_taken":0},{"event_name":"Addict","player_choice":"Obtained Relic","floor":29,"damage_taken":0}],"boss_relics":[{"not_picked":["Sozu","White Beast Statue"],"picked":"Orrery"}],"potions_floor_spawned":[5,6,11,11,16,18,22,28],"seed_played":"661952341750151601","killed_by":"Collector","is_trial":false}