{"path_per_floor":["M","$","M","M","M","R","E","R","T","M","?","E","$"],"character_chosen":"IRONCLAD","items_purchased":["Searing Blow"],"gold_per_floor":[110,35,54,67,83,83,118,118,118,137,137,201,23,23],"floor_reached":14,"campfire_rested":0,"playtime":594,"current_hp_per_floor":[79,79,75,71,65,65,28,28,28,24,24,8,8,0],"items_purged":["Pain","Injury"],"gold":23,"score":165,"play_id":"dd86807e-0ee2-4f48-acf5-16c1c44aad03","local_time":"20180427202045","is_prod":false,"is_daily":false,"chose_seed":false,"is_ascension_mode":true,"campfire_upgraded":2,"timestamp":1524878445,"path_taken":["M","$","M","M","M","R","E","R","T","M","?","E","$","?"],"build_version":"2018-04-26","seed_source_timestamp":2191229929734270,"purchased_purges":2,"victory":false,"master_deck":["Strike_R","Strike_R","Strike_R","Strike_R","Strike_R","Defend_R","Defend_R","Defend_R","Defend_R","Bash","AscendersBane","Reaper","Warcry","Sentinel+1","Perfected Strike","Burning Pact","Armaments+1","Hemokinesis","Rage","Searing Blow"],"max_hp_per_floor":[80,80,80,80,80,80,80,80,80,80,80,80,80,80],"relics":["Burning Blood","Bottled Flame","Frozen Egg 2","Golden Idol","Tiny Chest"],"card_choices":[{"not_picked":["Exhume","Dark Embrace"],"picked":"Reaper","floor":0},{"not_picked":["True Grit","Havoc"],"picked":"Warcry","floor":1},{"not_picked":["Sword Boomerang","Clothesline"],"picked":"Sentinel","floor":3},{"not_picked":["Heavy Blade","Sword Boomerang"],"picked":"Perfected Strike","floor":4},{"not_picked":["Sentinel","Feel No Pain"],"picked":"Burning Pact","floor":5},{"not_picked":["Second Wind","Reckless Charge"],"picked":"Armaments","floor":7},{"not_picked":["Entrench","Burning Pact"],"picked":"Hemokinesis","floor":10},{"not_picked":["Anger","Feel No Pain"],"picked":"Rage","floor":12}],"player_experience":282655,"potions_floor_usage":[7,12],"damage_taken":[{"damage":3,"enemies":"2 Louse","floor":1,"turns":5},{"damage":10,"enemies":"Small Slimes","floor":3,"turns":4},{"damage":10,"enemies":"Cultist","floor":4,"turns":4},{"damage":12,"enemies":"Looter","floor":5,"turns":3},{"damage":43,"enemies":"Lagavulin","floor":7,"turns":8},{"damage":14,"enemies":"Large Slime","floor":10,"turns":7},{"damage":28,"enemies":"Gremlin Nob","floor":12,"turns":5},{"damage":9,"enemies":"2 Fungi Beasts","floor":14,"turns":4}],"event_choices":[{"event_name":"Golden Idol","player_choice":"Take Wound","floor":11,"damage_taken":0}],"boss_relics":[],"potions_floor_spawned":[5,10],"seed_played":"5459257216678733999","killed_by":"2 Fungi Beasts","ascension_level":13,"is_trial":false}