{"gold_per_floor":[119,130,130,142,162,162,181,216,216,228,30,59,59,94,94,171,171,183,183,183,197,122,122,149,95,95,95,115,127,127],"floor_reached":30,"playtime":1365,"items_purged":["Strike_R"],"score":523,"play_id":"9d4ccc7a-2939-48d6-9b45-a2df46aa9edd","local_time":"20181022061455","is_ascension_mode":true,"campfire_choices":[{"data":"Combust","floor":6,"key":"SMITH"},{"data":"Armaments","floor":10,"key":"SMITH"},{"floor":13,"key":"REST"},{"data":"Uppercut","floor":15,"key":"SMITH"},{"floor":23,"key":"REST"},{"floor":27,"key":"REST"}],"neow_cost":"NONE","seed_source_timestamp":378520950329581,"circlet_count":0,"master_deck":["Bash","AscendersBane","Reckless Charge","Uppercut+1","Combust+1","Armaments+1","True Grit","Wild Strike","Evolve","Power Through","Dropkick","Feed","Inflame","Sword Boomerang","Headbutt","Rupture","Twin Strike","Burning Pact","True Grit","Whirlwind","Feel No Pain+1","Power Through","Shockwave","Havoc+1"],"relics":["Burning Blood","Bottled Lightning","MawBank","Dream Catcher","Gremlin Horn","Pandora\u0027s Box","Matryoshka","Mercury Hourglass","Darkstone Periapt"],"potions_floor_usage":[8,12,14,16,16,29,30],"damage_taken":[{"damage":9,"enemies":"Jaw Worm","floor":1,"turns":5},{"damage":1,"enemies":"Cultist","floor":2,"turns":4},{"damage":3,"enemies":"2 Louse","floor":4,"turns":3},{"damage":28,"enemies":"Exordium Thugs","floor":5,"turns":4},{"damage":7,"enemies":"Blue Slaver","floor":7,"turns":4},{"damage":34,"enemies":"Gremlin Nob","floor":8,"turns":4},{"damage":8,"enemies":"3 Sentries","floor":12,"turns":6},{"damage":16,"enemies":"Lagavulin","floor":14,"turns":5},{"damage":24,"enemies":"The Guardian","floor":16,"turns":10},{"damage":25,"enemies":"Shell Parasite","floor":18,"turns":5},{"damage":36,"enemies":"Spheric Guardian","floor":21,"turns":4},{"damage":28,"enemies":"Gremlin Leader","floor":24,"turns":5},{"damage":0,"enemies":"Centurion and Healer","floor":28,"turns":6},{"damage":17,"enemies":"Shelled Parasite and Fungi","floor":29,"turns":4},{"damage":46,"enemies":"Book of Stabbing","floor":30,"turns":4}],"seed_played":"-2793305356133977141","potions_obtained":[{"floor":0,"key":"FairyPotion"},{"floor":0,"key":"PowerPotion"},{"floor":2,"key":"Fire Potion"},{"floor":12,"key":"Energy Potion"},{"floor":14,"key":"SkillPotion"},{"floor":24,"key":"AttackPotion"}],"is_trial":false,"path_per_floor":["M","M","?","M","M","R","M","E","T","R","$","E","R","E","R","B",null,"M","?","?","M","?","R","E","$","T","R","M","M"],"character_chosen":"IRONCLAD","items_purchased":["Evolve","AttackPotion","Block Potion"],"campfire_rested":3,"item_purchase_floors":[11,11,25],"current_hp_per_floor":[65,70,70,73,51,51,50,22,22,22,22,20,42,32,32,14,60,45,45,45,15,15,38,16,16,16,39,49,42,0],"gold":127,"neow_bonus":"THREE_SMALL_POTIONS","is_prod":false,"is_daily":false,"chose_seed":false,"campfire_upgraded":3,"win_rate":0,"timestamp":1540203295,"path_taken":["M","M","?","M","M","R","M","E","T","R","?","E","R","E","R","BOSS","M","?","?","M","?","R","E","$","T","R","?","M","E"],"build_version":"2018-10-18","purchased_purges":1,"victory":false,"max_hp_per_floor":[75,75,75,75,75,75,75,75,75,75,75,75,75,75,75,75,75,79,79,79,79,79,79,79,79,79,79,83,87,87],"card_choices":[{"not_picked":["Heavy Blade","Clash"],"picked":"Reckless Charge","floor":1},{"not_picked":["Cleave","Body Slam"],"picked":"Uppercut","floor":2},{"not_picked":["Uppercut","Shrug It Off"],"picked":"Combust","floor":4},{"not_picked":["Limit Break","Clash"],"picked":"Armaments","floor":5},{"not_picked":["Sword Boomerang","Whirlwind"],"picked":"True Grit","floor":7},{"not_picked":["Perfected Strike","Flex"],"picked":"Wild Strike","floor":8},{"not_picked":["Armaments","Berserk"],"picked":"Power Through","floor":12},{"not_picked":["Searing Blow","Pummel"],"picked":"Dropkick","floor":13},{"not_picked":["Heavy Blade","Combust","Anger"],"picked":"SKIP","floor":14},{"not_picked":["Double Tap","Bludgeon"],"picked":"Feed","floor":16},{"not_picked":["Twin Strike","Searing Blow","Headbutt"],"picked":"SKIP","floor":18},{"not_picked":["Entrench","Twin Strike"],"picked":"True Grit","floor":21},{"not_picked":["Armaments","Sever Soul"],"picked":"Whirlwind","floor":23},{"not_picked":["Pommel Strike","Pummel"],"picked":"Feel No Pain+1","floor":24},{"not_picked":["Cleave","Heavy Blade"],"picked":"Power Through","floor":27},{"not_picked":["Bloodletting+1","Iron Wave"],"picked":"Shockwave","floor":28},{"not_picked":["Clothesline","Clash"],"picked":"Havoc+1","floor":29}],"player_experience":594114,"relics_obtained":[{"floor":8,"key":"Bottled Lightning"},{"floor":9,"key":"MawBank"},{"floor":12,"key":"Dream Catcher"},{"floor":14,"key":"Gremlin Horn"},{"floor":24,"key":"Matryoshka"},{"floor":26,"key":"Mercury Hourglass"},{"floor":26,"key":"Darkstone Periapt"}],"event_choices":[{"cards_removed":["Strike_R"],"damage_healed":0,"gold_gain":0,"player_choice":"Offered Basic","damage_taken":0,"max_hp_gain":0,"max_hp_loss":0,"event_name":"Bonfire Elementals","floor":3,"gold_loss":0},{"damage_healed":0,"gold_gain":0,"cards_transformed":["Havoc","Fire Breathing"],"player_choice":"Became Test Subject","damage_taken":0,"max_hp_gain":0,"max_hp_loss":0,"event_name":"Drug Dealer","floor":19,"gold_loss":0,"cards_obtained":["Twin Strike","Burning Pact"]},{"damage_healed":0,"gold_gain":0,"player_choice":"Ignored","damage_taken":0,"max_hp_gain":0,"max_hp_loss":0,"event_name":"Vampires","floor":20,"gold_loss":0},{"cards_removed":["Dropkick"],"damage_healed":0,"gold_gain":0,"player_choice":"Gave Gold","damage_taken":0,"max_hp_gain":0,"max_hp_loss":0,"event_name":"Beggar","floor":22,"gold_loss":75}],"is_beta":false,"boss_relics":[{"not_picked":["Black Blood","Runic Cube"],"picked":"Pandora\u0027s Box"}],"items_purged_floors":[11],"is_endless":false,"potions_floor_spawned":[2,12,14,24],"killed_by":"Book of Stabbing","ascension_level":19}