{"gold_per_floor":[362,139,159,159,179,206,223,223,294,313,329,329,339,350,350,447,447,447,447,447,422,422,422,422,422,422,422,422,422,227,227,227,227,227,227,227,227,227,227,227,227,227,227,41,41,41,41,41,41,41,41,41,41,41,41],"floor_reached":56,"playtime":3979,"items_purged":["Normality"],"score":1316,"play_id":"74bc273d-02ab-41e6-85a3-05739df0bf2b","local_time":"20190211180351","is_ascension_mode":false,"campfire_choices":[{"floor":8,"key":"REST"},{"data":"Barricade","floor":12,"key":"SMITH"},{"floor":15,"key":"REST"},{"floor":24,"key":"RECALL"},{"data":"Armaments","floor":32,"key":"SMITH"},{"floor":40,"key":"REST"},{"floor":42,"key":"REST"},{"data":"Apotheosis","floor":49,"key":"SMITH"},{"data":"Entrench","floor":52,"key":"SMITH"}],"neow_cost":"CURSE","seed_source_timestamp":0,"circlet_count":0,"master_deck":["Strike_R","Strike_R","Strike_R","Strike_R","Strike_R","Defend_R","Defend_R","Defend_R","Defend_R","Bash","Shrug It Off","Entrench+1","Body Slam","Barricade+1","Battle Trance","Armaments+1","True Grit","Armaments","Impervious","Flame Barrier+1","Apotheosis+1","Metallicize+1"],"special_seed":0,"relics":["Burning Blood","Oddly Smooth Stone","Pocketwatch","Happy Flower","Ectoplasm","Bag of Marbles","Centennial Puzzle","MawBank","Boot","TheAbacus","Sozu","Peace Pipe","Juzu Bracelet","Vajra","Blood Vial","Art of War"],"potions_floor_usage":[23,25,55,55],"damage_taken":[{"damage":12.0,"enemies":"Jaw Worm","floor":1.0,"turns":5.0},{"damage":3.0,"enemies":"Cultist","floor":3.0,"turns":5.0},{"damage":0.0,"enemies":"Small Slimes","floor":5.0,"turns":3.0},{"damage":78.0,"enemies":"Lagavulin","floor":6.0,"turns":9.0},{"damage":1.0,"enemies":"3 Louse","floor":7.0,"turns":4.0},{"damage":7,"enemies":"Blue Slaver","floor":10,"turns":4},{"damage":7,"enemies":"Exordium Thugs","floor":11,"turns":6},{"damage":1,"enemies":"Red Slaver","floor":13,"turns":5},{"damage":3,"enemies":"Blue Slaver","floor":14,"turns":5},{"damage":11,"enemies":"Slime Boss","floor":16,"turns":14},{"damage":1,"enemies":"3 Byrds","floor":18,"turns":12},{"damage":6,"enemies":"Shell Parasite","floor":19,"turns":6},{"damage":1,"enemies":"Centurion and Healer","floor":22,"turns":9},{"damage":0,"enemies":"Gremlin Leader","floor":23,"turns":6},{"damage":0,"enemies":"Book of Stabbing","floor":25,"turns":6},{"damage":6,"enemies":"3 Cultists","floor":28,"turns":6},{"damage":26,"enemies":"Slavers","floor":29,"turns":12},{"damage":0,"enemies":"Snake Plant","floor":31,"turns":5},{"damage":51,"enemies":"Automaton","floor":33,"turns":12},{"damage":15,"enemies":"Orb Walker","floor":35,"turns":5},{"damage":0,"enemies":"3 Darklings","floor":36,"turns":9},{"damage":54,"enemies":"2 Orb Walkers","floor":38,"turns":9},{"damage":0,"enemies":"Transient","floor":39,"turns":5},{"damage":0,"enemies":"Nemesis","floor":46,"turns":5},{"damage":0,"enemies":"Maw","floor":47,"turns":7},{"damage":1,"enemies":"3 Darklings","floor":48,"turns":8},{"damage":0,"enemies":"Awakened One","floor":50,"turns":11},{"damage":25,"enemies":"Shield and Spear","floor":54,"turns":11},{"damage":3,"enemies":"The Heart","floor":55,"turns":10}],"seed_played":"5005591725398125192","potions_obtained":[{"floor":6.0,"key":"SkillPotion"},{"floor":10,"key":"FairyPotion"},{"floor":11,"key":"PowerPotion"},{"floor":14,"key":"Block Potion"},{"floor":19,"key":"Block Potion"},{"floor":25,"key":"EssenceOfSteel"},{"floor":29,"key":"Dexterity Potion"}],"is_trial":false,"path_per_floor":["M","$","M","?","M","E","M","R","T","M","M","R","M","M","R","B",null,"M","M","?","$","M","E","R","E","T","?","M","E","$","M","R","B",null,"M","M","?","?","M","R","T","R","T","$","?","E","M","M","R","B",null,"R","$","E","B",null],"character_chosen":"IRONCLAD","items_purchased":["Oddly Smooth Stone","Armaments","TheAbacus","Apotheosis"],"campfire_rested":4,"item_purchase_floors":[2,21,30,44],"current_hp_per_floor":[74,74,77,77,80,8,13,37,37,36,35,35,40,43,67,62,80,80,80,80,80,80,80,80,80,80,80,80,60,60,66,66,21,80,71,77,77,29,35,59,59,80,80,80,80,80,80,80,80,80,80,80,80,61,66],"gold":41,"neow_bonus":"TWO_FIFTY_GOLD","is_prod":false,"is_daily":false,"chose_seed":false,"campfire_upgraded":4,"win_rate":0,"timestamp":1549904631,"path_taken":["M","$","M","?","M","E","M","R","T","M","M","R","?","M","R","BOSS","M","M","?","$","M","E","R","E","T","?","M","E","$","M","R","BOSS","M","M","?","?","?","R","?","R","T","?","?","E","M","M","R","BOSS","R","$","E","BOSS"],"build_version":"2019-02-06","purchased_purges":1,"victory":true,"max_hp_per_floor":[80,80,80,80,80,80,80,80,80,80,80,80,80,80,80,80,80,80,80,80,80,80,80,80,80,80,80,80,80,80,80,80,80,80,80,80,80,80,80,80,80,80,80,80,80,80,80,80,80,80,80,80,80,80,80],"card_choices":[{"not_picked":["Rage","Wild Strike"],"picked":"Shrug It Off","floor":1.0},{"not_picked":["Combust","Flex"],"picked":"Entrench","floor":3.0},{"not_picked":["Spot Weakness","Cleave","Warcry"],"picked":"SKIP","floor":5.0},{"not_picked":["Whirlwind","Flex"],"picked":"Body Slam","floor":6.0},{"not_picked":["Havoc","Twin Strike","True Grit"],"picked":"SKIP","floor":7.0},{"not_picked":["Pommel Strike","Sword Boomerang","Rampage"],"picked":"SKIP","floor":10},{"not_picked":["Clothesline","Shrug It Off"],"picked":"Barricade","floor":11},{"not_picked":["Cleave","True Grit","Thunderclap"],"picked":"SKIP","floor":13},{"not_picked":["Anger","Feel No Pain"],"picked":"Iron Wave","floor":14},{"not_picked":["Headbutt+1","Thunderclap+1"],"picked":"Battle Trance","floor":18},{"not_picked":["Clash","True Grit","Fire Breathing"],"picked":"SKIP","floor":19},{"not_picked":["Bludgeon","Shrug It Off","Flame Barrier"],"picked":"SKIP","floor":22},{"not_picked":["Battle Trance","Anger","Hemokinesis+1"],"picked":"SKIP","floor":23},{"not_picked":["Cleave+1","Perfected Strike","Second Wind+1"],"picked":"SKIP","floor":25},{"not_picked":["Sentinel+1","True Grit","Wild Strike"],"picked":"SKIP","floor":28},{"not_picked":["Pommel Strike","Havoc"],"picked":"True Grit","floor":29},{"not_picked":["Rage","Metallicize"],"picked":"Armaments","floor":31},{"not_picked":["Brutality","Offering"],"picked":"Impervious","floor":33},{"not_picked":["Blood for Blood","Thunderclap+1"],"picked":"Flame Barrier+1","floor":35},{"not_picked":["Armaments+1","Second Wind+1","Clothesline+1"],"picked":"SKIP","floor":36},{"not_picked":["Heavy Blade","Burning Pact","Flex"],"picked":"SKIP","floor":39},{"not_picked":["Dropkick","Cleave+1","Carnage+1"],"picked":"SKIP","floor":46},{"not_picked":["Intimidate","Heavy Blade","Perfected Strike+1"],"picked":"SKIP","floor":47},{"not_picked":["Pommel Strike+1","Anger","Burning Pact"],"picked":"SKIP","floor":48},{"not_picked":["Fire Breathing","Clash+1"],"picked":"Metallicize+1","floor":54}],"player_experience":200275,"relics_obtained":[{"floor":4.0,"key":"Pocketwatch"},{"floor":6.0,"key":"Happy Flower"},{"floor":23,"key":"Bag of Marbles"},{"floor":25,"key":"Centennial Puzzle"},{"floor":26,"key":"MawBank"},{"floor":29,"key":"Boot"},{"floor":38,"key":"Peace Pipe"},{"floor":41,"key":"Juzu Bracelet"},{"floor":43,"key":"Vajra"},{"floor":46,"key":"Blood Vial"},{"floor":54,"key":"Art of War"}],"event_choices":[{"damage_healed":0.0,"max_hp_gain":0.0,"max_hp_loss":0.0,"gold_gain":0.0,"event_name":"Wheel of Change","player_choice":"Relic","floor":4.0,"gold_loss":0.0,"damage_taken":0.0},{"damage_healed":0,"gold_gain":0,"player_choice":"Ignored","damage_taken":0,"max_hp_gain":0,"max_hp_loss":0,"event_name":"Beggar","floor":20,"gold_loss":0},{"damage_healed":0,"gold_gain":99,"player_choice":"Stole From Cult","damage_taken":0,"max_hp_gain":0,"max_hp_loss":0,"event_name":"Nest","floor":27,"gold_loss":0},{"damage_healed":0,"gold_gain":0,"player_choice":"Ignored","damage_taken":0,"max_hp_gain":0,"max_hp_loss":0,"event_name":"Tomb of Lord Red Mask","floor":37,"gold_loss":0},{"damage_healed":0,"gold_gain":0,"player_choice":"Fight","damage_taken":0,"max_hp_gain":0,"max_hp_loss":0,"event_name":"Mysterious Sphere","floor":38,"gold_loss":0},{"cards_removed":["Iron Wave"],"damage_healed":0,"gold_gain":0,"player_choice":"Removed Attack","damage_taken":0,"max_hp_gain":0,"max_hp_loss":0,"event_name":"Falling","floor":45,"gold_loss":0}],"is_beta":true,"boss_relics":[{"not_picked":["Eternal Feather","Runic Pyramid"],"picked":"Ectoplasm"},{"not_picked":["Black Star","Fusion Hammer"],"picked":"Sozu"}],"items_purged_floors":[2],"is_endless":false,"potions_floor_spawned":[6,10,11,13,14,19,25,29,35,46,48,54],"ascension_level":0}