{"gold_per_floor":[115,132,132,132,149,149,176,196,269,279,298,309,309,382,382,455,455,468,468,20,35,51,51,85,0,0,0,0,28,46,46,46,121,121,140,42,57,57,0,0,32,43,73,73,87,87,87,7,7,7],"floor_reached":51,"playtime":3137,"items_purged":["Strike_G","Strike_G"],"score":1198,"play_id":"e6f3025d-d2ff-41e8-a135-60e422c02d96","local_time":"20180929224118","is_ascension_mode":true,"campfire_choices":[{"data":"Deadly Poison","floor":6,"key":"SMITH"},{"floor":13,"key":"REST"},{"data":"Burst","floor":15,"key":"SMITH"},{"floor":23,"key":"REST"},{"data":"Crippling Poison","floor":27,"key":"SMITH"},{"data":"Footwork","floor":32,"key":"SMITH"},{"data":"Bullet Time","floor":40,"key":"SMITH"},{"floor":44,"key":"REST"},{"floor":46,"key":"REST"},{"data":"Leg Sweep","floor":49,"key":"SMITH"}],"neow_cost":"","seed_source_timestamp":532149095434566,"circlet_count":0,"master_deck":["Defend_G","Defend_G","Defend_G","Defend_G","Defend_G","Strike_G","Survivor","Neutralize","AscendersBane","Deadly Poison+1","Deadly Poison+1","Burst+1","Crippling Poison+1","Footwork+1","Bullet Time+1","Blur","RitualDagger","Backflip","Cloak And Dagger","Caltrops+1","Blur","Night Terror","Dodge and Roll","Acrobatics+1","Leg Sweep+1","Deflect","Sucker Punch","Good Instincts","Blur"],"relics":["Ring of the Serpent","Gambling Chip","Smiling Mask","Ornamental Fan","Question Card","Empty Cage","TwistedFunnel","Lantern","Paper Crane","Oddly Smooth Stone","Pen Nib","Boot","Red Mask","Tough Bandages","Tiny Chest"],"potions_floor_usage":[16,16,50,50],"damage_taken":[{"damage":3,"enemies":"Small Slimes","floor":1,"turns":6},{"damage":2,"enemies":"Cultist","floor":2,"turns":4},{"damage":0,"enemies":"Jaw Worm","floor":5,"turns":3},{"damage":22,"enemies":"3 Sentries","floor":7,"turns":9},{"damage":6,"enemies":"Exordium Wildlife","floor":8,"turns":5},{"damage":4,"enemies":"Blue Slaver","floor":10,"turns":5},{"damage":5,"enemies":"Large Slime","floor":11,"turns":6},{"damage":0,"enemies":"2 Fungi Beasts","floor":12,"turns":3},{"damage":5,"enemies":"Slime Boss","floor":16,"turns":9},{"damage":6,"enemies":"2 Thieves","floor":18,"turns":4},{"damage":7,"enemies":"Chosen","floor":21,"turns":5},{"damage":12,"enemies":"Snake Plant","floor":22,"turns":4},{"damage":11,"enemies":"Book of Stabbing","floor":24,"turns":6},{"damage":0,"enemies":"Slavers","floor":29,"turns":4},{"damage":0,"enemies":"Centurion and Healer","floor":30,"turns":4},{"damage":30,"enemies":"Automaton","floor":33,"turns":13},{"damage":0,"enemies":"Orb Walker","floor":35,"turns":4},{"damage":4,"enemies":"3 Darklings","floor":37,"turns":3},{"damage":46,"enemies":"Nemesis","floor":41,"turns":13},{"damage":0,"enemies":"Sphere and 2 Shapes","floor":42,"turns":3},{"damage":0,"enemies":"Maw","floor":45,"turns":10},{"damage":26,"enemies":"Awakened One","floor":50,"turns":83}],"seed_played":"338356420803063215","potions_obtained":[{"floor":11,"key":"Explosive Potion"},{"floor":12,"key":"AttackPotion"},{"floor":16,"key":"GhostInAJar"},{"floor":41,"key":"Weak Potion"}],"is_trial":false,"path_per_floor":["M","M","?","?","M","R","E","M","T","M","M","M","R","T","R","B",null,"M","?","$","M","M","R","E","?","T","R","?","E","M","?","R","B",null,"M","$","M","?","?","R","E","M","T","R","M","R","?","$","R","B"],"character_chosen":"THE_SILENT","items_purchased":["TwistedFunnel","Lantern","Poison Potion","Dodge and Roll","Blur"],"campfire_rested":4,"item_purchase_floors":[20,20,20,36,48],"current_hp_per_floor":[56,54,54,47,47,47,25,19,19,15,10,10,29,29,29,24,56,50,44,44,37,25,44,33,33,33,33,66,66,66,66,66,36,59,59,59,55,55,55,55,9,9,9,27,27,45,45,45,45,19],"gold":7,"neow_bonus":"","is_prod":false,"is_daily":false,"chose_seed":false,"campfire_upgraded":6,"win_rate":0,"timestamp":1538275278,"path_taken":["M","M","?","?","M","R","E","M","T","M","M","?","R","?","R","BOSS","M","?","$","M","M","R","E","?","T","R","?","E","M","?","R","BOSS","M","$","M","?","?","R","E","M","T","R","?","R","?","$","R","BOSS"],"build_version":"2018-09-27","purchased_purges":2,"victory":true,"max_hp_per_floor":[66,66,66,66,66,66,66,66,66,66,66,66,66,66,66,66,66,66,66,66,66,66,66,66,66,66,66,66,66,66,66,66,66,66,66,66,66,63,63,63,63,63,63,63,63,63,63,63,63,63],"card_choices":[{"not_picked":["Flying Knee","Prepared"],"picked":"Deadly Poison","floor":1},{"not_picked":["Leg Sweep","Poisoned Stab"],"picked":"Deadly Poison","floor":2},{"not_picked":["Bane","Poisoned Stab"],"picked":"Burst","floor":5},{"not_picked":["Deflect","Expertise","Eviscerate"],"picked":"SKIP","floor":7},{"not_picked":["Outmaneuver","Poisoned Stab"],"picked":"Crippling Poison","floor":8},{"not_picked":["Sucker Punch","PiercingWail"],"picked":"Footwork","floor":10},{"not_picked":["PiercingWail","All Out Attack"],"picked":"Calculated Gamble","floor":11},{"not_picked":["Prepared","Quick Slash","Poisoned Stab"],"picked":"SKIP","floor":12},{"not_picked":["Unload","Doppelganger","Envenom"],"picked":"Bullet Time","floor":16},{"not_picked":["Cloak And Dagger","Predator","Tactician"],"picked":"Blur","floor":18},{"not_picked":["Expertise","Concentrate","Slice"],"picked":"Backflip","floor":21},{"not_picked":["Quick Slash","Expertise","Slice","Flechettes"],"picked":"SKIP","floor":22},{"not_picked":["Dagger Spray","Concentrate","Prepared"],"picked":"Cloak And Dagger","floor":24},{"not_picked":["Underhanded Strike","Calculated Gamble","Infinite Blades"],"picked":"Caltrops+1","floor":29},{"not_picked":["Expertise","Phantasmal Killer","Dagger Spray"],"picked":"Blur","floor":30},{"not_picked":["After Image","Wraith Form v2","Doppelganger"],"picked":"Night Terror","floor":33},{"not_picked":["Dagger Spray","Endless Agony","Prepared","Acrobatics"],"picked":"SKIP","floor":35},{"not_picked":["Finisher","Bane","Dodge and Roll+1"],"picked":"Acrobatics+1","floor":37},{"not_picked":["Choke","Blade Dance","Predator"],"picked":"Leg Sweep","floor":41},{"not_picked":["Expertise","Riddle With Holes","Poisoned Stab"],"picked":"Deflect","floor":42},{"not_picked":["Acrobatics","Predator+1","Dagger Spray"],"picked":"Sucker Punch","floor":45},{"not_picked":["Mind Blast","Purity","Magnetism"],"picked":"Good Instincts","floor":47}],"player_experience":519603,"relics_obtained":[{"floor":7,"key":"Smiling Mask"},{"floor":9,"key":"Ornamental Fan"},{"floor":14,"key":"Question Card"},{"floor":24,"key":"Paper Crane"},{"floor":26,"key":"Pen Nib"},{"floor":29,"key":"Boot"},{"floor":41,"key":"Tough Bandages"},{"floor":43,"key":"Tiny Chest"}],"event_choices":[{"event_name":"Living Wall","player_choice":"Grow","floor":3,"damage_taken":0},{"event_name":"Scrap Ooze","player_choice":"success","floor":4,"damage_taken":7},{"event_name":"Nest","player_choice":"Joined the Cult","floor":19,"damage_taken":0},{"event_name":"Addict","player_choice":"Obtained Relic","floor":25,"damage_taken":0},{"event_name":"Bonfire Elementals","player_choice":"UNCOMMON","floor":28,"damage_taken":0},{"event_name":"The Lab","player_choice":"Got Potions","floor":31,"damage_taken":0},{"event_name":"Winding Halls","player_choice":"Max HP","floor":38,"damage_taken":0},{"event_name":"Tomb of Lord Red Mask","player_choice":"Paid","floor":39,"damage_taken":0},{"event_name":"SensoryStone","player_choice":"Memory 1","floor":47,"damage_taken":0}],"is_beta":false,"boss_relics":[{"not_picked":["Calling Bell","Busted Crown"],"picked":"Empty Cage"},{"not_picked":["Runic Pyramid","Black Star"],"picked":"Ring of the Serpent"}],"items_purged_floors":[20,36],"is_endless":false,"potions_floor_spawned":[11,12,16,21,22,29,35,41],"ascension_level":14}