{"path_per_floor":["M","$","M","?","M","E","R","?","T","M","M","?","M","?","R"],"character_chosen":"THE_SILENT","items_purchased":["Poisoned Stab"],"gold_per_floor":[110,63,79,79,92,123,123,123,147,162,183,183,199,199,199],"floor_reached":16,"campfire_rested":2,"playtime":4026,"current_hp_per_floor":[69,69,69,62,60,47,68,54,54,54,17,34,32,32,52],"items_purged":[],"gold":199,"play_id":"bb204af4-17c7-4876-907a-7727be67111f","is_prod":false,"is_daily":false,"campfire_rituals":0,"campfire_upgraded":0,"is_hardmode":false,"path_taken":["M","$","M","?","M","E","R","?","T","M","M","?","M","?","R","BOSS"],"build_version":"2017-12-21-PROD1","purchased_purges":0,"victory":false,"master_deck":["Defend_G","Defend_G","Defend_G","Defend_G","Defend_G","Strike_G","Strike_G","Strike_G","Strike_G","Strike_G","Survivor","Neutralize","Poisoned Stab","Poisoned Stab","Outmaneuver","Bouncing Flask","Backflip","Footwork","Infinite Blades","Slice"],"max_hp_per_floor":[70,70,70,70,70,70,70,70,70,70,70,70,70,67,67],"relics":["Ring of the Snake","Lantern","Juzu Bracelet","Dodecahedron","Golden Idol","Oddly Smooth Stone"],"campfire_meditates":0,"card_choices":[{"not_picked":["Masterful Stab","Dodge and Roll"],"picked":"Poisoned Stab"},{"not_picked":["Dodge and Roll","Deflect"],"picked":"Outmaneuver"},{"not_picked":["Flying Knee","Quick Slash"],"picked":"Bouncing Flask"},{"not_picked":["A Thousand Cuts","Slice"],"picked":"Backflip"},{"not_picked":["Leg Sweep","Quick Slash"],"picked":"Footwork"},{"not_picked":["Flying Knee","Acrobatics"],"picked":"Infinite Blades"},{"not_picked":["Eviscerate","Dagger Throw"],"picked":"Slice"}],"player_experience":27947,"potions_floor_usage":[],"damage_taken":[{"damage":1,"enemies":"Cultist","floor":1,"turns":4},{"damage":0,"enemies":"Jaw Worm","floor":3,"turns":2},{"damage":2,"enemies":"Blue Slaver","floor":5,"turns":4},{"damage":13,"enemies":"Gremlin Nob","floor":6,"turns":4},{"damage":0,"enemies":"Large Slime","floor":10,"turns":4},{"damage":37,"enemies":"Gremlin Gang","floor":11,"turns":6},{"damage":2,"enemies":"3 Louse","floor":13,"turns":4},{"damage":56,"enemies":"Slime Boss","floor":16,"turns":12}],"event_choices":[{"event_name":"Scrap Ooze","player_choice":"success","floor":4,"damage_taken":7},{"event_name":"Golden Idol","player_choice":"Take Damage","floor":8,"damage_taken":0},{"event_name":"Mushrooms","player_choice":"Healed and dodged fight","floor":12,"damage_taken":0},{"event_name":"Fountain of Cleansing","player_choice":"Removed Curse","floor":14,"damage_taken":0}],"boss_relics":[],"potions_floor_spawned":[1,6,11],"seed_played":"-3395301626585154590","killed_by":"Slime Boss","is_trial":false}