{"path_per_floor":["M","$","M","M","M","E","R","M","T","R","E","M","E","$","R","B",null,"M","?","?","M","$"],"character_chosen":"IRONCLAD","items_purchased":["Blind","Metallicize"],"gold_per_floor":[116,10,29,44,56,90,90,107,107,107,137,154,184,109,109,205,235,253,253,178,192,17],"floor_reached":23,"campfire_rested":1,"playtime":935,"current_hp_per_floor":[72,72,72,72,72,34,34,30,30,51,49,55,35,35,35,28,64,50,50,50,10,10],"items_purged":["Strike_R","Doubt"],"gold":17,"score":317,"play_id":"e92b3a86-25aa-4fea-8c91-399b09cea73b","local_time":"20180314215908","is_prod":false,"is_daily":false,"is_ascension_mode":true,"campfire_upgraded":2,"timestamp":1521082748,"path_taken":["M","?","M","?","M","E","R","M","T","R","E","M","E","$","R","BOSS","M","?","?","M","$","E"],"build_version":"2018-03-09","purchased_purges":2,"victory":false,"master_deck":["Strike_R","Strike_R","Strike_R","Strike_R","Defend_R","Defend_R","Defend_R","Defend_R","Bash","Parasite","Immolate","Carnage+1","Blind","Shrug It Off","Berserk","Clash","Thunderclap","Armaments","Inflame","Offering+1","Parasite","Inflame","Writhe","Metallicize"],"max_hp_per_floor":[72,72,72,72,72,72,72,72,72,72,74,74,74,74,74,76,76,76,76,76,78,78],"relics":["Burning Blood","Dream Catcher","Happy Flower","Singing Bowl","Pen Nib","Calling Bell","Blood Vial","Tiny Chest","Oddly Smooth Stone","Omamori"],"card_choices":[{"not_picked":["Berserk","Dark Embrace"],"picked":"Immolate"},{"not_picked":["Wild Strike","Shrug It Off"],"picked":"Carnage"},{"not_picked":["Twin Strike","Anger"],"picked":"Shrug It Off"},{"not_picked":["Entrench","Second Wind"],"picked":"Berserk"},{"not_picked":["Armaments","Twin Strike"],"picked":"Clash"},{"not_picked":["Entrench","Wild Strike"],"picked":"Thunderclap"},{"not_picked":["Flex","Iron Wave"],"picked":"Armaments"},{"not_picked":["Battle Trance","Clash"],"picked":"Inflame"},{"not_picked":["Dark Embrace","True Grit"],"picked":"Offering"},{"not_picked":["Cleave","Seeing Red"],"picked":"Inflame"}],"player_experience":206650,"potions_floor_usage":[11,11,16,16,23],"damage_taken":[{"damage":1,"enemies":"Cultist","floor":1,"turns":3},{"damage":0,"enemies":"2 Louse","floor":3,"turns":3},{"damage":2,"enemies":"Jaw Worm","floor":4,"turns":4},{"damage":6,"enemies":"Exordium Thugs","floor":5,"turns":3},{"damage":44,"enemies":"3 Sentries","floor":6,"turns":12},{"damage":10,"enemies":"2 Fungi Beasts","floor":8,"turns":2},{"damage":10,"enemies":"Lagavulin","floor":11,"turns":5},{"damage":0,"enemies":"Exordium Wildlife","floor":12,"turns":4},{"damage":26,"enemies":"Gremlin Nob","floor":13,"turns":4},{"damage":15,"enemies":"Slime Boss","floor":16,"turns":10},{"damage":22,"enemies":"3 Byrds","floor":18,"turns":6},{"damage":50,"enemies":"Spheric Guardian","floor":21,"turns":6},{"damage":22,"enemies":"Gremlin Leader","floor":23,"turns":2}],"event_choices":[{"event_name":"The Mausoleum","player_choice":"Yes","floor":19,"damage_taken":0},{"event_name":"Beggar","player_choice":"Gave Gold","floor":20,"damage_taken":0}],"boss_relics":[{"not_picked":["Tiny House","Snecko Eye"],"picked":"Calling Bell"}],"potions_floor_spawned":[1,4,8,13,16,21],"seed_played":"2895955239656212841","killed_by":"Gremlin Leader","ascension_level":10,"is_trial":false}