{"path_per_floor":["M","$","M","?","M","R","E","R","T","M","M","T","M","M","R","B",null,"M","?","?","T","M","R","M","R","T","?","$","R","E","M","R"],"character_chosen":"DEFECT","items_purchased":["Art of War","Regal Pillow","DataDisk"],"gold_per_floor":[359,67,82,82,99,99,126,126,152,164,184,184,195,205,205,303,303,287,202,202,228,243,243,262,262,262,262,32,32,57,70,70,70],"floor_reached":33,"campfire_rested":3,"playtime":1494,"item_purchase_floors":[2,2,28],"current_hp_per_floor":[71,71,70,70,62,62,40,79,79,76,78,78,78,74,74,15,84,72,72,72,72,68,68,30,70,70,70,70,70,17,1,41,0],"items_purged":["Defend_B"],"gold":70,"score":306,"play_id":"09c21934-c397-4a0c-8d55-4d212ad77384","local_time":"20180609091652","is_prod":false,"is_daily":false,"chose_seed":false,"is_ascension_mode":true,"campfire_upgraded":4,"win_rate":0,"timestamp":1528553812,"campfire_choices":[{"data":"Zap","floor":6,"key":"SMITH"},{"floor":8,"key":"REST"},{"data":"Coolheaded","floor":15,"key":"SMITH"},{"data":"Conserve Battery","floor":23,"key":"SMITH"},{"floor":25,"key":"REST"},{"data":"Storm","floor":29,"key":"SMITH"},{"floor":32,"key":"REST"}],"path_taken":["M","$","M","?","M","R","E","R","T","M","M","?","M","M","R","BOSS","M","?","?","?","?","R","M","R","T","?","$","R","E","M","R","BOSS"],"build_version":"2018-06-07v3","seed_source_timestamp":2007436325854234,"purchased_purges":1,"victory":false,"master_deck":["Strike_B","Strike_B","Strike_B","Defend_B","Defend_B","Defend_B","Zap+1","Dualcast","Lockon","Coolheaded+1","Go for the Eyes","Double Energy","Stack","Stack","Turbo","Echo Form","White Noise","Conserve Battery+1","Storm+1","Reinforced Body+1"],"max_hp_per_floor":[75,75,75,75,75,75,82,82,82,82,82,82,84,84,84,84,84,84,84,84,84,84,84,84,84,84,84,84,84,86,86,86,86],"relics":["Cracked Core","Art of War","Regal Pillow","Spirit Poop","Strawberry","Blood Vial","Singing Bowl","Runic Dome","Lantern","Potion Belt","Dodecahedron","DataDisk","Pen Nib"],"card_choices":[{"not_picked":["Recycle","Rebound"],"picked":"Lockon","floor":1},{"not_picked":["Barrage","Compile Driver"],"picked":"Coolheaded","floor":3},{"not_picked":["Amplify","Chaos"],"picked":"Go for the Eyes","floor":5},{"not_picked":["Amplify","Coolheaded"],"picked":"Double Energy","floor":7},{"not_picked":["Go for the Eyes","Reinforced Body"],"picked":"Stack","floor":10},{"not_picked":["Redo","Gash"],"picked":"Stack","floor":11},{"not_picked":["Stack","Go for the Eyes","Redo"],"picked":"Singing Bowl","floor":13},{"not_picked":["Redo","Rip and Tear"],"picked":"Turbo","floor":14},{"not_picked":["Rainbow","Multi-Cast"],"picked":"Echo Form","floor":16},{"not_picked":["Storm","Ball Lightning"],"picked":"White Noise","floor":18},{"not_picked":["Scrape+1","Rebound"],"picked":"Conserve Battery","floor":22},{"not_picked":["Cold Snap","Echo Form"],"picked":"Storm","floor":24},{"not_picked":["Rainbow","Recycle","Coolheaded"],"picked":"Singing Bowl","floor":30},{"not_picked":["Stack","Steam Power"],"picked":"Reinforced Body+1","floor":31}],"player_experience":357513,"potions_floor_usage":[16,16,30],"damage_taken":[{"damage":4,"enemies":"2 Louse","floor":1,"turns":2},{"damage":1,"enemies":"Cultist","floor":3,"turns":3},{"damage":8,"enemies":"Small Slimes","floor":5,"turns":4},{"damage":29,"enemies":"3 Sentries","floor":7,"turns":9},{"damage":5,"enemies":"Exordium Wildlife","floor":10,"turns":3},{"damage":0,"enemies":"Large Slime","floor":11,"turns":5},{"damage":4,"enemies":"Looter","floor":13,"turns":3},{"damage":6,"enemies":"3 Louse","floor":14,"turns":2},{"damage":61,"enemies":"Slime Boss","floor":16,"turns":13},{"damage":12,"enemies":"2 Thieves","floor":18,"turns":4},{"damage":6,"enemies":"Chosen","floor":22,"turns":6},{"damage":40,"enemies":"Snake Plant","floor":24,"turns":5},{"damage":57,"enemies":"Slavers","floor":30,"turns":7},{"damage":56,"enemies":"Cultist and Chosen","floor":31,"turns":10},{"damage":43,"enemies":"Champ","floor":33,"turns":14}],"relics_obtained":[{"floor":7,"key":"Strawberry"},{"floor":9,"key":"Blood Vial"},{"floor":12,"key":"Singing Bowl"},{"floor":21,"key":"Potion Belt"},{"floor":26,"key":"Dodecahedron"},{"floor":30,"key":"Pen Nib"}],"event_choices":[{"event_name":"Bonfire Elementals","player_choice":"CURSE","floor":4,"damage_taken":0},{"event_name":"Addict","player_choice":"Obtained Relic","floor":19,"damage_taken":0},{"event_name":"Drug Dealer","player_choice":"Ignored","floor":20,"damage_taken":0},{"event_name":"Purifier","player_choice":"One Purge","floor":27,"damage_taken":0}],"boss_relics":[{"not_picked":["Runic Pyramid","Lizard Tail"],"picked":"Runic Dome"}],"items_purged_floors":[28],"potions_floor_spawned":[1,10,11,24],"seed_played":"-2028362425693865160","killed_by":"Champ","ascension_level":3,"potions_obtained":[{"floor":1,"key":"FearPotion"},{"floor":10,"key":"Energy Potion"},{"floor":11,"key":"AttackPotion"},{"floor":24,"key":"FairyPotion"}],"is_trial":false}