{"path_per_floor":["M","M","$","M","M","E","R","?","T","R","?","E","M","E","R","B",null,"M","?","M","$","T","M","R","E","T","?","M","?","E","M","R"],"character_chosen":"IRONCLAD","items_purchased":["Flex","Molten Egg 2"],"gold_per_floor":[119,131,6,22,38,72,72,128,128,128,128,163,174,205,205,303,303,317,317,331,28,28,40,40,74,97,97,114,39,70,89,89],"floor_reached":33,"campfire_rested":1,"playtime":1483,"current_hp_per_floor":[71,75,75,77,77,71,71,63,63,63,56,51,49,47,47,37,77,55,55,57,57,64,63,63,54,54,54,48,48,38,40,80],"items_purged":["Parasite","Clash"],"gold":89,"score":336,"play_id":"9c841b25-3b06-4247-8d99-29f36e1f9602","is_prod":false,"is_daily":false,"is_ascension_mode":true,"campfire_upgraded":4,"path_taken":["M","?","$","M","?","E","R","?","T","R","?","E","M","E","R","BOSS","M","?","?","$","?","M","R","E","T","?","M","?","E","M","R","BOSS"],"build_version":"2018-02-15-PROD1","purchased_purges":2,"victory":false,"master_deck":["Strike_R","Strike_R+1","Strike_R","Defend_R","Defend_R","Defend_R+1","Bash","Berserk","Sentinel","Clash","Flex+1","Warcry","Bludgeon+1","Iron Wave+1","Ghostly Armor+1","Uppercut+1","Shrug It Off","Ghostly Armor+1","Offering+1","Bloodletting+1","Headbutt+1","Rupture","Warcry+1","Flex+1"],"max_hp_per_floor":[80,80,77,77,77,77,77,77,77,77,77,77,77,77,77,77,77,77,77,77,77,84,84,84,84,84,84,84,84,84,84,84],"relics":["Burning Blood","Ancient Tea Set","Regal Pillow","Smiling Mask","Frozen Eye","Matryoshka","Toxic Egg 2","Runic Dome","Molten Egg 2","Strawberry","Gambling Chip","Mummified Hand","Prayer Wheel","Whetstone","War Paint","The Courier"],"card_choices":[{"not_picked":["Armaments","Pommel Strike"],"picked":"Clash"},{"not_picked":["Intimidate","Feel No Pain"],"picked":"Clash"},{"not_picked":["Pommel Strike","True Grit"],"picked":"Warcry"},{"not_picked":["Perfected Strike","Corruption"],"picked":"Bludgeon"},{"not_picked":["Havoc","Double Tap"],"picked":"Iron Wave"},{"not_picked":["Entrench","Perfected Strike"],"picked":"Ghostly Armor"},{"not_picked":["Pommel Strike","Clash"],"picked":"Uppercut"},{"not_picked":["Rage","Body Slam"],"picked":"Shrug It Off"},{"not_picked":["Heavy Blade","Hemokinesis"],"picked":"Ghostly Armor"},{"not_picked":["Dark Embrace","Immolate"],"picked":"Offering"},{"not_picked":["Wild Strike","Thunderclap"],"picked":"Bloodletting"},{"not_picked":["Dual Wield","Flex"],"picked":"Headbutt"},{"not_picked":["Anger","Infernal Blade"],"picked":"Rupture"},{"not_picked":["Power Through","Sword Boomerang"],"picked":"Warcry"},{"not_picked":["Headbutt","Inflame"],"picked":"Flex"}],"player_experience":109628,"potions_floor_usage":[12],"damage_taken":[{"damage":15,"enemies":"Cultist","floor":1,"turns":5},{"damage":2,"enemies":"2 Louse","floor":2,"turns":3},{"damage":2,"enemies":"Jaw Worm","floor":4,"turns":2},{"damage":4,"enemies":"Red Slaver","floor":5,"turns":2},{"damage":12,"enemies":"3 Sentries","floor":6,"turns":9},{"damage":14,"enemies":"3 Sentries","floor":8,"turns":5},{"damage":11,"enemies":"Lagavulin","floor":12,"turns":5},{"damage":8,"enemies":"Large Slime","floor":13,"turns":4},{"damage":8,"enemies":"3 Sentries","floor":14,"turns":5},{"damage":16,"enemies":"Slime Boss","floor":16,"turns":6},{"damage":28,"enemies":"3 Byrds","floor":18,"turns":5},{"damage":4,"enemies":"Chosen","floor":20,"turns":4},{"damage":7,"enemies":"Snecko","floor":23,"turns":3},{"damage":15,"enemies":"Slavers","floor":25,"turns":4},{"damage":12,"enemies":"3 Cultists","floor":28,"turns":4},{"damage":16,"enemies":"Book of Stabbing","floor":30,"turns":4},{"damage":4,"enemies":"Snake Plant","floor":31,"turns":3},{"damage":93,"enemies":"Champ","floor":33,"turns":8}],"event_choices":[{"event_name":"Dead Adventurer","player_choice":"Searched \u00272\u0027 times","floor":8,"damage_taken":0},{"event_name":"Scrap Ooze","player_choice":"success","floor":11,"damage_taken":7},{"event_name":"Back to Basics","player_choice":"Elegance","floor":19,"damage_taken":0},{"event_name":"The Mausoleum","player_choice":"Yes","floor":27,"damage_taken":0},{"event_name":"Beggar","player_choice":"Gave Gold","floor":29,"damage_taken":0}],"boss_relics":[{"not_picked":["Mark of Pain","White Beast Statue"],"picked":"Runic Dome"}],"potions_floor_spawned":[4,6,12,13,14,16,18,23,25],"seed_played":"7220790036136314667","killed_by":"Champ","ascension_level":2,"is_trial":false}