{"gold_per_floor":[366,376,8,27,27,27,40,40,63,338,338,351,368,380,380,380],"floor_reached":16,"playtime":838,"items_purged":[],"score":108,"play_id":"26bbedd1-ca55-4493-bd4f-65c47a6d4c02","local_time":"20181201150134","is_ascension_mode":true,"campfire_choices":[{"data":"Zap","floor":6,"key":"SMITH"},{"data":"Dualcast","floor":8,"key":"SMITH"},{"data":"Cold Snap","floor":11,"key":"SMITH"},{"data":"Redo","floor":15,"key":"SMITH"}],"neow_cost":"CURSE","seed_source_timestamp":244439562715394,"circlet_count":0,"master_deck":["Strike_B","Strike_B","Strike_B","Strike_B","Defend_B","Defend_B","Defend_B","Defend_B","Zap+1","Dualcast+1","Pain","Auto Shields","Ball Lightning","Loop","Cold Snap+1","Regret","BootSequence","Redo+1","Conserve Battery"],"relics":["Cracked Core","StoneCalendar","Ancient Tea Set"],"potions_floor_usage":[14,14,16],"damage_taken":[{"damage":4,"enemies":"Cultist","floor":1,"turns":4},{"damage":3,"enemies":"2 Louse","floor":2,"turns":2},{"damage":4,"enemies":"Small Slimes","floor":4,"turns":3},{"damage":11,"enemies":"Red Slaver","floor":7,"turns":3},{"damage":12,"enemies":"Large Slime","floor":12,"turns":4},{"damage":0,"enemies":"3 Louse","floor":13,"turns":3},{"damage":7,"enemies":"Exordium Thugs","floor":14,"turns":5},{"damage":35,"enemies":"The Guardian","floor":16,"turns":9}],"seed_played":"-6585602578000350798","potions_obtained":[{"floor":1,"key":"Block Potion"},{"floor":7,"key":"SkillPotion"},{"floor":12,"key":"AttackPotion"}],"is_trial":false,"path_per_floor":["M","M","$","M","?","R","M","R","T","?","R","M","M","M","R","B"],"character_chosen":"DEFECT","items_purchased":["StoneCalendar","Loop"],"campfire_rested":0,"item_purchase_floors":[3,3],"current_hp_per_floor":[71,68,68,64,64,64,53,53,53,53,53,41,41,34,34,0],"gold":380,"neow_bonus":"TWO_FIFTY_GOLD","is_prod":false,"is_daily":false,"chose_seed":false,"campfire_upgraded":4,"win_rate":0,"timestamp":1543644094,"path_taken":["M","M","$","M","?","R","M","R","T","?","R","?","M","M","R","BOSS"],"build_version":"2018-11-15","purchased_purges":0,"victory":false,"max_hp_per_floor":[75,75,75,75,75,75,75,75,75,75,75,75,75,75,75,75],"card_choices":[{"not_picked":["Redo","Consume"],"picked":"Auto Shields","floor":1},{"not_picked":["Sweeping Beam","Recycle"],"picked":"Ball Lightning","floor":2},{"not_picked":["Tempest","Barrage","Compile Driver"],"picked":"SKIP","floor":4},{"not_picked":["FTL","Machine Learning"],"picked":"Cold Snap","floor":7},{"not_picked":["Barrage","Beam Cell"],"picked":"BootSequence","floor":12},{"not_picked":["Streamline","Consume"],"picked":"Redo","floor":13},{"not_picked":["Beam Cell","Ball Lightning"],"picked":"Conserve Battery","floor":14}],"player_experience":135657,"relics_obtained":[{"floor":9,"key":"Ancient Tea Set"}],"event_choices":[{"damage_healed":0,"gold_gain":0,"player_choice":"Ignored","damage_taken":0,"max_hp_gain":0,"max_hp_loss":0,"event_name":"Shining Light","floor":5,"gold_loss":0},{"damage_healed":0,"gold_gain":275,"player_choice":"Desecrate","damage_taken":0,"max_hp_gain":0,"max_hp_loss":0,"event_name":"Golden Shrine","floor":10,"gold_loss":0,"cards_obtained":["Regret"]}],"is_beta":false,"boss_relics":[],"items_purged_floors":[],"is_endless":false,"potions_floor_spawned":[1,7,12],"killed_by":"The Guardian","ascension_level":3}