{"gold_per_floor":[113,131,142,162,178,211,211,225,225,225,45,45,78,90,90,191,191,207,207,207,225,225,225,158,158,213,213,228,228,228,244,244,345,345,362,0,82,82,182,182,213,223,250,250,282,282,294,312,312,312],"floor_reached":50,"playtime":3338,"items_purged":[],"score":510,"play_id":"70d7e106-1100-4714-a00c-c364bbbeb397","local_time":"20190125112032","is_ascension_mode":false,"campfire_choices":[{"floor":7.0,"key":"REST"},{"floor":12.0,"key":"REST"},{"floor":15.0,"key":"REST"},{"floor":23.0,"key":"REST"},{"floor":25.0,"key":"RECALL"},{"data":"Apotheosis","floor":27.0,"key":"SMITH"},{"floor":32.0,"key":"REST"},{"floor":40,"key":"REST"},{"floor":44,"key":"REST"},{"floor":49,"key":"REST"}],"neow_cost":"NONE","seed_source_timestamp":0,"circlet_count":0,"master_deck":["Strike_B","Strike_B","Strike_B","Strike_B","Defend_B","Defend_B","Defend_B","Defend_B","Zap","Dualcast","Consume","Genetic Algorithm","Redo","Defragment+1","Conserve Battery","Apotheosis+1","Undo","Storm","Creative AI","Ball Lightning+1","RitualDagger","Leap","Loop","Self Repair+1","Core Surge","Fusion+1","Auto Shields+1","Capacitor"],"special_seed":0,"relics":["Cracked Core","NeowsBlessing","Centennial Puzzle","Mummified Hand","Lizard Tail","Tiny Chest","Potion Belt","Snecko Eye","Red Mask","Cables","Du-Vu Doll","Toxic Egg 2","Regal Pillow","Torii"],"potions_floor_usage":[41,48,50,50,50,50],"damage_taken":[{"damage":0.0,"enemies":"2 Louse","floor":1.0,"turns":1.0},{"damage":0.0,"enemies":"Cultist","floor":2.0,"turns":1.0},{"damage":0.0,"enemies":"Small Slimes","floor":3.0,"turns":2.0},{"damage":36.0,"enemies":"Exordium Wildlife","floor":4.0,"turns":6.0},{"damage":13.0,"enemies":"2 Fungi Beasts","floor":5.0,"turns":4.0},{"damage":24.0,"enemies":"Gremlin Nob","floor":6.0,"turns":4.0},{"damage":0.0,"enemies":"Looter","floor":8.0,"turns":2.0},{"damage":9.0,"enemies":"Lagavulin","floor":13.0,"turns":6.0},{"damage":16.0,"enemies":"Large Slime","floor":14.0,"turns":3.0},{"damage":7.0,"enemies":"Slime Boss","floor":16.0,"turns":8.0},{"damage":18.0,"enemies":"2 Thieves","floor":18.0,"turns":5.0},{"damage":11.0,"enemies":"Chosen","floor":21.0,"turns":5.0},{"damage":28.0,"enemies":"Snake Plant","floor":28.0,"turns":4.0},{"damage":21.0,"enemies":"Chosen and Byrds","floor":31.0,"turns":6.0},{"damage":48.0,"enemies":"Collector","floor":33.0,"turns":8.0},{"damage":42.0,"enemies":"3 Darklings","floor":35.0,"turns":10.0},{"damage":14,"enemies":"Mind Bloom Boss Battle","floor":39,"turns":5},{"damage":64,"enemies":"Nemesis","floor":41,"turns":7},{"damage":5,"enemies":"Orb Walker","floor":42,"turns":3},{"damage":38,"enemies":"Reptomancer","floor":45,"turns":5},{"damage":10,"enemies":"4 Shapes","floor":47,"turns":5},{"damage":29,"enemies":"Writhing Mass","floor":48,"turns":6},{"damage":76,"enemies":"Awakened One","floor":50,"turns":9}],"seed_played":"-2737087452767361286","potions_obtained":[{"floor":2.0,"key":"Fire Potion"},{"floor":4.0,"key":"Swift Potion"},{"floor":6.0,"key":"Fire Potion"},{"floor":13.0,"key":"AttackPotion"},{"floor":16.0,"key":"LiquidBronze"},{"floor":21.0,"key":"LiquidBronze"},{"floor":39,"key":"Swift Potion"},{"floor":41,"key":"Regen Potion"},{"floor":47,"key":"Swift Potion"},{"floor":48,"key":"Dexterity Potion"}],"is_trial":false,"path_per_floor":["M","M","M","M","M","E","R","M","T","?","$","R","E","M","R","B",null,"M","?","?","M","$","R","$","R","T","R","M","?","T","M","R","B",null,"M","?","T","$","?","R","E","M","T","R","E","?","M","M","R","B"],"character_chosen":"DEFECT","items_purchased":["Apotheosis","Loop"],"campfire_rested":8,"item_purchase_floors":[11,24],"current_hp_per_floor":[75,75,75,39,26,2,24,24,24,24,24,46,37,21,43,36,75,57,51,37,26,26,50,50,50,50,50,22,48,48,27,51,3,80,38,38,38,38,24,48,32,27,27,66,28,28,28,18,57,0],"gold":312,"neow_bonus":"THREE_ENEMY_KILL","is_prod":false,"is_daily":false,"chose_seed":false,"campfire_upgraded":1,"win_rate":0,"timestamp":1548411632,"path_taken":["M","M","M","M","M","E","R","M","T","?","?","R","E","M","R","BOSS","M","?","?","M","$","R","$","R","T","R","?","?","?","M","R","BOSS","M","?","?","$","?","R","E","M","T","R","E","?","?","M","R","BOSS"],"build_version":"2019-01-23","purchased_purges":0,"victory":false,"max_hp_per_floor":[75,75,75,75,75,75,75,75,75,75,75,75,75,75,75,75,75,75,75,80,80,80,80,80,80,80,80,80,80,80,80,80,80,80,80,80,80,80,80,80,80,80,80,80,80,80,80,80,80,80],"card_choices":[{"not_picked":["Leap","Steam"],"picked":"Consume","floor":1.0},{"not_picked":["Rebound","Consume"],"picked":"Genetic Algorithm","floor":2.0},{"not_picked":["Heatsinks","Coolheaded","Recycle"],"picked":"SKIP","floor":3.0},{"not_picked":["Gash","Sweeping Beam"],"picked":"Redo","floor":4.0},{"not_picked":["Compile Driver","Redo"],"picked":"Defragment","floor":5.0},{"not_picked":["Hello World","Go for the Eyes"],"picked":"Conserve Battery","floor":6.0},{"not_picked":["Rebound","Turbo","Fusion"],"picked":"SKIP","floor":8.0},{"not_picked":["Meteor Strike","Beam Cell"],"picked":"Undo","floor":13.0},{"not_picked":["Redo","Beam Cell"],"picked":"Storm","floor":14.0},{"not_picked":["Amplify","Core Surge"],"picked":"Creative AI","floor":16.0},{"not_picked":["Barrage","Streamline+1"],"picked":"Ball Lightning+1","floor":18.0},{"not_picked":["Redo","Streamline"],"picked":"Leap","floor":21.0},{"not_picked":["Compile Driver+1","Machine Learning","Blizzard"],"picked":"SKIP","floor":28.0},{"not_picked":["Rebound","Beam Cell","Barrage"],"picked":"SKIP","floor":31.0},{"not_picked":["Hologram","Coolheaded","Melter"],"picked":"SKIP","floor":35.0},{"not_picked":["Cold Snap","Thunder Strike"],"picked":"Self Repair+1","floor":41},{"not_picked":["Turbo+1","Sweeping Beam+1","Hologram+1"],"picked":"SKIP","floor":42},{"not_picked":["BootSequence+1","Stack+1","Steam Power+1"],"picked":"SKIP","floor":45},{"not_picked":["Reinforced Body+1","Chill+1"],"picked":"Auto Shields+1","floor":47},{"not_picked":["Aggregate+1","Ball Lightning+1"],"picked":"Capacitor","floor":48}],"player_experience":152831,"relics_obtained":[{"floor":6.0,"key":"Centennial Puzzle"},{"floor":13.0,"key":"Mummified Hand"},{"floor":26.0,"key":"Tiny Chest"},{"floor":30.0,"key":"Potion Belt"},{"floor":37.0,"key":"Cables"},{"floor":39,"key":"Du-Vu Doll"},{"floor":41,"key":"Toxic Egg 2"},{"floor":43,"key":"Regal Pillow"},{"floor":45,"key":"Torii"}],"event_choices":[{"damage_healed":0.0,"max_hp_gain":0.0,"max_hp_loss":0.0,"gold_gain":0.0,"event_name":"Upgrade Shrine","player_choice":"Upgraded","floor":10.0,"gold_loss":0.0,"damage_taken":0.0,"cards_upgraded":["Defragment"]},{"damage_healed":0.0,"max_hp_gain":0.0,"max_hp_loss":0.0,"gold_gain":0.0,"event_name":"Nest","player_choice":"Joined the Cult","floor":19.0,"gold_loss":0.0,"damage_taken":6.0,"cards_obtained":["RitualDagger"]},{"damage_healed":0.0,"max_hp_gain":5.0,"max_hp_loss":0.0,"gold_gain":0.0,"event_name":"Forgotten Altar","player_choice":"Shed Blood","floor":20.0,"gold_loss":0.0,"damage_taken":19.0},{"damage_healed":26.0,"max_hp_gain":0.0,"max_hp_loss":0.0,"gold_gain":0.0,"event_name":"The Library","player_choice":"Heal","floor":29.0,"gold_loss":0.0,"damage_taken":0.0},{"damage_healed":0.0,"max_hp_gain":0.0,"max_hp_loss":0.0,"gold_gain":0.0,"event_name":"Tomb of Lord Red Mask","player_choice":"Paid","floor":36.0,"gold_loss":362.0,"damage_taken":0.0,"relics_obtained":["Red Mask"]},{"damage_healed":0,"gold_gain":0,"player_choice":"Fight","damage_taken":0,"max_hp_gain":0,"max_hp_loss":0,"event_name":"MindBloom","floor":39,"gold_loss":0},{"damage_healed":0,"gold_gain":0,"player_choice":"2 cards matched","damage_taken":0,"max_hp_gain":0,"max_hp_loss":0,"event_name":"Match and Keep!","floor":46,"gold_loss":0,"cards_obtained":["Core Surge","Fusion"]}],"is_beta":true,"boss_relics":[{"not_picked":["Astrolabe","Calling Bell"],"picked":"Lizard Tail"},{"not_picked":["Empty Cage","Orrery"],"picked":"Snecko Eye"}],"items_purged_floors":[],"is_endless":false,"potions_floor_spawned":[2,4,6,13,16,21,39,41,47,48],"killed_by":"Awakened One","ascension_level":0}