{"gold_per_floor":[113,113,143,143,143,143,177,201,227,227,245,261,261],"floor_reached":13,"playtime":798,"items_purged":[],"score":116,"play_id":"a1cf64c1-2eb3-40da-9737-552fe67a7fab","local_time":"20180623163628","is_ascension_mode":true,"campfire_choices":[{"floor":6,"key":"REST"}],"neow_cost":"NONE","seed_source_timestamp":3244075440627297,"circlet_count":0,"master_deck":["Strike_B","Strike_B","Strike_B+1","Strike_B+1","Defend_B","Defend_B","Defend_B","Zap","Dualcast","Conserve Battery","Fusion","Injury","Loop","Conserve Battery","Conserve Battery","Streamline"],"relics":["Cracked Core","Tiny Chest","Golden Idol","Potion Belt","Boot","Orichalcum"],"potions_floor_usage":[1,7,11],"damage_taken":[{"damage":13,"enemies":"2 Louse","floor":1,"turns":3},{"damage":19,"enemies":"3 Sentries","floor":7,"turns":7},{"damage":3,"enemies":"Small Slimes","floor":8,"turns":4},{"damage":7,"enemies":"Jaw Worm","floor":11,"turns":3},{"damage":2,"enemies":"3 Louse","floor":12,"turns":3},{"damage":7,"enemies":"Blue Slaver","floor":13,"turns":3}],"seed_played":"-1736091651310163330","potions_obtained":[{"floor":1,"key":"PowerPotion"},{"floor":7,"key":"Energy Potion"},{"floor":12,"key":"PowerPotion"}],"is_trial":false,"path_per_floor":["M","?","?","?","T","R","E","M","T","?","M","M"],"character_chosen":"DEFECT","items_purchased":[],"campfire_rested":1,"item_purchase_floors":[],"current_hp_per_floor":[55,55,30,30,30,52,33,30,30,15,8,6,0],"gold":261,"neow_bonus":"THREE_SMALL_POTIONS","is_prod":false,"is_daily":false,"chose_seed":false,"campfire_upgraded":0,"win_rate":0,"timestamp":1529789788,"path_taken":["M","?","?","?","?","R","E","?","T","?","?","?","M"],"build_version":"2018-06-21v2","purchased_purges":0,"victory":false,"max_hp_per_floor":[75,75,75,75,75,75,75,75,75,75,75,75,75],"card_choices":[{"not_picked":["Reprogram","Stack"],"picked":"Conserve Battery","floor":1},{"not_picked":["Steam","Sweeping Beam"],"picked":"Loop","floor":7},{"not_picked":["Gash","Cold Snap"],"picked":"Conserve Battery","floor":8},{"not_picked":["Redo","Rebound"],"picked":"Conserve Battery","floor":11},{"not_picked":["Beam Cell","Skim"],"picked":"Streamline","floor":12}],"player_experience":404201,"relics_obtained":[{"floor":5,"key":"Potion Belt"},{"floor":7,"key":"Boot"},{"floor":9,"key":"Orichalcum"}],"event_choices":[{"event_name":"Living Wall","player_choice":"Change","floor":2,"damage_taken":0},{"event_name":"Scrap Ooze","player_choice":"success","floor":3,"damage_taken":25},{"event_name":"Golden Idol","player_choice":"Take Wound","floor":4,"damage_taken":0},{"event_name":"Shining Light","player_choice":"Entered Light","floor":10,"damage_taken":0}],"boss_relics":[],"items_purged_floors":[],"is_endless":false,"potions_floor_spawned":[1,7,12],"killed_by":"Blue Slaver","ascension_level":8}