{"gold_per_floor":[110,125,125,105,123,123,149,167,167,167,92,119,119,146,146,247,247,266,266,278,290,22,22,52,52,106,106,106,9,19,44,44,144,144,163,163,178,192,205,205,237,237,237,270,29,0,0,31,31,31,31,31,31,57,57],"floor_reached":55,"playtime":4134,"items_purged":["Strike_G","Strike_G","Normality"],"score":1272,"play_id":"2a2f4c26-d8fa-4aaa-b469-a0db00da1dde","local_time":"20190224001932","is_ascension_mode":true,"campfire_choices":[{"data":"Envenom","floor":6.0,"key":"SMITH"},{"data":"Glass Knife","floor":10.0,"key":"SMITH"},{"data":"Neutralize","floor":13.0,"key":"SMITH"},{"data":"Cloak And Dagger","floor":15.0,"key":"SMITH"},{"data":"Flying Knee","floor":23.0,"key":"SMITH"},{"data":"Bane","floor":25.0,"key":"SMITH"},{"data":"Slice","floor":27.0,"key":"SMITH"},{"data":"A Thousand Cuts","floor":32.0,"key":"SMITH"},{"data":"After Image","floor":40,"key":"SMITH"},{"data":"Survivor","floor":42,"key":"SMITH"},{"floor":47,"key":"RECALL"},{"data":"Strike_G","floor":49,"key":"SMITH"},{"data":"Defend_G","floor":52,"key":"SMITH"}],"neow_cost":"NONE","seed_source_timestamp":5380909924988,"circlet_count":0,"master_deck":["Defend_G+1","Defend_G","Defend_G","Defend_G","Defend_G","Strike_G+1","Strike_G+1","Strike_G+1","Survivor+1","Neutralize+1","Cloak And Dagger+1","Slice+1","Envenom+1","Glass Knife+1","Flying Knee+1","Burst+1","Backflip+1","Riddle With Holes+1","Blade Dance+1","Bane+1","Ghostly+1","Ghostly+1","Ghostly+1","Ghostly+1","Ghostly+1","Backflip+1","Night Terror+1","A Thousand Cuts+1","After Image+1","Trip+1","Calculated Gamble+1","Adrenaline+1"],"special_seed":0,"relics":["Ring of the Snake","PreservedInsect","Shuriken","Meat on the Bone","Toxic Egg 2","Odd Mushroom","Coffee Dripper","Nilry\u0027s Codex","Kunai","Whetstone","Smiling Mask","StoneCalendar","Cursed Key","Ancient Tea Set","Snake Skull","TwistedFunnel","Red Mask","Dead Branch","Pear"],"potions_floor_usage":[55,55,55],"damage_taken":[{"damage":5.0,"enemies":"Small Slimes","floor":1.0,"turns":5.0},{"damage":0.0,"enemies":"Cultist","floor":2.0,"turns":4.0},{"damage":1.0,"enemies":"2 Louse","floor":5.0,"turns":3.0},{"damage":28.0,"enemies":"Lagavulin","floor":7.0,"turns":5.0},{"damage":2.0,"enemies":"Blue Slaver","floor":8.0,"turns":3.0},{"damage":0.0,"enemies":"Gremlin Nob","floor":12.0,"turns":2.0},{"damage":6.0,"enemies":"The Mushroom Lair","floor":14.0,"turns":4.0},{"damage":29.0,"enemies":"The Guardian","floor":16.0,"turns":11.0},{"damage":8.0,"enemies":"Chosen","floor":18.0,"turns":5.0},{"damage":9.0,"enemies":"2 Thieves","floor":20.0,"turns":4.0},{"damage":1.0,"enemies":"Shelled Parasite and Fungi","floor":21.0,"turns":4.0},{"damage":8.0,"enemies":"Book of Stabbing","floor":24.0,"turns":4.0},{"damage":0.0,"enemies":"Centurion and Healer","floor":30.0,"turns":6.0},{"damage":11.0,"enemies":"Gremlin Leader","floor":31.0,"turns":7.0},{"damage":2.0,"enemies":"Automaton","floor":33.0,"turns":8.0},{"damage":1.0,"enemies":"3 Shapes","floor":35.0,"turns":5.0},{"damage":3.0,"enemies":"3 Darklings","floor":37.0,"turns":4.0},{"damage":14,"enemies":"Maw","floor":38,"turns":8},{"damage":0,"enemies":"Transient","floor":39,"turns":5},{"damage":0,"enemies":"Nemesis","floor":41,"turns":7},{"damage":0,"enemies":"Reptomancer","floor":44,"turns":5},{"damage":0,"enemies":"Nemesis","floor":48,"turns":5},{"damage":0,"enemies":"Time Eater","floor":50,"turns":11},{"damage":0,"enemies":"Shield and Spear","floor":54,"turns":6},{"damage":43,"enemies":"The Heart","floor":55,"turns":6}],"seed_played":"7478765248988058610","potions_obtained":[{"floor":2.0,"key":"PowerPotion"},{"floor":4.0,"key":"AttackPotion"},{"floor":7.0,"key":"AttackPotion"},{"floor":14.0,"key":"Regen Potion"},{"floor":20.0,"key":"Dexterity Potion"},{"floor":21.0,"key":"Energy Potion"},{"floor":30.0,"key":"Strength Potion"},{"floor":39,"key":"GamblersBrew"},{"floor":41,"key":"SpeedPotion"}],"is_trial":false,"path_per_floor":["M","M","$","?","M","R","E","M","T","R","$","E","R","?","R","B",null,"M","?","M","M","$","R","E","R","T","R","?","$","M","E","R","B",null,"M","?","M","M","M","R","E","R","T","E","$","?","R","E","R","B",null,"R","$","E","B"],"character_chosen":"THE_SILENT","items_purchased":["Kunai","Blade Dance+1","Backflip+1","TwistedFunnel"],"campfire_rested":0,"item_purchase_floors":[22,22,29,45],"current_hp_per_floor":[58,58,58,58,57,57,29,27,27,27,27,39,39,45,45,28,60,52,36,39,38,38,38,42,42,42,42,35,35,35,24,24,22,32,31,31,28,26,26,26,26,26,26,26,26,26,26,26,26,26,33,33,33,43,0],"gold":57,"neow_bonus":"RANDOM_COMMON_RELIC","is_prod":false,"is_daily":false,"chose_seed":false,"campfire_upgraded":12,"win_rate":0,"timestamp":1550942372,"path_taken":["M","M","$","?","?","R","E","M","T","R","$","E","R","?","R","BOSS","M","?","M","M","$","R","E","R","T","R","?","?","M","E","R","BOSS","M","?","M","M","M","R","E","R","T","E","$","?","R","E","R","BOSS","R","$","E","BOSS"],"build_version":"2019-01-23","purchased_purges":3,"victory":false,"max_hp_per_floor":[70,70,70,70,70,70,70,70,70,70,70,70,70,70,70,70,70,70,70,70,70,70,70,70,70,70,70,35,35,35,35,35,35,35,35,35,35,35,35,35,35,35,35,35,35,35,35,35,35,35,35,35,35,45,45],"card_choices":[{"not_picked":["Deflect","Flying Knee"],"picked":"Cloak And Dagger","floor":1.0},{"not_picked":["Dodge and Roll","Catalyst"],"picked":"Slice","floor":2.0},{"not_picked":["Bane","Outmaneuver"],"picked":"Envenom","floor":5.0},{"not_picked":["Deadly Poison","Crippling Poison"],"picked":"Glass Knife","floor":7.0},{"not_picked":["Eviscerate","Slice","Skewer"],"picked":"SKIP","floor":8.0},{"not_picked":["Tactician","Masterful Stab","Choke"],"picked":"SKIP","floor":12.0},{"not_picked":["Poisoned Stab","Sucker Punch"],"picked":"Flying Knee","floor":14.0},{"not_picked":["Glass Knife","Wraith Form v2"],"picked":"Burst+1","floor":16.0},{"not_picked":["Expertise+1","Dagger Spray"],"picked":"Backflip+1","floor":18.0},{"not_picked":["Dagger Throw","Masterful Stab+1","Underhanded Strike"],"picked":"SKIP","floor":20.0},{"not_picked":["Backflip+1","Predator"],"picked":"Riddle With Holes+1","floor":21.0},{"not_picked":["Deadly Poison+1","Acrobatics+1"],"picked":"Bane","floor":24.0},{"not_picked":["Prepared+1","Bane"],"picked":"Night Terror+1","floor":30.0},{"not_picked":["Accuracy+1","Footwork"],"picked":"A Thousand Cuts","floor":31.0},{"not_picked":["Storm of Steel+1","Grand Finale"],"picked":"After Image","floor":33.0},{"not_picked":["Quick Slash+1","Distraction+1","Reflex+1"],"picked":"SKIP","floor":35.0},{"not_picked":["Dark Shackles+1","Jack Of All Trades+1"],"picked":"Trip+1","floor":36.0},{"not_picked":["Flying Knee","Backstab"],"picked":"Calculated Gamble+1","floor":37.0},{"not_picked":["Dagger Throw","Poisoned Stab+1","Heel Hook"],"picked":"SKIP","floor":38},{"not_picked":["Prepared+1","Slice","Well Laid Plans"],"picked":"SKIP","floor":39},{"not_picked":["All Out Attack+1","Deadly Poison+1"],"picked":"Adrenaline+1","floor":41},{"not_picked":["Well Laid Plans","Prepared+1","Bane+1"],"picked":"SKIP","floor":44},{"not_picked":["Grand Finale","Backflip+1","Prepared+1"],"picked":"SKIP","floor":48},{"not_picked":["Endless Agony+1","Backstab","Quick Slash"],"picked":"SKIP","floor":54}],"player_experience":376208,"relics_obtained":[{"floor":7.0,"key":"Shuriken"},{"floor":9.0,"key":"Meat on the Bone"},{"floor":12.0,"key":"Toxic Egg 2"},{"floor":14.0,"key":"Odd Mushroom"},{"floor":19.0,"key":"Nilry\u0027s Codex"},{"floor":24.0,"key":"Whetstone"},{"floor":26.0,"key":"Smiling Mask"},{"floor":31.0,"key":"StoneCalendar"},{"floor":41,"key":"Ancient Tea Set"},{"floor":44,"key":"Snake Skull"},{"floor":48,"key":"Dead Branch"},{"floor":54,"key":"Pear"}],"event_choices":[{"damage_healed":0.0,"max_hp_gain":0.0,"max_hp_loss":0.0,"gold_gain":0.0,"event_name":"The Woman in Blue","player_choice":"Bought 1 Potion","floor":4.0,"gold_loss":0.0,"damage_taken":0.0},{"damage_healed":0.0,"max_hp_gain":0.0,"max_hp_loss":0.0,"gold_gain":0.0,"event_name":"Mushrooms","player_choice":"Fought Mushrooms","floor":14.0,"gold_loss":0.0,"damage_taken":0.0},{"damage_healed":0.0,"max_hp_gain":0.0,"max_hp_loss":0.0,"gold_gain":0.0,"event_name":"Cursed Tome","player_choice":"Obtained Book","floor":19.0,"gold_loss":0.0,"damage_taken":16.0},{"damage_healed":0.0,"max_hp_gain":0.0,"max_hp_loss":35.0,"gold_gain":0.0,"event_name":"Ghosts","player_choice":"Became a Ghost","floor":28.0,"gold_loss":0.0,"damage_taken":0.0,"cards_obtained":["Ghostly","Ghostly","Ghostly","Ghostly","Ghostly"]},{"damage_healed":0.0,"max_hp_gain":0.0,"max_hp_loss":0.0,"gold_gain":0.0,"event_name":"SensoryStone","player_choice":"Memory 1","floor":36.0,"gold_loss":0.0,"damage_taken":0.0},{"damage_healed":0,"gold_gain":0,"player_choice":"Paid","damage_taken":0,"relics_obtained":["Red Mask"],"max_hp_gain":0,"max_hp_loss":0,"event_name":"Tomb of Lord Red Mask","floor":46,"gold_loss":29}],"is_beta":false,"boss_relics":[{"not_picked":["Empty Cage","White Beast Statue"],"picked":"Coffee Dripper"},{"not_picked":["Fusion Hammer","Orrery"],"picked":"Cursed Key"}],"items_purged_floors":[11,29,45],"is_endless":false,"potions_floor_spawned":[2,7,14,20,21,30,39,41],"killed_by":"The Heart","ascension_level":7}