{"path_per_floor":["M","M","M","M","M","R","M","E","T","M","?","M","M","M","R"],"character_chosen":"DEFECT","items_purchased":[],"gold_per_floor":[115,128,147,159,179,179,199,224,249,267,267,285,299,316,316,316],"floor_reached":16,"campfire_rested":1,"playtime":1132,"current_hp_per_floor":[67,67,65,63,53,53,50,44,44,44,41,26,24,13,35,0],"items_purged":[],"gold":316,"score":110,"play_id":"98a03ed5-58de-4560-a62a-89b85d398897","local_time":"20180508174726","is_prod":false,"is_daily":false,"chose_seed":false,"is_ascension_mode":false,"campfire_upgraded":1,"timestamp":1525794446,"path_taken":["M","M","M","M","M","R","M","E","T","M","?","M","M","M","R","BOSS"],"build_version":"2018-05-07","seed_source_timestamp":1183706517811253,"purchased_purges":0,"victory":false,"master_deck":["Strike_B","Strike_B","Strike_B","Strike_B","Defend_B","Defend_B","Defend_B","Defend_B","Zap","Dualcast","Streamline","Leap","Auto Shields","Capacitor","Double Energy+1","Ball Lightning","Creative AI","Impulse","Storm","Sweeping Beam","Impulse"],"max_hp_per_floor":[75,75,75,75,75,75,75,75,75,75,75,75,75,75,75,75],"relics":["Cracked Core","Pantograph","Lantern","Omamori"],"card_choices":[{"not_picked":["Skim","Barrage"],"picked":"Streamline","floor":0},{"not_picked":["BootSequence","Reprogram"],"picked":"Leap","floor":1},{"not_picked":["Scrape","Beam Cell"],"picked":"Auto Shields","floor":2},{"not_picked":["FTL","Hologram"],"picked":"Capacitor","floor":3},{"not_picked":["Streamline","Steam Power"],"picked":"Double Energy","floor":4},{"not_picked":["Leap","Storm"],"picked":"Ball Lightning","floor":5},{"not_picked":["Beam Cell","Axe Kick"],"picked":"Creative AI","floor":7},{"not_picked":["Beam Cell","Sweeping Beam"],"picked":"Impulse","floor":8},{"not_picked":["Loop","BootSequence"],"picked":"Storm","floor":10},{"not_picked":["Blizzard","Reprogram"],"picked":"Sweeping Beam","floor":13},{"not_picked":["Skim","Coolheaded"],"picked":"Impulse","floor":14}],"player_experience":92109,"potions_floor_usage":[],"damage_taken":[{"damage":8,"enemies":"Jaw Worm","floor":1,"turns":3},{"damage":0,"enemies":"Cultist","floor":2,"turns":3},{"damage":2,"enemies":"2 Louse","floor":3,"turns":3},{"damage":2,"enemies":"Large Slime","floor":4,"turns":5},{"damage":10,"enemies":"Looter","floor":5,"turns":4},{"damage":3,"enemies":"Blue Slaver","floor":7,"turns":3},{"damage":6,"enemies":"3 Sentries","floor":8,"turns":5},{"damage":0,"enemies":"Large Slime","floor":10,"turns":4},{"damage":15,"enemies":"3 Louse","floor":12,"turns":4},{"damage":2,"enemies":"Blue Slaver","floor":13,"turns":2},{"damage":11,"enemies":"Lots of Slimes","floor":14,"turns":4},{"damage":63,"enemies":"Hexaghost","floor":16,"turns":9}],"event_choices":[{"event_name":"Scrap Ooze","player_choice":"success","floor":11,"damage_taken":3}],"boss_relics":[],"potions_floor_spawned":[1,2,3,5,10,13],"seed_played":"4192335931489327468","killed_by":"Hexaghost","ascension_level":0,"is_trial":false}