{"gold_per_floor":[112,287,298,21,36,36,71,71,95,95,111,122,122,133,133,237,237,256,256,256,256,272,272,306,306,329,349,364,0,0,17,17,117,117,130,130,143,0,19,49,49,60,60,36,36,1,101,117,117,117],"floor_reached":51,"playtime":5688,"items_purged":["Doubt"],"score":996,"play_id":"42901f1f-0655-4656-8901-f529d7cc42dd","local_time":"20181213115238","is_ascension_mode":true,"campfire_choices":[{"data":"Zap","floor":6.0,"key":"SMITH"},{"data":"Dualcast","floor":8.0,"key":"SMITH"},{"data":"Hologram","floor":15.0,"key":"SMITH"},{"floor":23,"key":"REST"},{"floor":32,"key":"REST"},{"data":"Chaos","floor":41,"key":"SMITH"},{"data":"Magnetism","floor":45,"key":"SMITH"},{"floor":49,"key":"REST"}],"neow_cost":"NONE","seed_source_timestamp":43467879871128,"circlet_count":0,"master_deck":["AscendersBane","Strike_B","Strike_B","Defend_B","Defend_B","Defend_B","Defend_B","Zap+1","Dualcast+1","Ball Lightning","Compile Driver","Leap","Hologram+1","Machine Learning","FTL","Reboot","Redo","Chaos+1","BootSequence+1","Hologram","Hologram","BootSequence","Cold Snap","Capacitor","Ball Lightning+1","Compile Driver+1","Multi-Cast","Cold Snap+1","Magnetism+1","Coolheaded+1","Conserve Battery","Chill+1","Melter+1","Injury","Redo","Doom and Gloom+1","Stack+1","Parasite","Defragment","Consume"],"special_seed":0,"relics":["Cracked Core","Ancient Tea Set","TheAbacus","Regal Pillow","DataDisk","Emotion Chip","Nuclear Battery","Centennial Puzzle","Dream Catcher","Molten Egg 2","Cursed Key","Red Mask","PreservedInsect","Potion Belt","Calipers"],"potions_floor_usage":[24,24,24,27,33,33,39,48,50],"damage_taken":[{"damage":4.0,"enemies":"2 Louse","floor":1.0,"turns":3.0},{"damage":1.0,"enemies":"Small Slimes","floor":3.0,"turns":3.0},{"damage":9.0,"enemies":"Jaw Worm","floor":5.0,"turns":3.0},{"damage":10.0,"enemies":"Lagavulin","floor":7.0,"turns":5.0},{"damage":12.0,"enemies":"Exordium Thugs","floor":11.0,"turns":3.0},{"damage":0.0,"enemies":"Large Slime","floor":12.0,"turns":3.0},{"damage":6.0,"enemies":"Looter","floor":14.0,"turns":2.0},{"damage":36,"enemies":"Hexaghost","floor":16,"turns":11},{"damage":6,"enemies":"Spheric Guardian","floor":18,"turns":3},{"damage":15,"enemies":"3 Byrds","floor":22,"turns":3},{"damage":9,"enemies":"Gremlin Leader","floor":24,"turns":10},{"damage":9,"enemies":"Centurion and Healer","floor":27,"turns":6},{"damage":5,"enemies":"Sentry and Sphere","floor":28,"turns":3},{"damage":23,"enemies":"Shelled Parasite and Fungi","floor":31,"turns":7},{"damage":1,"enemies":"Champ","floor":33,"turns":8},{"damage":3,"enemies":"3 Darklings","floor":35,"turns":6},{"damage":0,"enemies":"3 Shapes","floor":37,"turns":4},{"damage":4,"enemies":"Sphere and 2 Shapes","floor":39,"turns":6},{"damage":1,"enemies":"Nemesis","floor":40,"turns":5},{"damage":14,"enemies":"Spire Growth","floor":42,"turns":7},{"damage":0,"enemies":"Mind Bloom Boss Battle","floor":47,"turns":8},{"damage":5,"enemies":"Writhing Mass","floor":48,"turns":7},{"damage":18,"enemies":"Donu and Deca","floor":50,"turns":8}],"seed_played":"4477401513377145731","potions_obtained":[{"floor":3.0,"key":"PowerPotion"},{"floor":7.0,"key":"Explosive Potion"},{"floor":12.0,"key":"Dexterity Potion"},{"floor":16,"key":"Swift Potion"},{"floor":18,"key":"LiquidBronze"},{"floor":24,"key":"Explosive Potion"},{"floor":28,"key":"Dexterity Potion"},{"floor":37,"key":"EssenceOfSteel"},{"floor":40,"key":"FearPotion"},{"floor":42,"key":"SpeedPotion"},{"floor":47,"key":"Fire Potion"}],"is_trial":false,"path_per_floor":["M","?","M","$","M","R","E","R","T","?","M","M","T","M","R","B",null,"M","?","?","?","M","R","E","?","T","M","M","$","?","M","R","B",null,"M","?","M","?","M","E","R","M","T","$","R","$","?","M","R","B",null],"character_chosen":"DEFECT","items_purchased":["TheAbacus","Dexterity Potion","Capacitor","Molten Egg 2","Redo","Doom and Gloom+1"],"campfire_rested":3,"item_purchase_floors":[4,29,29,29,44,46],"current_hp_per_floor":[64,64,63,63,54,54,44,44,44,62,50,50,50,44,44,8,58,52,52,52,52,37,72,63,63,63,54,49,49,36,13,51,50,70,67,67,67,67,63,62,62,48,48,48,48,48,48,43,77,59],"gold":117,"neow_bonus":"RANDOM_COMMON_RELIC","is_prod":false,"is_daily":false,"chose_seed":false,"campfire_upgraded":5,"win_rate":0,"timestamp":1544676758,"path_taken":["M","?","M","$","M","R","E","R","T","?","M","M","?","M","R","BOSS","M","?","?","?","?","R","E","?","T","M","M","$","?","M","R","BOSS","M","?","M","?","M","E","R","M","T","$","R","?","?","M","R","BOSS"],"build_version":"2018-12-06","purchased_purges":1,"victory":true,"max_hp_per_floor":[75,75,75,75,75,75,75,75,75,75,75,75,75,75,75,75,75,75,72,72,72,72,72,72,72,72,72,72,72,77,77,77,77,77,77,77,77,77,77,77,77,77,77,77,77,77,77,77,77,77],"card_choices":[{"not_picked":["Streamline","Hello World"],"picked":"Ball Lightning","floor":1.0},{"not_picked":["Redo","Heatsinks"],"picked":"Compile Driver","floor":3.0},{"not_picked":["Scrape","Gash"],"picked":"Leap","floor":5.0},{"not_picked":["Static Discharge","Gash","Streamline"],"picked":"SKIP","floor":7.0},{"not_picked":["Coolheaded","Aggregate"],"picked":"Hologram","floor":11.0},{"not_picked":["Leap","Beam Cell"],"picked":"Machine Learning","floor":12.0},{"not_picked":["Streamline","Turbo"],"picked":"FTL","floor":14.0},{"not_picked":["Creative AI","Meteor Strike"],"picked":"Reboot","floor":16},{"not_picked":["Rebound+1","Gash"],"picked":"Redo","floor":18},{"not_picked":["Lockon","Static Discharge+1"],"picked":"BootSequence+1","floor":22},{"not_picked":["Heatsinks","Streamline"],"picked":"Hologram","floor":24},{"not_picked":["Redo","Rainbow","Streamline+1"],"picked":"SKIP","floor":27},{"not_picked":["Turbo+1","Hello World"],"picked":"Cold Snap","floor":28},{"not_picked":["Leap","BootSequence+1"],"picked":"Ball Lightning+1","floor":31},{"not_picked":["Skim","Chill"],"picked":"Compile Driver+1","floor":32},{"not_picked":["Hyperbeam+1","Meteor Strike+1"],"picked":"Multi-Cast","floor":33},{"not_picked":["Hello World+1","Rebound+1"],"picked":"Cold Snap+1","floor":35},{"not_picked":["Madness","Jack Of All Trades"],"picked":"Magnetism","floor":36},{"not_picked":["Cold Snap+1","Hologram+1"],"picked":"Coolheaded+1","floor":37},{"not_picked":["Genetic Algorithm+1","Sweeping Beam+1"],"picked":"Conserve Battery","floor":39},{"not_picked":["Reboot","Beam Cell+1"],"picked":"Chill+1","floor":40},{"not_picked":["Reinforced Body+1","Leap"],"picked":"Melter+1","floor":42},{"not_picked":["Turbo","Sweeping Beam+1"],"picked":"Stack+1","floor":47},{"not_picked":["Cold Snap+1","Gash+1"],"picked":"Defragment","floor":48},{"not_picked":["Ball Lightning+1","Turbo"],"picked":"Consume","floor":49}],"player_experience":214319,"relics_obtained":[{"floor":7.0,"key":"Regal Pillow"},{"floor":9.0,"key":"DataDisk"},{"floor":13.0,"key":"Emotion Chip"},{"floor":24,"key":"Centennial Puzzle"},{"floor":26,"key":"Dream Catcher"},{"floor":40,"key":"PreservedInsect"},{"floor":43,"key":"Potion Belt"},{"floor":47,"key":"Calipers"}],"event_choices":[{"damage_healed":0.0,"max_hp_gain":0.0,"max_hp_loss":0.0,"gold_gain":175.0,"event_name":"Liars Game","player_choice":"AGREE","floor":2.0,"gold_loss":0.0,"damage_taken":0.0,"cards_obtained":["Doubt"]},{"damage_healed":18.0,"max_hp_gain":0.0,"max_hp_loss":0.0,"gold_gain":0.0,"event_name":"Mushrooms","player_choice":"Healed and dodged fight","floor":10.0,"gold_loss":0.0,"damage_taken":0.0,"cards_obtained":["Parasite"]},{"cards_removed":["Parasite"],"damage_healed":0,"gold_gain":0,"player_choice":"Elegance","damage_taken":0,"max_hp_gain":0,"max_hp_loss":0,"event_name":"Back to Basics","floor":19,"gold_loss":0},{"damage_healed":0,"gold_gain":0,"player_choice":"Read","damage_taken":0,"max_hp_gain":0,"max_hp_loss":0,"event_name":"The Library","floor":20,"gold_loss":0,"cards_obtained":["Chaos"]},{"damage_healed":0,"gold_gain":0,"player_choice":"Ignored","damage_taken":0,"max_hp_gain":0,"max_hp_loss":0,"event_name":"Ghosts","floor":21,"gold_loss":0},{"damage_healed":0,"gold_gain":0,"cards_transformed":["Strike_B","Strike_B"],"player_choice":"Became Test Subject","damage_taken":0,"max_hp_gain":0,"max_hp_loss":0,"event_name":"Drug Dealer","floor":25,"gold_loss":0,"cards_obtained":["Hologram","BootSequence"]},{"damage_healed":0,"gold_gain":0,"player_choice":"Shed Blood","damage_taken":18,"max_hp_gain":5,"max_hp_loss":0,"event_name":"Forgotten Altar","floor":30,"gold_loss":0},{"damage_healed":0,"gold_gain":0,"player_choice":"Memory 1","damage_taken":0,"max_hp_gain":0,"max_hp_loss":0,"event_name":"SensoryStone","floor":36,"gold_loss":0},{"damage_healed":0,"gold_gain":0,"player_choice":"Paid","damage_taken":0,"relics_obtained":["Red Mask"],"max_hp_gain":0,"max_hp_loss":0,"event_name":"Tomb of Lord Red Mask","floor":38,"gold_loss":143},{"damage_healed":0,"gold_gain":0,"player_choice":"Fight","damage_taken":0,"max_hp_gain":0,"max_hp_loss":0,"event_name":"MindBloom","floor":47,"gold_loss":0}],"is_beta":false,"boss_relics":[{"not_picked":["Philosopher\u0027s Stone","Coffee Dripper"],"picked":"Nuclear Battery"},{"not_picked":["Orrery","Tiny House"],"picked":"Cursed Key"}],"items_purged_floors":[4],"is_endless":false,"potions_floor_spawned":[3,7,12,16,18,24,28,37,40,42,47],"ascension_level":10}