{"gold_per_floor":[114,164,86,106,126,152,152,169,169,169,187,29,29,58,58,134,134,150,161,181,96,21,21],"floor_reached":23,"playtime":896,"items_purged":["Strike_B"],"score":402,"play_id":"27299959-2483-4e97-810e-8c588dae01b5","local_time":"20190218162148","is_ascension_mode":true,"campfire_choices":[{"data":"Rainbow","floor":7,"key":"SMITH"},{"floor":10,"key":"REST"},{"floor":15,"key":"REST"}],"neow_cost":"NONE","seed_source_timestamp":7229834465609,"circlet_count":0,"master_deck":["AscendersBane","Strike_B","Strike_B","Strike_B","Defend_B","Defend_B","Defend_B","Defend_B","Zap","Dualcast","Rainbow+1","White Noise+1","FTL","Reinforced Body","Sweeping Beam","Coolheaded","Creative AI+1"],"relics":["Cracked Core","Boot","Bottled Lightning","PreservedInsect","Frozen Egg 2","Snecko Eye","Dead Branch"],"potions_floor_usage":[6,6,19,20],"damage_taken":[{"damage":9,"enemies":"Jaw Worm","floor":1,"turns":4},{"damage":6,"enemies":"Cultist","floor":4,"turns":3},{"damage":0,"enemies":"2 Louse","floor":5,"turns":3},{"damage":18,"enemies":"Lagavulin","floor":6,"turns":6},{"damage":8,"enemies":"Looter","floor":8,"turns":3},{"damage":4,"enemies":"3 Louse","floor":11,"turns":3},{"damage":11,"enemies":"Gremlin Nob","floor":14,"turns":3},{"damage":48,"enemies":"The Guardian","floor":16,"turns":14},{"damage":25,"enemies":"Shell Parasite","floor":18,"turns":8},{"damage":29,"enemies":"Chosen","floor":19,"turns":6},{"damage":8,"enemies":"Snecko","floor":20,"turns":6},{"damage":3,"enemies":"Slavers","floor":23,"turns":1}],"seed_played":"-4669896432273945692","potions_obtained":[{"floor":5,"key":"AttackPotion"},{"floor":6,"key":"Fruit Juice"},{"floor":8,"key":"Ancient Potion"},{"floor":16,"key":"Energy Potion"},{"floor":19,"key":"Fruit Juice"}],"is_trial":false,"path_per_floor":["M","?","$","M","M","E","R","M","T","R","M","$","?","E","R","B",null,"M","M","M","?","$","E"],"character_chosen":"DEFECT","items_purchased":["FTL","PreservedInsect"],"campfire_rested":2,"item_purchase_floors":[3,12],"current_hp_per_floor":[55,55,55,49,49,36,36,28,28,50,46,46,46,35,57,9,59,34,10,2,2,2,0],"gold":21,"neow_bonus":"ONE_RANDOM_RARE_CARD","is_prod":false,"is_daily":false,"chose_seed":false,"campfire_upgraded":1,"win_rate":0,"timestamp":1550524908,"path_taken":["M","?","?","M","M","E","R","M","T","R","M","$","?","E","R","BOSS","M","M","M","?","$","E"],"build_version":"2019-01-23","purchased_purges":1,"victory":false,"max_hp_per_floor":[71,71,71,71,71,76,76,76,76,76,76,76,76,76,76,76,76,76,81,81,81,81,81],"card_choices":[{"not_picked":["Turbo","Leap"],"picked":"White Noise","floor":1},{"not_picked":["Reprogram","Loop"],"picked":"Reinforced Body","floor":4},{"not_picked":["Steam","Leap","Gash"],"picked":"SKIP","floor":5},{"not_picked":["FTL","Thunder Strike","Recycle"],"picked":"SKIP","floor":6},{"not_picked":["Rebound","Melter"],"picked":"Sweeping Beam","floor":8},{"not_picked":["Redo","Gash","Stack"],"picked":"SKIP","floor":11},{"not_picked":["Beam Cell","Hologram"],"picked":"Coolheaded","floor":14},{"not_picked":["Amplify","Biased Cognition+1"],"picked":"Creative AI+1","floor":16},{"not_picked":["Gash","Steam","Auto Shields+1"],"picked":"SKIP","floor":18},{"not_picked":["Redo","Cold Snap","Gash"],"picked":"SKIP","floor":19},{"not_picked":["Redo","Sweeping Beam","Beam Cell"],"picked":"SKIP","floor":20}],"player_experience":302552,"relics_obtained":[{"floor":6,"key":"Boot"},{"floor":9,"key":"Bottled Lightning"},{"floor":14,"key":"Frozen Egg 2"}],"event_choices":[{"damage_healed":0,"gold_gain":50,"player_choice":"Pray","damage_taken":0,"max_hp_gain":0,"max_hp_loss":0,"event_name":"Golden Shrine","floor":2,"gold_loss":0},{"damage_healed":0,"gold_gain":0,"player_choice":"Grow","damage_taken":0,"max_hp_gain":0,"max_hp_loss":0,"event_name":"Living Wall","floor":13,"gold_loss":0,"cards_upgraded":["White Noise"]},{"damage_healed":0,"gold_gain":0,"player_choice":"Obtained Relic","damage_taken":0,"relics_obtained":["Dead Branch"],"max_hp_gain":0,"max_hp_loss":0,"event_name":"Addict","floor":21,"gold_loss":85}],"is_beta":false,"boss_relics":[{"not_picked":["Coffee Dripper","Orrery"],"picked":"Snecko Eye"}],"items_purged_floors":[22],"is_endless":false,"potions_floor_spawned":[5,6,8,16,19],"killed_by":"Slavers","ascension_level":20}