{"gold_per_floor":[115,131,206,217,217,251,251,280,280,280,308,326,339,339,339,339],"floor_reached":16,"playtime":574,"items_purged":[],"score":290,"play_id":"14aaf842-65ed-47e6-8b5b-4bdf60fed46a","local_time":"20190109230204","is_ascension_mode":true,"campfire_choices":[{"data":"Bash","floor":7,"key":"SMITH"},{"data":"Disarm","floor":15,"key":"SMITH"}],"neow_cost":"NONE","seed_source_timestamp":742720506028765,"circlet_count":0,"master_deck":["AscendersBane","Strike_R","Strike_R","Strike_R","Strike_R","Strike_R","Defend_R+1","Defend_R+1","Defend_R","Defend_R","Bash+1","Disarm+1","Iron Wave","Perfected Strike","Offering","Carnage+1","Disarm","Combust"],"relics":["Burning Blood","War Paint","Paper Frog","Orichalcum","Happy Flower"],"potions_floor_usage":[8,11,11,16],"damage_taken":[{"damage":6,"enemies":"Cultist","floor":1,"turns":3},{"damage":12,"enemies":"Jaw Worm","floor":2,"turns":4},{"damage":10,"enemies":"Small Slimes","floor":4,"turns":5},{"damage":51,"enemies":"Gremlin Nob","floor":6,"turns":5},{"damage":22,"enemies":"3 Sentries","floor":8,"turns":8},{"damage":6,"enemies":"Lagavulin","floor":11,"turns":8},{"damage":6,"enemies":"Gremlin Gang","floor":12,"turns":5},{"damage":8,"enemies":"Blue Slaver","floor":13,"turns":2},{"damage":25,"enemies":"The Guardian","floor":16,"turns":11}],"seed_played":"-2347614312443068696","potions_obtained":[{"floor":0,"key":"SkillPotion"},{"floor":0,"key":"PowerPotion"},{"floor":6,"key":"PowerPotion"},{"floor":8,"key":"PowerPotion"},{"floor":13,"key":"SteroidPotion"}],"is_trial":false,"path_per_floor":["M","M","?","M","?","E","R","E","T","?","E","M","M","?","R","B"],"character_chosen":"IRONCLAD","items_purchased":[],"campfire_rested":0,"item_purchase_floors":[],"current_hp_per_floor":[68,62,51,47,72,27,27,11,11,11,11,11,9,4,4,0],"gold":339,"neow_bonus":"THREE_SMALL_POTIONS","is_prod":false,"is_daily":false,"chose_seed":false,"campfire_upgraded":2,"win_rate":0,"timestamp":1547092924,"path_taken":["M","M","?","M","?","E","R","E","T","?","E","?","M","?","R","BOSS"],"build_version":"2019-01-03v4","purchased_purges":0,"victory":false,"max_hp_per_floor":[75,75,75,75,75,75,75,75,75,75,75,75,75,75,75,75],"card_choices":[{"not_picked":["Shrug It Off","Fire Breathing"],"picked":"Disarm","floor":1},{"not_picked":["Dropkick","Thunderclap"],"picked":"Iron Wave","floor":2},{"not_picked":["Havoc","Intimidate"],"picked":"Perfected Strike","floor":4},{"not_picked":["Bloodletting","Wild Strike"],"picked":"Offering","floor":6},{"not_picked":["Pummel","Pommel Strike"],"picked":"Carnage","floor":8},{"not_picked":["Carnage","Dark Embrace"],"picked":"Disarm","floor":11},{"not_picked":["Clash","Perfected Strike","Anger"],"picked":"SKIP","floor":12},{"not_picked":["Heavy Blade","Second Wind"],"picked":"Combust","floor":13}],"player_experience":723186,"relics_obtained":[{"floor":6,"key":"War Paint"},{"floor":8,"key":"Paper Frog"},{"floor":9,"key":"Orichalcum"},{"floor":11,"key":"Happy Flower"}],"event_choices":[{"damage_healed":0,"gold_gain":75,"player_choice":"Gather Gold","damage_taken":11,"max_hp_gain":0,"max_hp_loss":0,"event_name":"World of Goop","floor":3,"gold_loss":0},{"damage_healed":25,"gold_gain":0,"player_choice":"Banana","damage_taken":0,"max_hp_gain":0,"max_hp_loss":0,"event_name":"Big Fish","floor":5,"gold_loss":0},{"damage_healed":0,"gold_gain":0,"player_choice":"Grow","damage_taken":0,"max_hp_gain":0,"max_hp_loss":0,"event_name":"Living Wall","floor":10,"gold_loss":0,"cards_upgraded":["Carnage"]},{"damage_healed":0,"gold_gain":0,"player_choice":"Fled","damage_taken":5,"max_hp_gain":0,"max_hp_loss":0,"event_name":"Scrap Ooze","floor":14,"gold_loss":0}],"is_beta":false,"boss_relics":[],"items_purged_floors":[],"is_endless":false,"potions_floor_spawned":[4,6,8,13],"killed_by":"The Guardian","ascension_level":20}