{"gold_per_floor":[118,118,138,63,238,238,268,268,321,321,321,339,359,0,0,100,100,120,219,219,231,251,251,276,104,104,34,0,0,16,27,27,27],"floor_reached":33,"playtime":3924,"items_purged":["Doubt","Pain"],"score":446,"play_id":"cc43955b-cfa3-47b0-b14d-98a46547712e","local_time":"20181213130457","is_ascension_mode":true,"campfire_choices":[{"data":"Zap","floor":6,"key":"SMITH"},{"data":"Dualcast","floor":8,"key":"SMITH"},{"data":"Glacier","floor":11,"key":"SMITH"},{"data":"Coolheaded","floor":15,"key":"SMITH"},{"floor":23,"key":"REST"},{"floor":29,"key":"REST"},{"floor":32,"key":"REST"}],"neow_cost":"NONE","seed_source_timestamp":49624063144471,"circlet_count":0,"master_deck":["AscendersBane","Strike_B","Strike_B","Strike_B","Strike_B","Defend_B+1","Defend_B+1","Defend_B","Defend_B+1","Zap+1","Dualcast+1","Sweeping Beam","White Noise+1","Glacier+1","Compile Driver","Redo","Go for the Eyes","Coolheaded+1","Multi-Cast","Consume+1","Ball Lightning+1","Redo+1","Redo","Steam","Conserve Battery","Melter","Hologram"],"relics":["Cracked Core","NeowsBlessing","Ornamental Fan","War Paint","Pantograph","Nuclear Battery","WarpedTongs","Mummified Hand","Gremlin Horn"],"potions_floor_usage":[21,24,33,33],"damage_taken":[{"damage":0,"enemies":"Small Slimes","floor":1,"turns":1},{"damage":0,"enemies":"2 Louse","floor":3,"turns":1},{"damage":0,"enemies":"Gremlin Nob","floor":7,"turns":1},{"damage":4,"enemies":"Jaw Worm","floor":12,"turns":3},{"damage":6,"enemies":"Red Slaver","floor":13,"turns":3},{"damage":40,"enemies":"Slime Boss","floor":16,"turns":16},{"damage":22,"enemies":"2 Thieves","floor":18,"turns":5},{"damage":4,"enemies":"Spheric Guardian","floor":21,"turns":5},{"damage":22,"enemies":"Shelled Parasite and Fungi","floor":22,"turns":7},{"damage":32,"enemies":"Slavers","floor":24,"turns":9},{"damage":18,"enemies":"Cultist and Chosen","floor":30,"turns":7},{"damage":10,"enemies":"Snake Plant","floor":31,"turns":5},{"damage":61,"enemies":"Automaton","floor":33,"turns":12}],"seed_played":"-728081291977486776","potions_obtained":[{"floor":1,"key":"Weak Potion"},{"floor":7,"key":"PowerPotion"},{"floor":30,"key":"EssenceOfSteel"}],"is_trial":false,"path_per_floor":["M","?","M","$","?","R","E","R","T","?","R","M","M","$","R","B",null,"M","?","?","M","M","R","E","$","T","$","?","R","M","M","R","B"],"character_chosen":"DEFECT","items_purchased":["Glacier","Pantograph","Coolheaded","FocusPotion","Steam","Conserve Battery"],"campfire_rested":3,"item_purchase_floors":[4,14,14,25,27,27],"current_hp_per_floor":[68,53,53,53,53,53,53,53,53,58,58,54,48,48,48,33,68,46,46,46,42,20,44,12,12,12,12,12,36,18,8,32,0],"gold":27,"neow_bonus":"THREE_ENEMY_KILL","is_prod":false,"is_daily":false,"chose_seed":false,"campfire_upgraded":4,"win_rate":0,"timestamp":1544681097,"path_taken":["M","?","M","$","?","R","E","R","T","?","R","M","?","$","R","BOSS","M","?","?","M","?","R","E","$","T","?","?","R","?","M","R","BOSS"],"build_version":"2018-12-06","purchased_purges":2,"victory":false,"max_hp_per_floor":[75,75,75,75,75,75,75,75,75,80,80,80,80,80,80,80,80,80,80,80,80,80,80,80,80,80,80,80,80,80,80,80,80],"card_choices":[{"not_picked":["Gash","Scrape"],"picked":"Sweeping Beam","floor":1},{"not_picked":["Consume","Melter"],"picked":"White Noise","floor":3},{"not_picked":["Rip and Tear","Rainbow"],"picked":"Compile Driver","floor":7},{"not_picked":["Tempest","Steam"],"picked":"Redo","floor":12},{"not_picked":["Compile Driver","Stack"],"picked":"Go for the Eyes","floor":13},{"not_picked":["Reboot","Rainbow"],"picked":"Multi-Cast","floor":16},{"not_picked":["Sunder","Turbo+1"],"picked":"Consume+1","floor":18},{"not_picked":["Stack","Fusion"],"picked":"Ball Lightning+1","floor":21},{"not_picked":["Compile Driver","Turbo"],"picked":"Redo+1","floor":22},{"not_picked":["Multi-Cast","Hello World+1"],"picked":"Redo","floor":24},{"not_picked":["Gash","Rip and Tear"],"picked":"Melter","floor":30},{"not_picked":["Go for the Eyes","Turbo+1"],"picked":"Hologram","floor":31}],"player_experience":220007,"relics_obtained":[{"floor":7,"key":"Ornamental Fan"},{"floor":9,"key":"War Paint"},{"floor":24,"key":"Mummified Hand"},{"floor":26,"key":"Gremlin Horn"}],"event_choices":[{"damage_healed":0,"gold_gain":0,"player_choice":"Entered Light","damage_taken":15,"max_hp_gain":0,"max_hp_loss":0,"event_name":"Shining Light","floor":2,"gold_loss":0,"cards_upgraded":["Defend_B","Defend_B"]},{"damage_healed":0,"gold_gain":175,"player_choice":"AGREE","damage_taken":0,"max_hp_gain":0,"max_hp_loss":0,"event_name":"Liars Game","floor":5,"gold_loss":0,"cards_obtained":["Doubt"]},{"damage_healed":0,"gold_gain":0,"player_choice":"Donut","damage_taken":0,"max_hp_gain":5,"max_hp_loss":0,"event_name":"Big Fish","floor":10,"gold_loss":0},{"damage_healed":0,"gold_gain":99,"player_choice":"Stole From Cult","damage_taken":0,"max_hp_gain":0,"max_hp_loss":0,"event_name":"Nest","floor":19,"gold_loss":0},{"damage_healed":0,"gold_gain":0,"player_choice":"Rummage","damage_taken":0,"relics_obtained":["WarpedTongs"],"max_hp_gain":0,"max_hp_loss":0,"event_name":"Accursed Blacksmith","floor":20,"gold_loss":0,"cards_obtained":["Pain"]},{"damage_healed":0,"gold_gain":0,"player_choice":"Paid Fearfully","damage_taken":0,"max_hp_gain":0,"max_hp_loss":0,"event_name":"Masked Bandits","floor":28,"gold_loss":34}],"is_beta":false,"boss_relics":[{"not_picked":["Astrolabe","Philosopher\u0027s Stone"],"picked":"Nuclear Battery"}],"items_purged_floors":[14,25],"is_endless":false,"potions_floor_spawned":[1,7,13,18,30,31],"killed_by":"Automaton","ascension_level":11}