{"gold_per_floor":[119,133,143,153,165,200,200,215,264,281,307,319,319,336,336,440,440,453,473,473,323,0,0,26,26,26,40,69,88,88,88,88,184,184,195,215,215,230,230,230,0,27,27,42,42,42,76,93,93,93,93,93,93,121,121],"floor_reached":56,"playtime":3767,"items_purged":[],"score":1211,"play_id":"33c80348-fe30-4f02-ace8-1ce52529cee8","local_time":"20190205073657","is_ascension_mode":false,"campfire_choices":[{"floor":7.0,"key":"REST"},{"floor":13,"key":"REST"},{"floor":15,"key":"REST"},{"floor":23,"key":"RECALL"},{"floor":25,"key":"REST"},{"floor":30,"key":"REST"},{"floor":32,"key":"REST"},{"floor":40,"key":"REST"},{"data":"Apotheosis","floor":46,"key":"SMITH"},{"floor":49,"key":"REST"},{"data":"Night Terror","floor":52,"key":"SMITH"}],"neow_cost":"TEN_PERCENT_HP_LOSS","seed_source_timestamp":0,"circlet_count":0,"master_deck":["Defend_G","Defend_G","Defend_G","Defend_G","Defend_G","Strike_G","Strike_G","Strike_G","Strike_G","Strike_G","Survivor","Neutralize","Noxious Fumes","Well Laid Plans","Leg Sweep","Corpse Explosion","Footwork","Crippling Poison","Noxious Fumes","Dodge and Roll+1","A Thousand Cuts","Dodge and Roll","Night Terror+1","Apotheosis+1","Caltrops+1","Blade Dance+1","After Image"],"special_seed":0,"relics":["Ring of the Snake","Calipers","Snake Skull","Bag of Marbles","Lizard Tail","Mummified Hand","Dodecahedron","Centennial Puzzle","Sozu","Red Mask","Singing Bowl","Sundial","Kunai","Pantograph"],"potions_floor_usage":[11,31,33],"damage_taken":[{"damage":0.0,"enemies":"2 Louse","floor":1.0,"turns":3.0},{"damage":11.0,"enemies":"Jaw Worm","floor":2.0,"turns":6.0},{"damage":0.0,"enemies":"Small Slimes","floor":3.0,"turns":4.0},{"damage":0.0,"enemies":"3 Louse","floor":4.0,"turns":6.0},{"damage":2.0,"enemies":"Large Slime","floor":5.0,"turns":9.0},{"damage":21.0,"enemies":"Lagavulin","floor":6.0,"turns":13.0},{"damage":2.0,"enemies":"Blue Slaver","floor":8.0,"turns":5.0},{"damage":0,"enemies":"Exordium Wildlife","floor":10,"turns":4},{"damage":19,"enemies":"Gremlin Nob","floor":11,"turns":5},{"damage":0,"enemies":"Red Slaver","floor":12,"turns":6},{"damage":11,"enemies":"Large Slime","floor":14,"turns":7},{"damage":16,"enemies":"Hexaghost","floor":16,"turns":14},{"damage":2,"enemies":"Chosen","floor":18,"turns":7},{"damage":16,"enemies":"3 Byrds","floor":19,"turns":5},{"damage":30,"enemies":"Book of Stabbing","floor":24,"turns":9},{"damage":17,"enemies":"3 Cultists","floor":27,"turns":4},{"damage":14,"enemies":"Gremlin Leader","floor":28,"turns":7},{"damage":0,"enemies":"Sentry and Sphere","floor":29,"turns":3},{"damage":0,"enemies":"Colosseum Slavers","floor":31,"turns":4},{"damage":37,"enemies":"Collector","floor":33,"turns":9},{"damage":4,"enemies":"3 Darklings","floor":35,"turns":3},{"damage":0,"enemies":"3 Shapes","floor":36,"turns":3},{"damage":11,"enemies":"Transient","floor":38,"turns":5},{"damage":2,"enemies":"Reptomancer","floor":42,"turns":7},{"damage":2,"enemies":"Spire Growth","floor":44,"turns":7},{"damage":19,"enemies":"Nemesis","floor":47,"turns":9},{"damage":10,"enemies":"3 Darklings","floor":48,"turns":3},{"damage":57,"enemies":"Donu and Deca","floor":50,"turns":7},{"damage":15,"enemies":"Shield and Spear","floor":54,"turns":7},{"damage":95,"enemies":"The Heart","floor":55,"turns":11}],"seed_played":"-8043745649791747718","potions_obtained":[{"floor":2.0,"key":"Ancient Potion"},{"floor":4.0,"key":"SkillPotion"},{"floor":10,"key":"Weak Potion"},{"floor":11,"key":"GamblersBrew"},{"floor":14,"key":"AttackPotion"},{"floor":19,"key":"FairyPotion"},{"floor":29,"key":"GhostInAJar"},{"floor":33,"key":"SteroidPotion"}],"is_trial":false,"path_per_floor":["M","M","M","M","M","E","R","M","T","M","E","M","R","M","R","B",null,"M","M","?","$","?","R","E","R","T","M","E","M","R","?","R","B",null,"M","M","?","M","?","R","?","E","T","M","$","R","E","M","R","B",null,"R","$","E","B",null],"character_chosen":"THE_SILENT","items_purchased":["Crippling Poison","Noxious Fumes"],"campfire_rested":8,"item_purchase_floors":[21,21],"current_hp_per_floor":[63,52,52,52,50,29,47,45,45,45,26,26,44,33,51,35,63,61,45,45,45,45,45,15,33,33,16,2,2,20,20,38,1,63,59,59,59,48,48,63,63,63,63,61,61,61,42,34,54,6,67,67,67,52,6],"gold":121,"neow_bonus":"ONE_RARE_RELIC","is_prod":false,"is_daily":false,"chose_seed":false,"campfire_upgraded":2,"win_rate":0,"timestamp":1549348617,"path_taken":["M","M","M","M","M","E","R","M","T","M","E","M","R","M","R","BOSS","M","M","?","$","?","R","E","R","T","M","E","M","R","?","R","BOSS","M","M","?","?","?","R","?","E","T","M","$","R","E","M","R","BOSS","R","$","E","BOSS"],"build_version":"2019-01-23","purchased_purges":0,"victory":true,"max_hp_per_floor":[63,63,63,63,63,63,63,63,63,63,63,63,63,63,63,63,63,63,63,63,63,63,63,63,63,63,63,63,63,63,63,63,63,63,63,63,63,63,63,63,63,65,65,65,65,65,65,67,67,67,67,67,67,67,67],"card_choices":[{"not_picked":["Prepared","Dagger Throw","Sucker Punch"],"picked":"SKIP","floor":1.0},{"not_picked":["Quick Slash","Dagger Spray","Tactician"],"picked":"SKIP","floor":2.0},{"not_picked":["Outmaneuver","Poisoned Stab","Prepared"],"picked":"SKIP","floor":3.0},{"not_picked":["Prepared","Terror"],"picked":"Noxious Fumes","floor":4.0},{"not_picked":["Prepared","Underhanded Strike"],"picked":"Well Laid Plans","floor":5.0},{"not_picked":["Dagger Spray","PiercingWail","Backstab"],"picked":"SKIP","floor":6.0},{"not_picked":["Well Laid Plans","Flying Knee","Outmaneuver"],"picked":"SKIP","floor":8.0},{"not_picked":["Deadly Poison","Accuracy"],"picked":"Leg Sweep","floor":10},{"not_picked":["Burst","Calculated Gamble","Leg Sweep"],"picked":"SKIP","floor":11},{"not_picked":["Slice","Sucker Punch","Underhanded Strike"],"picked":"SKIP","floor":12},{"not_picked":["Dagger Spray","Prepared","Outmaneuver"],"picked":"SKIP","floor":14},{"not_picked":["Storm of Steel","Wraith Form v2"],"picked":"Corpse Explosion","floor":16},{"not_picked":["Underhanded Strike","Flying Knee","Cloak And Dagger"],"picked":"SKIP","floor":18},{"not_picked":["Underhanded Strike","Endless Agony"],"picked":"Footwork","floor":19},{"not_picked":["Crippling Poison","PiercingWail+1","Quick Slash"],"picked":"SKIP","floor":24},{"not_picked":["Underhanded Strike","Crippling Poison","Blade Dance"],"picked":"SKIP","floor":27},{"not_picked":["Calculated Gamble","Distraction","Tools of the Trade"],"picked":"SKIP","floor":28},{"not_picked":["Slice+1","Masterful Stab+1"],"picked":"Dodge and Roll+1","floor":29},{"not_picked":["Doppelganger","Die Die Die"],"picked":"A Thousand Cuts","floor":33},{"not_picked":["Dagger Throw","Masterful Stab+1","Poisoned Stab+1"],"picked":"SKIP","floor":35},{"not_picked":["Sucker Punch+1","Dagger Spray+1"],"picked":"Dodge and Roll","floor":36},{"not_picked":["Flying Knee","Quick Slash"],"picked":"Night Terror","floor":38},{"not_picked":["Forethought","Purity"],"picked":"Apotheosis","floor":39},{"not_picked":["Backstab","Deadly Poison+1","Crippling Poison"],"picked":"Singing Bowl","floor":42},{"not_picked":["Leg Sweep","Blur+1"],"picked":"Caltrops+1","floor":44},{"not_picked":["Concentrate","Outmaneuver"],"picked":"Blade Dance+1","floor":47},{"not_picked":["Catalyst","Blade Dance","Dagger Throw"],"picked":"Singing Bowl","floor":48},{"not_picked":["Skewer","Bane+1"],"picked":"After Image","floor":54}],"player_experience":176851,"relics_obtained":[{"floor":6.0,"key":"Snake Skull"},{"floor":11,"key":"Bag of Marbles"},{"floor":24,"key":"Mummified Hand"},{"floor":26,"key":"Dodecahedron"},{"floor":28,"key":"Centennial Puzzle"},{"floor":42,"key":"Singing Bowl"},{"floor":43,"key":"Sundial"},{"floor":47,"key":"Kunai"},{"floor":54,"key":"Pantograph"}],"event_choices":[{"damage_healed":0,"gold_gain":0,"player_choice":"Ignored","damage_taken":0,"max_hp_gain":0,"max_hp_loss":0,"event_name":"Beggar","floor":20,"gold_loss":0},{"damage_healed":0,"gold_gain":0,"player_choice":"Paid Fearfully","damage_taken":0,"max_hp_gain":0,"max_hp_loss":0,"event_name":"Masked Bandits","floor":22,"gold_loss":323},{"damage_healed":0,"gold_gain":0,"player_choice":"Fight","damage_taken":0,"max_hp_gain":0,"max_hp_loss":0,"event_name":"Colosseum","floor":31,"gold_loss":0},{"damage_healed":0,"gold_gain":0,"player_choice":"Fled From Nobs","damage_taken":0,"max_hp_gain":0,"max_hp_loss":0,"event_name":"Colosseum","floor":31,"gold_loss":0},{"damage_healed":0,"gold_gain":0,"player_choice":"Ignored","damage_taken":0,"max_hp_gain":0,"max_hp_loss":0,"event_name":"Purifier","floor":37,"gold_loss":0},{"damage_healed":0,"gold_gain":0,"player_choice":"Memory 1","damage_taken":0,"max_hp_gain":0,"max_hp_loss":0,"event_name":"SensoryStone","floor":39,"gold_loss":0},{"damage_healed":0,"gold_gain":0,"player_choice":"Paid","damage_taken":0,"relics_obtained":["Red Mask"],"max_hp_gain":0,"max_hp_loss":0,"event_name":"Tomb of Lord Red Mask","floor":41,"gold_loss":230}],"is_beta":true,"boss_relics":[{"not_picked":["Fusion Hammer","Snecko Eye"],"picked":"Lizard Tail"},{"not_picked":["Runic Dome","Black Star"],"picked":"Sozu"}],"items_purged_floors":[],"is_endless":false,"potions_floor_spawned":[2,4,10,11,14,16,19,29,31,33,38,42,44,48,54],"ascension_level":0}