{"path_per_floor":["M","M","?","M","?","E","R","M","T","R","M","?","E","M","R"],"character_chosen":"IRONCLAD","items_purchased":[],"gold_per_floor":[12,26,26,40,40,84,84,100,126,126,142,142,173,189,189],"floor_reached":16,"campfire_rested":1,"playtime":671,"current_hp_per_floor":[71,74,74,75,75,33,57,54,61,61,58,58,44,40,40],"items_purged":[],"gold":189,"score":134,"play_id":"1a8a1b20-8e12-45f8-bc7f-46e908a2506c","is_prod":false,"is_daily":false,"is_ascension_mode":true,"campfire_upgraded":2,"path_taken":["M","M","?","M","?","E","R","M","T","R","M","?","E","M","R","BOSS"],"build_version":"2018-02-15-PROD1","purchased_purges":0,"victory":false,"master_deck":["Strike_R+1","Strike_R","Strike_R","Strike_R","Defend_R","Defend_R","Defend_R","Defend_R","Bash","Feed+1","Clothesline","Warcry","Purity","Warcry","Clash","Sever Soul+1","Seeing Red","Demon Form+1","Heavy Blade","Fire Breathing"],"max_hp_per_floor":[83,86,86,89,82,82,82,85,92,92,92,92,92,92,92],"relics":["Burning Blood","Golden Idol","Bronze Scales","Strawberry","Whetstone"],"card_choices":[{"not_picked":["Offering","Demon Form"],"picked":"Feed"},{"not_picked":["Wild Strike","Second Wind"],"picked":"Clothesline"},{"not_picked":["Corruption","Dropkick"],"picked":"Warcry"},{"not_picked":["Shrug It Off","Searing Blow"],"picked":"Warcry"},{"not_picked":["Corruption","Dual Wield"],"picked":"Clash"},{"not_picked":["Havoc","Pommel Strike"],"picked":"Sever Soul"},{"not_picked":["Fire Breathing","Armaments"],"picked":"Seeing Red"},{"not_picked":["Impervious","True Grit"],"picked":"Heavy Blade"},{"not_picked":["Rupture","Heavy Blade"],"picked":"Fire Breathing"}],"player_experience":121785,"potions_floor_usage":[6,6,16,16],"damage_taken":[{"damage":18,"enemies":"Small Slimes","floor":1,"turns":4},{"damage":6,"enemies":"Cultist","floor":2,"turns":5},{"damage":8,"enemies":"2 Louse","floor":4,"turns":3},{"damage":48,"enemies":"Lagavulin","floor":6,"turns":11},{"damage":12,"enemies":"Large Slime","floor":8,"turns":4},{"damage":9,"enemies":"Red Slaver","floor":11,"turns":4},{"damage":20,"enemies":"Gremlin Nob","floor":13,"turns":4},{"damage":10,"enemies":"2 Fungi Beasts","floor":14,"turns":2},{"damage":51,"enemies":"Slime Boss","floor":16,"turns":6}],"event_choices":[{"event_name":"Match and Keep!","player_choice":"1 cards matched","floor":3,"damage_taken":0},{"event_name":"Golden Idol","player_choice":"Lose Max HP","floor":5,"damage_taken":0},{"event_name":"Living Wall","player_choice":"Change","floor":12,"damage_taken":0}],"boss_relics":[],"potions_floor_spawned":[1,4,8,13],"seed_played":"-3919977786982976044","killed_by":"Slime Boss","ascension_level":4,"is_trial":false}