{"path_per_floor":["M","?","?","$","M","M","M","M","T","M","?","M","T","M","R","B",null,"M","M","?","?","M","M","R","$","T","M","M","M","M"],"character_chosen":"IRONCLAD","items_purchased":["Juzu Bracelet","Sword Boomerang","Regal Pillow","Metallicize","Flex"],"gold_per_floor":[119,294,294,20,38,54,70,87,111,127,154,172,172,188,188,289,289,307,322,322,322,342,353,353,92,92,109,121,136,149],"floor_reached":31,"campfire_rested":1,"playtime":2237,"current_hp_per_floor":[80,80,73,73,76,77,80,69,69,75,64,70,70,69,69,51,80,74,43,43,43,29,22,46,46,46,43,43,23,27],"items_purged":["Doubt"],"gold":149,"play_id":"15fd90a7-8c04-49bc-a7b6-6f26cd7031e6","is_prod":false,"is_daily":false,"campfire_rituals":0,"campfire_upgraded":1,"is_hardmode":false,"path_taken":["M","?","?","$","M","M","M","M","T","M","?","M","?","M","R","BOSS","M","M","?","?","M","M","R","$","T","M","M","M","M","M"],"build_version":"2017-12-21-PROD1","purchased_purges":1,"victory":false,"master_deck":["Strike_R","Strike_R","Strike_R","Strike_R","Strike_R","Defend_R","Defend_R","Defend_R","Defend_R","Bash","Pommel Strike","Limit Break","Sword Boomerang","Thunderclap","Anger","Clothesline","Heavy Blade","Flex","Headbutt","Burning Pact","Juggernaut","Limit Break","Iron Wave","Inflame","Sword Boomerang","Twin Strike","Iron Wave","Metallicize","Flex","Iron Wave","Disarm","Flex","Headbutt"],"max_hp_per_floor":[80,80,80,80,80,80,80,80,80,80,80,80,80,80,80,80,80,80,80,80,80,80,80,80,80,80,80,80,80,80],"relics":["Burning Blood","Orichalcum","Juzu Bracelet","Molten Egg","Odd Mushroom","Champion Belt","Astrolabe","Bag of Marbles","Regal Pillow","Bottled Flame"],"campfire_meditates":0,"card_choices":[{"not_picked":["Perfected Strike","Dual Wield"],"picked":"Pommel Strike"},{"not_picked":["Sword Boomerang","Pommel Strike"],"picked":"Limit Break"},{"not_picked":["Power Through","Rupture"],"picked":"Thunderclap"},{"not_picked":["Shockwave","Clash"],"picked":"Anger"},{"not_picked":["Cleave","Heavy Blade"],"picked":"Clothesline"},{"not_picked":["Rupture","Warcry"],"picked":"Heavy Blade"},{"not_picked":["Cleave","Dual Wield"],"picked":"Impervious"},{"not_picked":["Body Slam","Flame Barrier"],"picked":"Flex"},{"not_picked":["Rage","Anger"],"picked":"Headbutt"},{"not_picked":["Blood for Blood","Battle Trance"],"picked":"Infernal Blade"},{"not_picked":["Fiend Fire","Brutality"],"picked":"Feed"},{"not_picked":["Power Through","Perfected Strike"],"picked":"Iron Wave"},{"not_picked":["Cleave","Anger"],"picked":"Inflame"},{"not_picked":["Cleave","Hemokinesis"],"picked":"Twin Strike"},{"not_picked":["True Grit","Disarm"],"picked":"Iron Wave"},{"not_picked":["True Grit","Shrug It Off"],"picked":"Iron Wave"},{"not_picked":["Seeing Red","Flame Barrier"],"picked":"Disarm"},{"not_picked":["True Grit","Demon Form"],"picked":"Flex"},{"not_picked":["Uppercut","Flame Barrier"],"picked":"Headbutt"}],"player_experience":6998,"potions_floor_usage":[],"damage_taken":[{"damage":5.0,"enemies":"Cultist","floor":1.0,"turns":4.0},{"damage":3.0,"enemies":"Blue Slaver","floor":5.0,"turns":4.0},{"damage":5.0,"enemies":"Jaw Worm","floor":6.0,"turns":4.0},{"damage":0.0,"enemies":"Exordium Wildlife","floor":7.0,"turns":3.0},{"damage":17.0,"enemies":"Exordium Thugs","floor":8.0,"turns":3.0},{"damage":0.0,"enemies":"3 Louse","floor":10.0,"turns":3.0},{"damage":17.0,"enemies":"The Mushroom Lair","floor":11.0,"turns":4.0},{"damage":0.0,"enemies":"Large Slime","floor":12.0,"turns":4.0},{"damage":7.0,"enemies":"Red Slaver","floor":14.0,"turns":2.0},{"damage":24,"enemies":"The Guardian","floor":16,"turns":7},{"damage":12,"enemies":"2 Thieves","floor":18,"turns":3},{"damage":37,"enemies":"Spheric Guardian","floor":19,"turns":6},{"damage":20,"enemies":"Centurion and Healer","floor":22,"turns":5},{"damage":13,"enemies":"Snecko","floor":23,"turns":5},{"damage":9,"enemies":"Snake Plant","floor":27,"turns":3},{"damage":6,"enemies":"Centurion and Healer","floor":28,"turns":4},{"damage":26,"enemies":"Sentry and Sphere","floor":29,"turns":6},{"damage":2,"enemies":"Snecko","floor":30,"turns":3},{"damage":27,"enemies":"Snake Plant","floor":31,"turns":4}],"event_choices":[{"event_name":"Liars Game","player_choice":"agreed","floor":2.0,"damage_taken":0.0},{"event_name":"Scrap Ooze","player_choice":"success","floor":3.0,"damage_taken":7.0},{"event_name":"Mushrooms","player_choice":"Fought Mushrooms","floor":11.0,"damage_taken":0.0},{"event_name":"The Library","player_choice":"Read","floor":20,"damage_taken":0},{"event_name":"The Mausoleum","player_choice":"Yes","floor":21,"damage_taken":0}],"boss_relics":[{"not_picked":["Lizard Tail","Tiny House"],"picked":"Astrolabe"}],"potions_floor_spawned":[1,6,8,12,14,23,28,29,30],"seed_played":"-8702009798888298748","killed_by":"Snake Plant","is_trial":false}