{"gold_per_floor":[116,134,134,147,158,158,158,158,215,215,251,271,294,330,330,330],"floor_reached":16,"playtime":461,"items_purged":[],"score":185,"play_id":"0221d28d-a9f9-4c2b-a695-ae0f81972dee","local_time":"20180820121339","is_ascension_mode":true,"campfire_choices":[{"data":"Defragment","floor":6,"key":"SMITH"},{"data":"Go for the Eyes","floor":8,"key":"SMITH"},{"data":"Biased Cognition","floor":10,"key":"SMITH"},{"data":"Rainbow","floor":15,"key":"SMITH"}],"neow_cost":"CURSE","seed_source_timestamp":670723931633939,"circlet_count":0,"master_deck":["Strike_B","Strike_B","Strike_B","Strike_B","Defend_B","Defend_B","Defend_B","Defend_B","Zap","Dualcast","AscendersBane","Regret","Defragment+1","Auto Shields","Hologram","Go for the Eyes+1","Biased Cognition+1","Cold Snap","Stack","Reinforced Body","Rainbow+1","Stack","Stack","Sweeping Beam"],"relics":["Cracked Core","Prayer Wheel","Golden Idol","Tiny Chest","DataDisk","Bag of Preparation"],"potions_floor_usage":[11,14,14],"damage_taken":[{"damage":4,"enemies":"Small Slimes","floor":1,"turns":4},{"damage":4,"enemies":"Jaw Worm","floor":2,"turns":4},{"damage":3,"enemies":"2 Louse","floor":4,"turns":3},{"damage":6,"enemies":"Blue Slaver","floor":5,"turns":3},{"damage":9,"enemies":"3 Sentries","floor":11,"turns":6},{"damage":1,"enemies":"3 Louse","floor":12,"turns":3},{"damage":4,"enemies":"2 Fungi Beasts","floor":13,"turns":3},{"damage":2,"enemies":"Gremlin Nob","floor":14,"turns":3},{"damage":36,"enemies":"The Guardian","floor":16,"turns":2}],"seed_played":"5322846086740767994","potions_obtained":[{"floor":2,"key":"Poison Potion"},{"floor":4,"key":"Explosive Potion"},{"floor":11,"key":"Poison Potion"}],"is_trial":false,"path_per_floor":["M","M","?","M","M","R","?","R","T","R","E","M","M","E","R"],"character_chosen":"DEFECT","items_purchased":[],"campfire_rested":0,"item_purchase_floors":[],"current_hp_per_floor":[64,60,60,57,51,51,51,51,51,51,42,41,37,35,35,0],"gold":330,"neow_bonus":"ONE_RARE_RELIC","is_prod":false,"is_daily":false,"chose_seed":false,"campfire_upgraded":4,"win_rate":0,"timestamp":1534781619,"path_taken":["M","M","?","M","M","R","?","R","T","R","E","M","M","E","R","BOSS"],"build_version":"2018-08-16","purchased_purges":0,"victory":false,"max_hp_per_floor":[75,75,75,75,75,75,69,69,69,69,69,69,69,69,69,69],"card_choices":[{"not_picked":["Darkness","Chaos"],"picked":"Defragment","floor":1},{"not_picked":["Compile Driver","Coolheaded"],"picked":"Auto Shields","floor":1},{"not_picked":["Scrape","Gash"],"picked":"Hologram","floor":2},{"not_picked":["Compile Driver","Steam","Streamline"],"picked":"SKIP","floor":2},{"not_picked":["Double Energy","Beam Cell"],"picked":"Go for the Eyes","floor":4},{"not_picked":["Turbo","Heatsinks"],"picked":"Biased Cognition","floor":4},{"not_picked":["Go for the Eyes","Stack"],"picked":"Cold Snap","floor":5},{"not_picked":["Doom and Gloom","Sweeping Beam"],"picked":"Stack","floor":5},{"not_picked":["Genetic Algorithm","Force Field"],"picked":"Reinforced Body","floor":11},{"not_picked":["Turbo","Redo"],"picked":"Rainbow","floor":12},{"not_picked":["Compile Driver","Streamline","Redo"],"picked":"SKIP","floor":12},{"not_picked":["Lockon","Hello World"],"picked":"Stack","floor":13},{"not_picked":["Redo","Chill"],"picked":"Stack","floor":13},{"not_picked":["Chill","Biased Cognition"],"picked":"Sweeping Beam","floor":14}],"player_experience":467272,"relics_obtained":[{"floor":9,"key":"Tiny Chest"},{"floor":11,"key":"DataDisk"},{"floor":14,"key":"Bag of Preparation"}],"event_choices":[{"event_name":"Liars Game","player_choice":"disagreed","floor":3,"damage_taken":0},{"event_name":"Golden Idol","player_choice":"Lose Max HP","floor":7,"damage_taken":0}],"is_beta":false,"boss_relics":[],"items_purged_floors":[],"is_endless":false,"potions_floor_spawned":[2,4,11,12],"killed_by":"The Guardian","ascension_level":13}