{"gold_per_floor":[111,111,131,47,60,60,84,5,83,83,83,83,25,40,40,115,115,115,91,91,91,51,70,82,82,82,82,99,99,132,0,0,72,72,90,106,106,106,125,125,125,139,191,191],"floor_reached":44,"playtime":2741,"items_purged":[],"score":811,"play_id":"1c29e674-428b-4307-90dd-01ce8437d230","local_time":"20190223165027","is_ascension_mode":true,"campfire_choices":[{"data":"Footwork","floor":6.0,"key":"SMITH"},{"floor":15.0,"key":"REST"},{"data":"Noxious Fumes","floor":25.0,"key":"SMITH"},{"data":"Night Terror","floor":27.0,"key":"SMITH"},{"data":"Footwork","floor":32.0,"key":"SMITH"},{"data":"Caltrops","floor":40.0,"key":"SMITH"}],"neow_cost":"NONE","seed_source_timestamp":65513859281000,"circlet_count":0,"master_deck":["AscendersBane","Defend_G","Defend_G","Defend_G","Defend_G","Survivor","Neutralize+1","Skewer+1","Deadly Poison","Footwork+1","Leg Sweep","Caltrops+1","Dodge and Roll","PiercingWail","Night Terror+1","Backflip","Noxious Fumes+1","After Image","Footwork+1","Deflect","Cloak And Dagger","Adrenaline","Corpse Explosion","Flechettes+1","Dagger Throw+1","Backstab+1","Cloak And Dagger","Dark Shackles","Madness","Madness","Expertise+1"],"special_seed":0,"relics":["Ring of the Snake","Odd Mushroom","Ninja Scroll","Mercury Hourglass","Oddly Smooth Stone","Eternal Feather","Bottled Tornado","Pen Nib","Astrolabe","Omamori"],"potions_floor_usage":[44],"damage_taken":[{"damage":4.0,"enemies":"Jaw Worm","floor":1.0,"turns":7.0},{"damage":1.0,"enemies":"Small Slimes","floor":3.0,"turns":3.0},{"damage":0.0,"enemies":"2 Louse","floor":5.0,"turns":3.0},{"damage":17.0,"enemies":"The Mushroom Lair","floor":7.0,"turns":6.0},{"damage":0.0,"enemies":"Large Slime","floor":14.0,"turns":4.0},{"damage":6.0,"enemies":"Hexaghost","floor":16.0,"turns":13.0},{"damage":3.0,"enemies":"Shell Parasite","floor":18.0,"turns":4.0},{"damage":4.0,"enemies":"2 Thieves","floor":19.0,"turns":4.0},{"damage":0.0,"enemies":"Chosen and Byrds","floor":23.0,"turns":7.0},{"damage":10.0,"enemies":"Centurion and Healer","floor":24.0,"turns":10.0},{"damage":0.0,"enemies":"Snecko","floor":28.0,"turns":7.0},{"damage":18.0,"enemies":"Book of Stabbing","floor":30.0,"turns":8.0},{"damage":3.0,"enemies":"Automaton","floor":33.0,"turns":17.0},{"damage":3.0,"enemies":"3 Shapes","floor":35.0,"turns":4.0},{"damage":13.0,"enemies":"3 Darklings","floor":36.0,"turns":4.0},{"damage":11.0,"enemies":"Sphere and 2 Shapes","floor":39.0,"turns":6.0},{"damage":26.0,"enemies":"Spire Growth","floor":42.0,"turns":8.0},{"damage":21,"enemies":"Giant Head","floor":44,"turns":11}],"seed_played":"-1768165983950146166","potions_obtained":[{"floor":1.0,"key":"GamblersBrew"},{"floor":7.0,"key":"SmokeBomb"},{"floor":22.0,"key":"Fruit Juice"},{"floor":22.0,"key":"GamblersBrew"},{"floor":22.0,"key":"Weak Potion"},{"floor":24.0,"key":"Dexterity Potion"},{"floor":33.0,"key":"Dexterity Potion"},{"floor":39.0,"key":"LiquidBronze"}],"is_trial":false,"path_per_floor":["M","?","M","$","M","R","?","$","T","?","T","T","$","M","R","B",null,"M","M","?","?","?","M","M","R","T","R","M","?","E","$","R","B",null,"M","M","?","?","M","R","?","M","T","E"],"character_chosen":"THE_SILENT","items_purchased":["Footwork","Caltrops","Dodge and Roll","Cloak And Dagger","Adrenaline"],"campfire_rested":1,"item_purchase_floors":[4,8,13,31,31],"current_hp_per_floor":[55,48,47,47,47,47,30,30,30,10,10,10,10,10,29,23,55,52,48,30,30,35,35,25,37,37,49,49,49,31,31,46,43,68,65,52,52,52,41,56,46,20,20,0],"gold":191,"neow_bonus":"TRANSFORM_CARD","is_prod":false,"is_daily":false,"chose_seed":false,"campfire_upgraded":5,"win_rate":0,"timestamp":1550958627,"path_taken":["M","?","M","$","M","R","?","?","T","?","?","?","$","M","R","BOSS","M","M","?","?","?","?","M","R","T","R","M","?","E","$","R","BOSS","M","M","?","?","M","R","?","M","T","E"],"build_version":"2019-01-23","purchased_purges":0,"victory":false,"max_hp_per_floor":[66,66,66,66,66,66,66,66,66,66,66,66,66,66,66,66,66,66,66,71,71,76,76,76,76,76,76,76,76,76,76,76,76,76,76,76,76,72,72,72,72,72,72,72],"card_choices":[{"not_picked":["Riddle With Holes","Finisher","Prepared"],"picked":"SKIP","floor":1.0},{"not_picked":["Prepared","Escape Plan"],"picked":"Deadly Poison","floor":3.0},{"not_picked":["Acrobatics","Calculated Gamble","Choke"],"picked":"SKIP","floor":5.0},{"not_picked":["Deadly Poison","Poisoned Stab"],"picked":"Leg Sweep","floor":7.0},{"not_picked":["Underhanded Strike","Storm of Steel"],"picked":"PiercingWail","floor":14.0},{"not_picked":["Unload","Wraith Form v2"],"picked":"Night Terror","floor":16.0},{"not_picked":["Dodge and Roll","Outmaneuver"],"picked":"Backflip","floor":19.0},{"not_picked":["Sucker Punch","Predator"],"picked":"Noxious Fumes","floor":23.0},{"not_picked":["Distraction","Underhanded Strike"],"picked":"After Image","floor":24.0},{"not_picked":["Sucker Punch","Flechettes+1"],"picked":"Footwork","floor":28.0},{"not_picked":["Sucker Punch","Poisoned Stab"],"picked":"Deflect","floor":30.0},{"not_picked":["Adrenaline","Glass Knife"],"picked":"Corpse Explosion","floor":33.0},{"not_picked":["Reflex","Flying Knee"],"picked":"Cloak And Dagger","floor":35.0},{"not_picked":["Dagger Spray","Dodge and Roll","Deadly Poison+1"],"picked":"SKIP","floor":36.0},{"not_picked":["Calculated Gamble","Poisoned Stab","Underhanded Strike"],"picked":"SKIP","floor":39.0},{"not_picked":["Bandage Up","Trip"],"picked":"Dark Shackles","floor":41.0},{"not_picked":["Bandage Up","The Bomb"],"picked":"Madness","floor":41.0},{"not_picked":["Purity","Forethought"],"picked":"Madness","floor":41.0},{"not_picked":["Deflect+1","Poisoned Stab"],"picked":"Expertise+1","floor":42.0}],"player_experience":1258543,"relics_obtained":[{"floor":7.0,"key":"Odd Mushroom"},{"floor":9.0,"key":"Ninja Scroll"},{"floor":11.0,"key":"Mercury Hourglass"},{"floor":12.0,"key":"Oddly Smooth Stone"},{"floor":26.0,"key":"Bottled Tornado"},{"floor":30.0,"key":"Pen Nib"},{"floor":43.0,"key":"Omamori"}],"event_choices":[{"cards_removed":["Defend_G"],"damage_healed":0.0,"max_hp_gain":0.0,"max_hp_loss":0.0,"gold_gain":0.0,"event_name":"Golden Wing","player_choice":"Card Removal","floor":2.0,"gold_loss":0.0,"damage_taken":7.0},{"damage_healed":0.0,"max_hp_gain":0.0,"max_hp_loss":0.0,"gold_gain":0.0,"event_name":"Mushrooms","player_choice":"Fought Mushrooms","floor":7.0,"gold_loss":0.0,"damage_taken":0.0},{"damage_healed":0.0,"max_hp_gain":0.0,"max_hp_loss":0.0,"gold_gain":0.0,"event_name":"Shining Light","player_choice":"Entered Light","floor":10.0,"gold_loss":0.0,"damage_taken":20.0,"cards_upgraded":["Neutralize","Skewer"]},{"damage_healed":0.0,"max_hp_gain":5.0,"max_hp_loss":0.0,"gold_gain":0.0,"event_name":"Forgotten Altar","player_choice":"Shed Blood","floor":20.0,"gold_loss":0.0,"damage_taken":23.0},{"damage_healed":0.0,"max_hp_gain":0.0,"max_hp_loss":0.0,"gold_gain":0.0,"event_name":"The Mausoleum","player_choice":"Ignored","floor":21.0,"gold_loss":0.0,"damage_taken":0.0},{"damage_healed":0.0,"max_hp_gain":0.0,"max_hp_loss":0.0,"gold_gain":0.0,"event_name":"The Woman in Blue","player_choice":"Bought 3 Potions","floor":22.0,"gold_loss":0.0,"damage_taken":0.0},{"damage_healed":0.0,"max_hp_gain":0.0,"max_hp_loss":0.0,"gold_gain":0.0,"event_name":"Ghosts","player_choice":"Ignored","floor":29.0,"gold_loss":0.0,"damage_taken":0.0},{"cards_removed":["Strike_G"],"damage_healed":0.0,"max_hp_gain":0.0,"max_hp_loss":0.0,"gold_gain":0.0,"event_name":"Falling","player_choice":"Removed Attack","floor":37.0,"gold_loss":0.0,"damage_taken":0.0},{"damage_healed":0.0,"max_hp_gain":0.0,"max_hp_loss":4.0,"gold_gain":0.0,"event_name":"Winding Halls","player_choice":"Max HP","floor":38.0,"gold_loss":0.0,"damage_taken":0.0},{"damage_healed":0.0,"max_hp_gain":0.0,"max_hp_loss":0.0,"gold_gain":0.0,"event_name":"SensoryStone","player_choice":"Memory 3","floor":41.0,"gold_loss":0.0,"damage_taken":10.0}],"is_beta":false,"boss_relics":[{"not_picked":["Calling Bell","Velvet Choker"],"picked":"Eternal Feather"},{"not_picked":["Tiny House","HoveringKite"],"picked":"Astrolabe"}],"items_purged_floors":[],"is_endless":false,"potions_floor_spawned":[1,7,18,24,33,39,42],"killed_by":"Giant Head","ascension_level":19}