{"gold_per_floor":[118,118,118,118,131,131,169,187,187,230,230,250,286,311,311,404,404,378,46,65,65],"floor_reached":21,"playtime":673,"items_purged":["Strike_G"],"score":437,"play_id":"7c8baf5f-c8a7-4596-8bc3-3dd62ddf9d5f","local_time":"20181103120812","is_ascension_mode":true,"campfire_choices":[{"floor":6.0,"key":"REST"},{"floor":11.0,"key":"REST"},{"floor":15,"key":"REST"}],"neow_cost":"NONE","seed_source_timestamp":0,"circlet_count":0,"master_deck":["AscendersBane","Defend_G","Defend_G","Defend_G","Defend_G","Defend_G","Strike_G","Strike_G","Strike_G","Strike_G","Survivor","Neutralize+1","Dagger Spray","Heel Hook","Noxious Fumes","Noxious Fumes","Deadly Poison","Dodge and Roll","Catalyst","Night Terror","Deadly Poison","Well Laid Plans","Dagger Spray+1"],"special_seed":0,"relics":["Ring of the Serpent","NeowsBlessing","Golden Idol","Anchor","Sundial","Ninja Scroll","Pen Nib","Mummified Hand","Strawberry"],"potions_floor_usage":[13,16,20],"damage_taken":[{"damage":0.0,"enemies":"2 Louse","floor":1.0,"turns":1.0},{"damage":0.0,"enemies":"Small Slimes","floor":5.0,"turns":1.0},{"damage":0.0,"enemies":"Gremlin Nob","floor":7.0,"turns":1.0},{"damage":2.0,"enemies":"Jaw Worm","floor":8.0,"turns":5.0},{"damage":27.0,"enemies":"3 Sentries","floor":10.0,"turns":6.0},{"damage":0.0,"enemies":"3 Louse","floor":12.0,"turns":4.0},{"damage":25,"enemies":"Lagavulin","floor":13,"turns":6},{"damage":0,"enemies":"Large Slime","floor":14,"turns":4},{"damage":17,"enemies":"The Guardian","floor":16,"turns":8},{"damage":14,"enemies":"2 Thieves","floor":18,"turns":4},{"damage":25,"enemies":"Chosen","floor":20,"turns":6},{"damage":15,"enemies":"Snake Plant","floor":21,"turns":2}],"seed_played":"4264826007992164935","potions_obtained":[{"floor":1.0,"key":"GamblersBrew"},{"floor":8.0,"key":"Weak Potion"},{"floor":12.0,"key":"FearPotion"},{"floor":14,"key":"FearPotion"},{"floor":16,"key":"Ancient Potion"}],"is_trial":false,"path_per_floor":["M","?","?","?","M","R","E","M","T","E","R","M","E","M","R","B",null,"M","$","M","M"],"character_chosen":"THE_SILENT","items_purchased":["Well Laid Plans","Strawberry"],"campfire_rested":3,"item_purchase_floors":[19,19],"current_hp_per_floor":[59,59,59,24,24,42,42,40,40,13,31,31,6,6,24,7,47,33,40,15,0],"gold":65,"neow_bonus":"THREE_ENEMY_KILL","is_prod":false,"is_daily":false,"chose_seed":false,"campfire_upgraded":0,"win_rate":0,"timestamp":1541261292,"path_taken":["M","?","?","?","M","R","E","?","T","E","R","M","E","M","R","BOSS","M","$","M","M"],"build_version":"2018-11-01","purchased_purges":1,"victory":false,"max_hp_per_floor":[66,66,60,60,60,60,60,60,60,60,60,60,60,60,60,60,60,60,67,67,67],"card_choices":[{"not_picked":["Outmaneuver","Dodge and Roll"],"picked":"Dagger Spray","floor":1.0},{"not_picked":["Outmaneuver","Reflex"],"picked":"Heel Hook","floor":5.0},{"not_picked":["Concentrate","Quick Slash"],"picked":"Noxious Fumes","floor":7.0},{"not_picked":["Slice","Sucker Punch"],"picked":"Noxious Fumes","floor":8.0},{"not_picked":["Skewer","Dagger Throw"],"picked":"Deadly Poison","floor":10.0},{"not_picked":["Poisoned Stab","Blade Dance"],"picked":"Dodge and Roll","floor":12.0},{"not_picked":["Bane","Acrobatics"],"picked":"Catalyst","floor":13},{"not_picked":["Acrobatics","Outmaneuver","Prepared"],"picked":"SKIP","floor":14},{"not_picked":["Burst","Unload"],"picked":"Night Terror","floor":16},{"not_picked":["Acrobatics","Noxious Fumes"],"picked":"Deadly Poison","floor":18},{"not_picked":["Choke","Sucker Punch"],"picked":"Dagger Spray+1","floor":20}],"player_experience":613413,"relics_obtained":[{"floor":7.0,"key":"Sundial"},{"floor":9.0,"key":"Ninja Scroll"},{"floor":10.0,"key":"Pen Nib"},{"floor":13,"key":"Mummified Hand"}],"event_choices":[{"damage_healed":0.0,"max_hp_gain":0.0,"max_hp_loss":0.0,"gold_gain":0.0,"event_name":"Living Wall","player_choice":"Grow","floor":2.0,"gold_loss":0.0,"damage_taken":0.0,"cards_upgraded":["Neutralize"]},{"damage_healed":0.0,"max_hp_gain":0.0,"max_hp_loss":6.0,"gold_gain":0.0,"event_name":"Golden Idol","player_choice":"Lose Max HP","floor":3.0,"gold_loss":0.0,"damage_taken":0.0,"relics_obtained":["Golden Idol"]},{"damage_healed":0.0,"max_hp_gain":0.0,"max_hp_loss":0.0,"gold_gain":0.0,"event_name":"Scrap Ooze","player_choice":"Success","floor":4.0,"gold_loss":0.0,"damage_taken":35.0,"relics_obtained":["Anchor"]}],"is_beta":false,"boss_relics":[{"not_picked":["Lizard Tail","Tiny House"],"picked":"Ring of the Serpent"}],"items_purged_floors":[19],"is_endless":false,"potions_floor_spawned":[1,8,12,14,16,18],"killed_by":"Snake Plant","ascension_level":19}