{"gold_per_floor":[117,134,152,164,178,205,205,234,305,323,323,323,357,319,319,319],"floor_reached":16,"playtime":650,"items_purged":[],"score":232,"play_id":"3af61cfd-d915-49b9-86bb-8530e6ed5637","local_time":"20181013125943","is_ascension_mode":true,"campfire_choices":[{"floor":7,"key":"REST"},{"floor":12,"key":"REST"},{"floor":15,"key":"REST"}],"neow_cost":"NONE","seed_source_timestamp":478193969945583,"circlet_count":0,"master_deck":["Defend_G","Defend_G","Defend_G","Defend_G","Defend_G","Strike_G","Strike_G","Strike_G","Strike_G","Strike_G","Survivor","Neutralize","AscendersBane","Flying Knee","Blade Dance","Footwork","Glass Knife","Noxious Fumes","Deflect","Deadly Poison","Parasite"],"relics":["Ring of the Snake","Frozen Egg 2","Ninja Scroll","Bottled Lightning","Ice Cream"],"potions_floor_usage":[6,8,16,16],"damage_taken":[{"damage":1,"enemies":"2 Louse","floor":1,"turns":3},{"damage":2,"enemies":"Jaw Worm","floor":2,"turns":4},{"damage":0,"enemies":"Small Slimes","floor":3,"turns":2},{"damage":4,"enemies":"3 Louse","floor":4,"turns":7},{"damage":9,"enemies":"Blue Slaver","floor":5,"turns":4},{"damage":31,"enemies":"Gremlin Nob","floor":6,"turns":4},{"damage":24,"enemies":"3 Sentries","floor":8,"turns":8},{"damage":0,"enemies":"Looter","floor":10,"turns":3},{"damage":32,"enemies":"Lagavulin","floor":13,"turns":7},{"damage":39,"enemies":"Slime Boss","floor":16,"turns":8}],"seed_played":"-6164615991368954602","potions_obtained":[{"floor":0,"key":"Poison Potion"},{"floor":0,"key":"SmokeBomb"},{"floor":1,"key":"Fire Potion"},{"floor":4,"key":"PowerPotion"},{"floor":10,"key":"Block Potion"},{"floor":13,"key":"Weak Potion"}],"is_trial":false,"path_per_floor":["M","M","M","M","M","E","R","E","T","M","?","R","E","?","R"],"character_chosen":"THE_SILENT","items_purchased":[],"campfire_rested":3,"item_purchase_floors":[],"current_hp_per_floor":[58,56,56,52,43,12,31,7,7,7,23,42,10,10,29,0],"gold":319,"neow_bonus":"THREE_SMALL_POTIONS","is_prod":false,"is_daily":false,"chose_seed":false,"campfire_upgraded":0,"win_rate":0,"timestamp":1539449983,"path_taken":["M","M","M","M","M","E","R","E","T","M","?","R","E","?","R","BOSS"],"build_version":"2018-10-11","purchased_purges":0,"victory":false,"max_hp_per_floor":[66,66,66,66,66,66,66,66,66,66,66,66,66,66,66,66],"card_choices":[{"not_picked":["Bane","Acrobatics"],"picked":"Flying Knee","floor":1},{"not_picked":["Concentrate","Bane"],"picked":"Blade Dance","floor":2},{"not_picked":["Riddle With Holes","Dodge and Roll"],"picked":"Footwork","floor":3},{"not_picked":["Distraction","Sucker Punch"],"picked":"Glass Knife","floor":4},{"not_picked":["Poisoned Stab","Catalyst"],"picked":"Noxious Fumes","floor":5},{"not_picked":["Crippling Poison","Dagger Throw"],"picked":"Deflect","floor":6},{"not_picked":["Riddle With Holes","Masterful Stab"],"picked":"Deadly Poison","floor":8},{"not_picked":["Slice","Dash","Poisoned Stab"],"picked":"SKIP","floor":10},{"not_picked":["Dagger Throw","Riddle With Holes","Concentrate"],"picked":"SKIP","floor":13}],"player_experience":556269,"relics_obtained":[{"floor":6,"key":"Frozen Egg 2"},{"floor":8,"key":"Ninja Scroll"},{"floor":9,"key":"Bottled Lightning"},{"floor":13,"key":"Ice Cream"}],"event_choices":[{"event_name":"Mushrooms","player_choice":"Healed and dodged fight","floor":11,"damage_taken":0},{"event_name":"World of Goop","player_choice":"Left","floor":14,"damage_taken":0}],"is_beta":false,"boss_relics":[],"items_purged_floors":[],"is_endless":false,"potions_floor_spawned":[1,4,10,13],"killed_by":"Slime Boss","ascension_level":18}