{"gold_per_floor":[115,115,131,131,146,177,50,50,98,126,126,136,147,175,175,252,252,269,269,269,289,301,301,326,326,349,365,335,335,360,370,370,441,441,441],"floor_reached":35,"playtime":1238,"items_purged":["Strike_B"],"score":791,"play_id":"2ecd2854-9a80-489e-8825-75f03dd717e8","local_time":"20180823175111","is_ascension_mode":true,"campfire_choices":[{"floor":8,"key":"REST"},{"data":"Sunder","floor":11,"key":"SMITH"},{"floor":15,"key":"REST"},{"data":"Biased Cognition","floor":25,"key":"SMITH"},{"floor":29,"key":"REST"},{"data":"Loop","floor":32,"key":"SMITH"}],"neow_cost":"","seed_source_timestamp":13786943339440,"circlet_count":0,"master_deck":["Strike_B","Strike_B","Strike_B","Defend_B","Defend_B","Defend_B","Zap","Dualcast","AscendersBane","Auto Shields+1","Go for the Eyes","Sunder+1","Doom and Gloom","Steam","Sweeping Beam","Ball Lightning","Loop+1","Biased Cognition+1","Ball Lightning","Ball Lightning","Go for the Eyes","BootSequence","Conserve Battery","Defragment","Writhe","Conserve Battery","Auto Shields","Hologram","Core Surge"],"relics":["Cracked Core","Boot","Centennial Puzzle","Cables","Orrery","Nloth\u0027s Gift","Smiling Mask","Juzu Bracelet","Strawberry","Nunchaku","Eternal Feather"],"potions_floor_usage":[6,16,24,24,30,33],"damage_taken":[{"damage":4,"enemies":"2 Louse","floor":1,"turns":3},{"damage":0,"enemies":"Small Slimes","floor":3,"turns":3},{"damage":12,"enemies":"Jaw Worm","floor":5,"turns":3},{"damage":13,"enemies":"Gremlin Nob","floor":6,"turns":4},{"damage":15,"enemies":"Lagavulin","floor":10,"turns":6},{"damage":6,"enemies":"3 Louse","floor":12,"turns":2},{"damage":0,"enemies":"Large Slime","floor":13,"turns":3},{"damage":10,"enemies":"Gremlin Nob","floor":14,"turns":3},{"damage":28,"enemies":"Hexaghost","floor":16,"turns":9},{"damage":0,"enemies":"Chosen","floor":18,"turns":4},{"damage":0,"enemies":"Spheric Guardian","floor":21,"turns":3},{"damage":9,"enemies":"Snake Plant","floor":22,"turns":3},{"damage":21,"enemies":"Book of Stabbing","floor":24,"turns":4},{"damage":11,"enemies":"3 Cultists","floor":27,"turns":4},{"damage":0,"enemies":"Gremlin Leader","floor":30,"turns":6},{"damage":19,"enemies":"Snecko","floor":31,"turns":6},{"damage":37,"enemies":"Champ","floor":33,"turns":12},{"damage":72,"enemies":"Flame Bruiser 1 Orb","floor":35,"turns":5}],"seed_played":"7662202606405047455","potions_obtained":[{"floor":5,"key":"AttackPotion"},{"floor":12,"key":"Explosive Potion"},{"floor":13,"key":"Energy Potion"},{"floor":14,"key":"Block Potion"},{"floor":18,"key":"GamblersBrew"},{"floor":28,"key":"EssenceOfSteel"},{"floor":28,"key":"Energy Potion"},{"floor":33,"key":"EssenceOfSteel"}],"is_trial":false,"path_per_floor":["M","?","M","?","M","E","$","R","T","E","R","M","M","E","R","B",null,"M","?","?","M","M","?","E","R","T","M","?","R","E","M","R","B",null],"character_chosen":"DEFECT","items_purchased":["Steam"],"campfire_rested":3,"item_purchase_floors":[7],"current_hp_per_floor":[60,53,53,53,41,28,28,49,49,34,34,28,28,18,39,11,56,56,56,71,71,62,62,41,41,48,37,37,60,60,41,41,4,60,0],"gold":441,"neow_bonus":"","is_prod":false,"is_daily":false,"chose_seed":false,"campfire_upgraded":3,"win_rate":0,"timestamp":1535061071,"path_taken":["M","?","M","?","?","E","?","R","T","E","R","M","M","E","R","BOSS","M","?","?","M","M","?","E","R","T","M","?","R","E","M","R","BOSS","M"],"build_version":"2018-08-16","purchased_purges":1,"victory":false,"max_hp_per_floor":[71,71,71,71,71,71,71,71,71,71,71,71,71,71,71,71,71,71,71,71,71,71,71,71,71,78,78,78,78,78,78,78,78,78,78],"card_choices":[{"not_picked":["Conserve Battery","Gash"],"picked":"Auto Shields","floor":1},{"not_picked":["Aggregate","Redo"],"picked":"Go for the Eyes","floor":3},{"not_picked":["Gash","Conserve Battery"],"picked":"Sunder","floor":5},{"not_picked":["Steam Power","Double Energy"],"picked":"Doom and Gloom","floor":6},{"not_picked":["Barrage","Rebound"],"picked":"Sweeping Beam","floor":10},{"not_picked":["Sweeping Beam","Compile Driver"],"picked":"Ball Lightning","floor":12},{"not_picked":["Rebound","Turbo","Self Repair"],"picked":"SKIP","floor":13},{"not_picked":["Doom and Gloom","Go for the Eyes"],"picked":"Loop","floor":14},{"not_picked":["Multi-Cast","Thunder Strike"],"picked":"Biased Cognition","floor":16},{"not_picked":["Steam","Leap"],"picked":"Ball Lightning","floor":17},{"not_picked":["Streamline","Hello World"],"picked":"Ball Lightning","floor":17},{"not_picked":["Rip and Tear","Redo"],"picked":"Go for the Eyes","floor":17},{"not_picked":["Barrage","Blizzard"],"picked":"BootSequence","floor":17},{"not_picked":["Hello World","Rebound"],"picked":"Conserve Battery","floor":18},{"not_picked":["Capacitor","Tempest"],"picked":"Defragment","floor":21},{"not_picked":["Undo","Sunder","Steam"],"picked":"SKIP","floor":22},{"not_picked":["Beam Cell","Barrage","Ball Lightning"],"picked":"SKIP","floor":24},{"not_picked":["Storm","Ball Lightning"],"picked":"Conserve Battery","floor":27},{"not_picked":["Hyperbeam","Beam Cell+1"],"picked":"Auto Shields","floor":30},{"not_picked":["Cold Snap","Steam"],"picked":"Hologram","floor":31},{"not_picked":["Biased Cognition","Electrodynamics"],"picked":"Core Surge","floor":33}],"player_experience":478713,"relics_obtained":[{"floor":6,"key":"Boot"},{"floor":9,"key":"Centennial Puzzle"},{"floor":10,"key":"Cables"},{"floor":14,"key":"Sundial"},{"floor":24,"key":"Juzu Bracelet"},{"floor":26,"key":"Strawberry"},{"floor":30,"key":"Nunchaku"}],"event_choices":[{"event_name":"Golden Wing","player_choice":"Card Removal","floor":2,"damage_taken":0},{"event_name":"Upgrade Shrine","player_choice":"Upgraded","floor":4,"damage_taken":0},{"event_name":"N\u0027loth","player_choice":"Traded a Sundial","floor":19,"damage_taken":0},{"event_name":"The Library","player_choice":"Heal","floor":20,"damage_taken":0},{"event_name":"The Mausoleum","player_choice":"Yes","floor":23,"damage_taken":0},{"event_name":"The Woman in Blue","player_choice":"Bought 2 Potions","floor":28,"damage_taken":0}],"is_beta":false,"boss_relics":[{"not_picked":["Runic Dome","FrozenCore"],"picked":"Orrery"},{"not_picked":["Astrolabe","Fusion Hammer"],"picked":"Eternal Feather"}],"items_purged_floors":[7],"is_endless":false,"potions_floor_spawned":[5,12,13,14,18,22,33],"killed_by":"Flame Bruiser 1 Orb","ascension_level":14}