{"gold_per_floor":[112,82,97,97,97,123,123,141,168,196,196,213,0,14,14,92,92,112,135,60,73,89,89,99,99],"floor_reached":25,"playtime":988,"items_purged":[],"score":513,"play_id":"9eff09d5-2044-4148-85de-a60b2cf63776","local_time":"20190221014807","is_ascension_mode":true,"campfire_choices":[{"data":"True Grit","floor":7.0,"key":"SMITH"},{"data":"Hemokinesis","floor":11.0,"key":"SMITH"},{"data":"Bash","floor":15.0,"key":"SMITH"},{"floor":23.0,"key":"REST"}],"neow_cost":"NONE","seed_source_timestamp":0,"circlet_count":0,"master_deck":["AscendersBane","Strike_R","Defend_R","Defend_R","Defend_R","Defend_R+1","Bash+1","Body Slam","Impervious","True Grit+1","Warcry+1","Hemokinesis+1","Metallicize","Shrug It Off","Barricade","Entrench+1","Havoc","Armaments"],"special_seed":0,"relics":["Burning Blood","NeowsBlessing","Bottled Flame","Pantograph","War Paint","Potion Belt","Lee\u0027s Waffle","Empty Cage","Omamori"],"potions_floor_usage":[25],"damage_taken":[{"damage":0.0,"enemies":"Cultist","floor":1.0,"turns":1.0},{"damage":0.0,"enemies":"Jaw Worm","floor":3.0,"turns":1.0},{"damage":0.0,"enemies":"Gremlin Nob","floor":6.0,"turns":1.0},{"damage":6.0,"enemies":"2 Louse","floor":8.0,"turns":4.0},{"damage":39.0,"enemies":"Lagavulin","floor":10.0,"turns":9.0},{"damage":5.0,"enemies":"Looter","floor":12.0,"turns":4.0},{"damage":6.0,"enemies":"Blue Slaver","floor":14.0,"turns":3.0},{"damage":33.0,"enemies":"The Guardian","floor":16.0,"turns":12.0},{"damage":35.0,"enemies":"Chosen","floor":18.0,"turns":9.0},{"damage":11.0,"enemies":"Spheric Guardian","floor":21.0,"turns":8.0},{"damage":28.0,"enemies":"Snake Plant","floor":22.0,"turns":5.0},{"damage":16.0,"enemies":"Centurion and Healer","floor":24.0,"turns":7.0},{"damage":33,"enemies":"Shelled Parasite and Fungi","floor":25,"turns":12}],"seed_played":"-3997420925554869002","potions_obtained":[{"floor":2.0,"key":"Energy Potion"},{"floor":2.0,"key":"Weak Potion"},{"floor":8.0,"key":"Poison Potion"},{"floor":10.0,"key":"FearPotion"},{"floor":12.0,"key":"Weak Potion"}],"is_trial":false,"path_per_floor":["M","?","M","?","T","E","R","M","T","E","R","M","$","M","R","B",null,"M","T","?","M","M","R","M","M"],"character_chosen":"IRONCLAD","items_purchased":["Lee\u0027s Waffle"],"campfire_rested":1,"item_purchase_floors":[13],"current_hp_per_floor":[74,74,75,68,68,74,74,74,74,41,41,42,82,82,82,55,75,46,46,46,41,19,43,33,0],"gold":99,"neow_bonus":"THREE_ENEMY_KILL","is_prod":false,"is_daily":false,"chose_seed":false,"campfire_upgraded":3,"win_rate":0,"timestamp":1550731687,"path_taken":["M","?","?","?","?","E","R","M","T","E","R","?","?","M","R","BOSS","M","?","?","M","M","R","M","M"],"build_version":"2019-01-23","purchased_purges":0,"victory":false,"max_hp_per_floor":[75,75,75,75,75,75,75,75,75,75,75,75,82,82,82,82,82,82,82,82,82,82,82,82,82],"card_choices":[{"not_picked":["Thunderclap","Perfected Strike"],"picked":"Body Slam","floor":1.0},{"not_picked":["Iron Wave","Rage"],"picked":"Impervious","floor":3.0},{"not_picked":["Cleave","Infernal Blade"],"picked":"True Grit","floor":6.0},{"not_picked":["Heavy Blade","Dropkick"],"picked":"Warcry","floor":8.0},{"not_picked":["Power Through","Flex"],"picked":"Hemokinesis","floor":10.0},{"not_picked":["Perfected Strike","Clothesline"],"picked":"Metallicize","floor":12.0},{"not_picked":["Flex","Searing Blow"],"picked":"Shrug It Off","floor":14.0},{"not_picked":["Fiend Fire","Berserk"],"picked":"Barricade","floor":16.0},{"not_picked":["Bloodletting","Cleave"],"picked":"Entrench+1","floor":18.0},{"not_picked":["Dropkick","Sword Boomerang","Twin Strike"],"picked":"SKIP","floor":21.0},{"not_picked":["Combust","Pommel Strike"],"picked":"Havoc","floor":22.0},{"not_picked":["Pommel Strike","Searing Blow+1"],"picked":"Armaments","floor":24.0}],"player_experience":316454,"relics_obtained":[{"floor":5.0,"key":"Bottled Flame"},{"floor":6.0,"key":"Pantograph"},{"floor":9.0,"key":"War Paint"},{"floor":10.0,"key":"Potion Belt"},{"floor":19.0,"key":"Omamori"}],"event_choices":[{"damage_healed":0.0,"max_hp_gain":0.0,"max_hp_loss":0.0,"gold_gain":0.0,"event_name":"The Woman in Blue","player_choice":"Bought 2 Potions","floor":2.0,"gold_loss":0.0,"damage_taken":0.0},{"cards_removed":["Strike_R"],"damage_healed":0.0,"max_hp_gain":0.0,"max_hp_loss":0.0,"gold_gain":0.0,"event_name":"Golden Wing","player_choice":"Card Removal","floor":4.0,"gold_loss":0.0,"damage_taken":7.0},{"cards_removed":["Strike_R"],"damage_healed":0.0,"max_hp_gain":0.0,"max_hp_loss":0.0,"gold_gain":0.0,"event_name":"Beggar","player_choice":"Gave Gold","floor":20.0,"gold_loss":75.0,"damage_taken":0.0}],"is_beta":false,"boss_relics":[{"not_picked":["Calling Bell","Black Star"],"picked":"Empty Cage"}],"items_purged_floors":[],"is_endless":false,"potions_floor_spawned":[8,10,12],"killed_by":"Shelled Parasite and Fungi","ascension_level":19}