{"path_per_floor":["M","?","?","$","?","E","R","E","T","M","R","T","R","E","R","B",null,"M","M"],"character_chosen":"IRONCLAD","items_purchased":[],"gold_per_floor":[18,93,93,18,18,43,43,74,74,86,86,386,386,419,419,516,516,535,552],"floor_reached":20,"campfire_rested":2,"playtime":565,"current_hp_per_floor":[87,76,69,69,69,29,57,43,43,49,49,49,49,27,55,15,76,55,34],"items_purged":["Strike_R"],"gold":552,"score":298,"play_id":"c8cb82db-4a19-42cf-a393-449111a7a1ce","local_time":"20180311220250","is_prod":false,"is_daily":false,"is_ascension_mode":true,"campfire_upgraded":2,"timestamp":1520827370,"path_taken":["M","?","?","?","?","E","R","E","T","?","R","?","R","E","R","BOSS","M","M","M"],"build_version":"2018-03-09","purchased_purges":1,"victory":false,"master_deck":["Strike_R","Strike_R","Strike_R","Defend_R","Defend_R","Defend_R","Defend_R","Bash+1","Rampage+1","Carnage","Seeing Red","Dropkick","Berserk"],"max_hp_per_floor":[96,96,96,96,96,96,96,96,96,96,96,96,96,96,96,96,96,96,96],"relics":["Burning Blood","Art of War","Ginger","Oddly Smooth Stone","Old Coin","Lantern","Black Star"],"card_choices":[{"not_picked":["Cleave","Rage"],"picked":"Rampage"},{"not_picked":["Fiend Fire","Heavy Blade"],"picked":"Carnage"},{"not_picked":["Infernal Blade","Combust"],"picked":"Seeing Red"},{"not_picked":["Uppercut","Rampage"],"picked":"Dropkick"},{"not_picked":["Juggernaut","Limit Break"],"picked":"Berserk"}],"player_experience":191634,"potions_floor_usage":[8,14,18],"damage_taken":[{"damage":7,"enemies":"Jaw Worm","floor":1,"turns":3},{"damage":46,"enemies":"Lagavulin","floor":6,"turns":6},{"damage":20,"enemies":"Gremlin Nob","floor":8,"turns":4},{"damage":0,"enemies":"Small Slimes","floor":10,"turns":3},{"damage":28,"enemies":"Lagavulin","floor":14,"turns":4},{"damage":46,"enemies":"The Guardian","floor":16,"turns":8},{"damage":42,"enemies":"3 Byrds","floor":18,"turns":7},{"damage":27,"enemies":"Spheric Guardian","floor":19,"turns":4},{"damage":43,"enemies":"Snecko","floor":20,"turns":5}],"event_choices":[{"event_name":"World of Goop","player_choice":"Gather Gold","floor":2,"damage_taken":0},{"event_name":"Golden Wing","player_choice":"Card Removal","floor":3,"damage_taken":0},{"event_name":"Liars Game","player_choice":"disagreed","floor":5,"damage_taken":0}],"boss_relics":[{"not_picked":["Runic Pyramid","Philosopher\u0027s Stone"],"picked":"Black Star"}],"potions_floor_spawned":[6,10,14,16],"seed_played":"-4970488966069023760","killed_by":"Snecko","ascension_level":9,"is_trial":false}