{"gold_per_floor":[118,118,136,116,44,44,44,60,85,0,12,12,47,63,63,158,158,177,159,10,10,26,26,56,56,103,122,122,148,148,158,158,259,259,276,290,290,290,21,21],"floor_reached":40,"playtime":2710,"items_purged":["Doubt"],"score":538,"play_id":"970591ce-4423-4bcd-8313-efe84e451ff6","local_time":"20190205022509","is_ascension_mode":true,"campfire_choices":[{"data":"Footwork","floor":6,"key":"SMITH"},{"data":"Flechettes","floor":12,"key":"SMITH"},{"data":"Noxious Fumes","floor":15,"key":"SMITH"},{"floor":23,"key":"REST"},{"floor":25,"key":"REST"},{"floor":28,"key":"REST"},{"floor":30,"key":"REST"},{"data":"Adrenaline","floor":32,"key":"SMITH"}],"neow_cost":"NONE","seed_source_timestamp":48176007214638,"circlet_count":0,"master_deck":["Defend_G","Defend_G","Defend_G","Defend_G","Defend_G","Strike_G","Strike_G","Strike_G","Strike_G","Strike_G","Survivor","Neutralize+1","PiercingWail","Acrobatics","Footwork+1","Noxious Fumes+1","Flechettes+1","Cloak And Dagger","Dash","Blur","Night Terror","Doubt","Doubt","Prepared","Acrobatics","PiercingWail+1","Backflip","Adrenaline+1","PiercingWail+1","Bouncing Flask","PiercingWail+1","Predator","After Image","Tactician+1","Concentrate+1","Madness","Madness","Adrenaline+1"],"relics":["Ring of the Snake","Oddly Smooth Stone","Anchor","Boot","Calling Bell","Potion Belt","Darkstone Periapt","Tough Bandages","Dream Catcher","StoneCalendar","Centennial Puzzle","Girya","Sozu","TwistedFunnel"],"potions_floor_usage":[22,24,24,29,33],"damage_taken":[{"damage":0,"enemies":"2 Louse","floor":1,"turns":2},{"damage":1,"enemies":"Cultist","floor":3,"turns":6},{"damage":1,"enemies":"Small Slimes","floor":8,"turns":5},{"damage":1,"enemies":"Exordium Thugs","floor":11,"turns":6},{"damage":13,"enemies":"Lagavulin","floor":13,"turns":8},{"damage":0,"enemies":"Exordium Wildlife","floor":14,"turns":5},{"damage":3,"enemies":"The Guardian","floor":16,"turns":14},{"damage":21,"enemies":"Chosen","floor":18,"turns":9},{"damage":0,"enemies":"2 Thieves","floor":19,"turns":4},{"damage":35,"enemies":"Shelled Parasite and Fungi","floor":22,"turns":11},{"damage":23,"enemies":"Slavers","floor":24,"turns":9},{"damage":0,"enemies":"Snecko","floor":27,"turns":7},{"damage":13,"enemies":"Gremlin Leader","floor":29,"turns":8},{"damage":3,"enemies":"Centurion and Healer","floor":31,"turns":7},{"damage":20,"enemies":"Collector","floor":33,"turns":10},{"damage":0,"enemies":"3 Shapes","floor":35,"turns":7},{"damage":4,"enemies":"Orb Walker","floor":36,"turns":6},{"damage":97,"enemies":"Giant Head","floor":40,"turns":11}],"seed_played":"1996348127768184840","potions_obtained":[{"floor":3,"key":"Block Potion"},{"floor":4,"key":"FairyPotion"},{"floor":11,"key":"Strength Potion"},{"floor":22,"key":"GhostInAJar"},{"floor":27,"key":"Regen Potion"},{"floor":29,"key":"SteroidPotion"},{"floor":31,"key":"Fire Potion"}],"is_trial":false,"path_per_floor":["M","?","M","?","$","R","$","M","T","$","M","R","E","M","R","B",null,"M","M","$","?","M","R","E","R","T","M","R","E","R","M","R","B",null,"M","M","?","?","$","E"],"character_chosen":"THE_SILENT","items_purchased":["Footwork","Flechettes","Cloak And Dagger","Dream Catcher","TwistedFunnel"],"campfire_rested":4,"item_purchase_floors":[5,10,10,20,39],"current_hp_per_floor":[70,70,69,69,69,69,69,68,68,68,67,67,54,54,54,51,70,49,49,49,49,14,35,12,33,33,33,54,56,70,67,67,47,70,70,66,57,57,57,0],"gold":21,"neow_bonus":"RANDOM_COMMON_RELIC","is_prod":false,"is_daily":false,"chose_seed":false,"campfire_upgraded":4,"win_rate":0,"timestamp":1549308309,"path_taken":["M","?","?","?","?","R","$","M","T","?","M","R","E","M","R","BOSS","M","M","$","?","M","R","E","R","T","M","R","E","R","M","R","BOSS","M","M","?","?","$","E"],"build_version":"2019-01-23","purchased_purges":1,"victory":false,"max_hp_per_floor":[70,70,70,70,70,70,70,70,70,70,70,70,70,70,70,70,70,70,70,70,70,70,70,70,70,70,70,70,70,70,70,70,70,70,70,70,70,70,70,70],"card_choices":[{"not_picked":["Backstab","Crippling Poison"],"picked":"PiercingWail","floor":1},{"not_picked":["Slice","Poisoned Stab"],"picked":"Acrobatics","floor":3},{"not_picked":["Flying Knee","Infinite Blades"],"picked":"Noxious Fumes","floor":8},{"not_picked":["PiercingWail","Crippling Poison"],"picked":"Dash","floor":11},{"not_picked":["Flying Knee","Bane"],"picked":"Blur","floor":13},{"not_picked":["Quick Slash","Eviscerate","Dagger Spray"],"picked":"SKIP","floor":14},{"not_picked":["Storm of Steel","Bullet Time"],"picked":"Night Terror","floor":16},{"not_picked":["Underhanded Strike","Reflex+1"],"picked":"Prepared","floor":18},{"not_picked":["Noxious Fumes","Backstab"],"picked":"Acrobatics","floor":19},{"not_picked":["Skewer","Outmaneuver+1","Slice+1"],"picked":"SKIP","floor":22},{"not_picked":["Night Terror","Riddle With Holes"],"picked":"PiercingWail+1","floor":23},{"not_picked":["Outmaneuver+1","Caltrops"],"picked":"Backflip","floor":24},{"not_picked":["Deadly Poison","PiercingWail"],"picked":"Adrenaline","floor":25},{"not_picked":["Cloak And Dagger+1","Backflip+1"],"picked":"PiercingWail+1","floor":27},{"not_picked":["Concentrate+1","Outmaneuver"],"picked":"Bouncing Flask","floor":28},{"not_picked":["Eviscerate+1","Dagger Spray","Terror"],"picked":"SKIP","floor":29},{"not_picked":["Accuracy+1","Bane+1"],"picked":"PiercingWail+1","floor":30},{"not_picked":["Poisoned Stab+1","Flechettes"],"picked":"Predator","floor":31},{"not_picked":["Night Terror","Envenom"],"picked":"After Image","floor":33},{"not_picked":["Escape Plan","Sucker Punch+1"],"picked":"Tactician+1","floor":35},{"not_picked":["Backflip+1","Blur"],"picked":"Concentrate+1","floor":36}],"player_experience":320800,"relics_obtained":[{"floor":9,"key":"Anchor"},{"floor":13,"key":"Boot"},{"floor":17,"key":"Potion Belt"},{"floor":17,"key":"Darkstone Periapt"},{"floor":17,"key":"Tough Bandages"},{"floor":24,"key":"StoneCalendar"},{"floor":26,"key":"Centennial Puzzle"},{"floor":29,"key":"Girya"}],"event_choices":[{"damage_healed":0,"gold_gain":0,"player_choice":"Upgraded","damage_taken":0,"max_hp_gain":0,"max_hp_loss":0,"event_name":"Upgrade Shrine","floor":2,"gold_loss":0,"cards_upgraded":["Neutralize"]},{"damage_healed":0,"gold_gain":0,"player_choice":"Bought 1 Potion","damage_taken":0,"max_hp_gain":0,"max_hp_loss":0,"event_name":"The Woman in Blue","floor":4,"gold_loss":0},{"damage_healed":0,"gold_gain":0,"player_choice":"Ignored","damage_taken":0,"max_hp_gain":0,"max_hp_loss":0,"event_name":"Vampires","floor":21,"gold_loss":0},{"damage_healed":0,"gold_gain":0,"player_choice":"Embrace Madness","damage_taken":9,"max_hp_gain":0,"max_hp_loss":0,"event_name":"Winding Halls","floor":37,"gold_loss":0,"cards_obtained":["Madness","Madness"]},{"damage_healed":0,"gold_gain":0,"player_choice":"Copied","damage_taken":0,"max_hp_gain":0,"max_hp_loss":0,"event_name":"Duplicator","floor":38,"gold_loss":0,"cards_obtained":["Adrenaline"]}],"is_beta":false,"boss_relics":[{"not_picked":["Fusion Hammer","Empty Cage"],"picked":"Calling Bell"},{"not_picked":["Velvet Choker","Astrolabe"],"picked":"Sozu"}],"items_purged_floors":[39],"is_endless":false,"potions_floor_spawned":[3,11,22,27,29,31,36],"killed_by":"Giant Head","ascension_level":3}