{"path_per_floor":["M","?","?","M","$","E","R","E","T","T","E","M","E","M","R","B",null,"M","M","?","?","M","R","M","E","T","$","?","R","M"],"character_chosen":"IRONCLAD","items_purchased":["Cleave","Apotheosis"],"gold_per_floor":[117,117,42,52,2,35,35,62,62,112,137,152,183,202,202,275,275,292,303,303,218,228,228,242,275,302,19,19,19,35,35],"floor_reached":31,"campfire_rested":2,"playtime":802,"current_hp_per_floor":[74,74,74,75,75,75,75,40,40,40,28,34,24,28,50,27,63,45,22,22,22,16,16,13,16,16,16,8,35,11,0],"items_purged":["Strike_R"],"gold":35,"score":564,"play_id":"32a17530-193a-4c68-bb40-9633595281e7","local_time":"20180503184709","is_prod":false,"is_daily":false,"chose_seed":false,"is_ascension_mode":true,"campfire_upgraded":2,"timestamp":1525391229,"path_taken":["M","?","?","?","$","E","R","E","T","?","E","M","E","M","R","BOSS","M","M","?","?","M","R","M","E","T","$","?","R","M","E"],"build_version":"2018-04-28v2","seed_source_timestamp":2703798058678772,"purchased_purges":1,"victory":false,"master_deck":["Strike_R","Strike_R","Strike_R","Defend_R","Defend_R","Defend_R","Defend_R","Bash","AscendersBane","Wild Strike","Thunderclap","Inflame","Cleave","Uppercut+1","Second Wind","Pommel Strike","Limit Break+1","Flame Barrier","Demon Form+1","Pummel+1","Ghostly","Ghostly","Ghostly","Ghostly","Ghostly","Metallicize+1","Pummel","Fiend Fire","Pummel","Apotheosis"],"max_hp_per_floor":[75,75,75,75,75,75,75,75,75,75,75,75,75,75,75,75,75,75,75,37,37,37,37,37,37,37,37,42,42,42,42],"relics":["Burning Blood","NeowsBlessing","Frozen Egg 2","Paper Frog","Bottled Lightning","Ancient Tea Set","Omamori","Prayer Wheel","Mark of Pain","Darkstone Periapt","Regal Pillow","Oddly Smooth Stone"],"card_choices":[{"not_picked":["Armaments","Sword Boomerang"],"picked":"Wild Strike","floor":1},{"not_picked":["True Grit","Sword Boomerang"],"picked":"Inflame","floor":4},{"not_picked":["Clash","Sentinel"],"picked":"Uppercut","floor":6},{"not_picked":["Headbutt","Twin Strike"],"picked":"Second Wind","floor":8},{"not_picked":["Thunderclap","Body Slam"],"picked":"Pommel Strike","floor":11},{"not_picked":["Cleave","Sword Boomerang"],"picked":"Limit Break","floor":12},{"not_picked":["Clash","Sword Boomerang"],"picked":"Flame Barrier","floor":13},{"not_picked":["Limit Break","Juggernaut"],"picked":"Demon Form","floor":16},{"not_picked":["Shrug It Off","Pommel Strike"],"picked":"Pummel","floor":19},{"not_picked":["Flex","Uppercut"],"picked":"Metallicize","floor":22},{"not_picked":["Double Tap","Blood for Blood"],"picked":"Pummel","floor":24},{"not_picked":["Clash","Pommel Strike"],"picked":"Fiend Fire","floor":25},{"not_picked":["Twin Strike","Anger"],"picked":"Pummel","floor":26}],"player_experience":309933,"potions_floor_usage":[11,11,16,19,25,30,31],"damage_taken":[{"damage":0,"enemies":"2 Louse","floor":1,"turns":1},{"damage":0,"enemies":"Cultist","floor":4,"turns":1},{"damage":0,"enemies":"3 Sentries","floor":6,"turns":1},{"damage":41,"enemies":"Lagavulin","floor":8,"turns":6},{"damage":18,"enemies":"3 Sentries","floor":11,"turns":5},{"damage":0,"enemies":"Small Slimes","floor":12,"turns":2},{"damage":16,"enemies":"Gremlin Nob","floor":13,"turns":3},{"damage":2,"enemies":"3 Louse","floor":14,"turns":3},{"damage":29,"enemies":"Slime Boss","floor":16,"turns":9},{"damage":24,"enemies":"Spheric Guardian","floor":18,"turns":4},{"damage":29,"enemies":"2 Thieves","floor":19,"turns":4},{"damage":12,"enemies":"Snecko","floor":22,"turns":7},{"damage":9,"enemies":"Centurion and Healer","floor":24,"turns":8},{"damage":3,"enemies":"Book of Stabbing","floor":25,"turns":5},{"damage":30,"enemies":"Snake Plant","floor":30,"turns":5},{"damage":17,"enemies":"Slavers","floor":31,"turns":1}],"event_choices":[{"event_name":"Match and Keep!","player_choice":"1 cards matched","floor":2,"damage_taken":0},{"event_name":"The Cleric","player_choice":"Card Removal","floor":3,"damage_taken":0},{"event_name":"Ghosts","player_choice":"Became a Ghost","floor":20,"damage_taken":0},{"event_name":"Addict","player_choice":"Obtained Relic","floor":21,"damage_taken":0},{"event_name":"Forgotten Altar","player_choice":"Shed Blood","floor":28,"damage_taken":0}],"boss_relics":[{"not_picked":["Lizard Tail","Eternal Feather"],"picked":"Mark of Pain"}],"potions_floor_spawned":[6,8,12,16,18,19,22],"seed_played":"-2391526489663783474","killed_by":"Slavers","ascension_level":15,"is_trial":false}