{"gold_per_floor":[111,129,139,153,118,118,118,118,118,145,145,145,155,155,155,155],"floor_reached":16,"playtime":839,"items_purged":[],"score":115,"play_id":"ac9696d8-8396-4387-880b-63be66f53663","local_time":"20181126194529","is_ascension_mode":true,"campfire_choices":[{"data":"Zap","floor":6,"key":"SMITH"},{"data":"Loop","floor":8,"key":"SMITH"},{"data":"Dualcast","floor":11,"key":"SMITH"},{"floor":15,"key":"REST"}],"neow_cost":"TEN_PERCENT_HP_LOSS","seed_source_timestamp":261604957681779,"circlet_count":0,"master_deck":["Strike_B","Strike_B","Strike_B","Defend_B","Defend_B","Defend_B","Defend_B","Zap+1","Dualcast+1","Loop+1","Leap"],"relics":["Cracked Core","Peace Pipe","Boot","Matryoshka","Anchor"],"potions_floor_usage":[10,10,13],"damage_taken":[{"damage":7,"enemies":"Jaw Worm","floor":1,"turns":3},{"damage":0,"enemies":"Small Slimes","floor":2,"turns":3},{"damage":1,"enemies":"Cultist","floor":3,"turns":3},{"damage":7,"enemies":"Blue Slaver","floor":4,"turns":4},{"damage":16,"enemies":"Lagavulin","floor":10,"turns":6},{"damage":22,"enemies":"Large Slime","floor":13,"turns":5},{"damage":34,"enemies":"Slime Boss","floor":16,"turns":5}],"seed_played":"3050788399139061919","potions_obtained":[{"floor":1,"key":"Energy Potion"},{"floor":2,"key":"Dexterity Potion"},{"floor":10,"key":"Regen Potion"}],"is_trial":false,"path_per_floor":["M","M","M","M","?","R","?","R","T","E","R","?","M","?","R","B"],"character_chosen":"DEFECT","items_purchased":[],"campfire_rested":1,"item_purchase_floors":[],"current_hp_per_floor":[61,61,60,53,68,68,68,68,68,52,52,52,42,9,29,0],"gold":155,"neow_bonus":"ONE_RARE_RELIC","is_prod":false,"is_daily":false,"chose_seed":false,"campfire_upgraded":3,"win_rate":0,"timestamp":1543229129,"path_taken":["M","M","M","M","?","R","?","R","T","E","R","?","?","?","R","BOSS"],"build_version":"2018-11-15","purchased_purges":0,"victory":false,"max_hp_per_floor":[68,68,68,68,68,68,68,68,68,68,68,68,68,68,68,68],"card_choices":[{"not_picked":["Undo","Genetic Algorithm"],"picked":"Loop","floor":1},{"not_picked":["Recycle","Rebound"],"picked":"Leap","floor":2},{"not_picked":["Barrage","Beam Cell","Redo"],"picked":"SKIP","floor":3},{"not_picked":["Sweeping Beam","Reprogram","Hello World"],"picked":"SKIP","floor":4},{"not_picked":["Reprogram","Static Discharge","Thunder Strike"],"picked":"SKIP","floor":10},{"not_picked":["Sweeping Beam","Turbo","Barrage"],"picked":"SKIP","floor":13}],"player_experience":112382,"relics_obtained":[{"floor":9,"key":"Boot"},{"floor":10,"key":"Matryoshka"}],"event_choices":[{"damage_healed":17,"gold_gain":0,"player_choice":"Healed","damage_taken":0,"max_hp_gain":0,"max_hp_loss":0,"event_name":"The Cleric","floor":5,"gold_loss":35},{"damage_healed":0,"gold_gain":0,"player_choice":"Ignored","damage_taken":0,"max_hp_gain":0,"max_hp_loss":0,"event_name":"Liars Game","floor":7,"gold_loss":0},{"cards_removed":["Strike_B"],"damage_healed":0,"gold_gain":0,"player_choice":"Offered Basic","damage_taken":0,"max_hp_gain":0,"max_hp_loss":0,"event_name":"Bonfire Elementals","floor":12,"gold_loss":0},{"damage_healed":0,"gold_gain":0,"player_choice":"Success","damage_taken":33,"relics_obtained":["Anchor"],"max_hp_gain":0,"max_hp_loss":0,"event_name":"Scrap Ooze","floor":14,"gold_loss":0}],"is_beta":false,"boss_relics":[],"items_purged_floors":[],"is_endless":false,"potions_floor_spawned":[1,2,10],"killed_by":"Slime Boss","ascension_level":3}