{"gold_per_floor":[112,130,110,285,302,302,333,351,351,370,370],"floor_reached":11,"playtime":308,"items_purged":[],"score":116,"play_id":"e788a068-e951-485f-a412-604bf5902ec0","local_time":"20180818181102","is_ascension_mode":true,"campfire_choices":[{"data":"Rainbow","floor":6,"key":"SMITH"}],"neow_cost":"NONE","seed_source_timestamp":519519656484746,"circlet_count":0,"master_deck":["Strike_B","Strike_B","Strike_B","Strike_B","Defend_B","Defend_B","Defend_B","Defend_B","Zap","Dualcast","AscendersBane","Rainbow+1","Ball Lightning","White Noise","Doubt","Conserve Battery","Compile Driver","Capacitor","Streamline"],"relics":["Cracked Core","Bag of Marbles","Blue Candle"],"potions_floor_usage":[7],"damage_taken":[{"damage":8,"enemies":"Small Slimes","floor":1,"turns":4},{"damage":0,"enemies":"Cultist","floor":2,"turns":2},{"damage":2,"enemies":"Jaw Worm","floor":5,"turns":4},{"damage":28,"enemies":"Gremlin Nob","floor":7,"turns":4},{"damage":11,"enemies":"Large Slime","floor":8,"turns":5},{"damage":9,"enemies":"Looter","floor":10,"turns":4},{"damage":18,"enemies":"Exordium Wildlife","floor":11,"turns":2}],"seed_played":"6977471971580213573","potions_obtained":[{"floor":1,"key":"EssenceOfSteel"},{"floor":3,"key":"LiquidBronze"}],"is_trial":false,"path_per_floor":["M","M","?","?","M","R","E","M","T","M"],"character_chosen":"DEFECT","items_purchased":[],"campfire_rested":0,"item_purchase_floors":[],"current_hp_per_floor":[60,60,60,60,58,58,30,19,19,10,0],"gold":370,"neow_bonus":"ONE_RANDOM_RARE_CARD","is_prod":false,"is_daily":false,"chose_seed":false,"campfire_upgraded":1,"win_rate":0,"timestamp":1534630262,"path_taken":["M","M","?","?","M","R","E","M","T","M","M"],"build_version":"2018-08-16","purchased_purges":0,"victory":false,"max_hp_per_floor":[75,75,75,75,75,75,75,75,75,75,75],"card_choices":[{"not_picked":["Steam","Beam Cell"],"picked":"Ball Lightning","floor":1},{"not_picked":["Cold Snap","Leap"],"picked":"White Noise","floor":2},{"not_picked":["Steam","Reprogram"],"picked":"Conserve Battery","floor":5},{"not_picked":["Turbo","Glacier"],"picked":"Compile Driver","floor":7},{"not_picked":["Steam","Stack"],"picked":"Capacitor","floor":8},{"not_picked":["Blizzard","Coolheaded"],"picked":"Streamline","floor":10}],"player_experience":455397,"relics_obtained":[{"floor":7,"key":"Bag of Marbles"},{"floor":9,"key":"Blue Candle"}],"event_choices":[{"event_name":"The Woman in Blue","player_choice":"Bought 1 Potion","floor":3,"damage_taken":0},{"event_name":"Liars Game","player_choice":"agreed","floor":4,"damage_taken":0}],"is_beta":false,"boss_relics":[],"items_purged_floors":[],"is_endless":false,"potions_floor_spawned":[1,5],"killed_by":"Exordium Wildlife","ascension_level":11}