{"gold_per_floor":[117,132,148,148,165,198,217,217,217,236,247,247,247,197,197,326,326,344,50,50,73,92,92,110,150,150,150,79,97,121,121],"floor_reached":31,"playtime":1490,"items_purged":[],"score":260,"play_id":"bfe0e3fc-2db4-4ec7-b154-1480c85d47ca","local_time":"20190211183644","is_ascension_mode":false,"campfire_choices":[{"floor":8,"key":"REST"},{"floor":15,"key":"REST"},{"floor":23,"key":"REST"},{"floor":27,"key":"REST"}],"neow_cost":"NONE","seed_source_timestamp":281977474608600,"circlet_count":0,"master_deck":["Strike_B","Strike_B","Strike_B","Strike_B","Defend_B+1","Defend_B","Defend_B","Defend_B","Zap","Dualcast+1","Go for the Eyes","Beam Cell","Defragment","Gash","Gash","Chill","Parasite","Machine Learning","Injury","Injury","Cold Snap","Gash","Defragment"],"relics":["Cracked Core","Boot","Cables","Ancient Tea Set","Golden Idol","Calling Bell","StoneCalendar","War Paint","Singing Bowl","Ice Cream","Spirit Poop","Smiling Mask","Girya"],"potions_floor_usage":[22,25,29,30],"damage_taken":[{"damage":0,"enemies":"Cultist","floor":1,"turns":3},{"damage":0,"enemies":"Jaw Worm","floor":2,"turns":3},{"damage":0,"enemies":"Small Slimes","floor":3,"turns":2},{"damage":0,"enemies":"Looter","floor":5,"turns":2},{"damage":41,"enemies":"Lagavulin","floor":6,"turns":7},{"damage":13,"enemies":"3 Louse","floor":7,"turns":3},{"damage":8,"enemies":"Red Slaver","floor":10,"turns":2},{"damage":0,"enemies":"Exordium Wildlife","floor":11,"turns":3},{"damage":14,"enemies":"Slime Boss","floor":16,"turns":11},{"damage":7,"enemies":"Chosen","floor":18,"turns":4},{"damage":5,"enemies":"3 Byrds","floor":21,"turns":4},{"damage":18,"enemies":"Centurion and Healer","floor":22,"turns":7},{"damage":18,"enemies":"Snake Plant","floor":24,"turns":6},{"damage":46,"enemies":"Gremlin Leader","floor":25,"turns":9},{"damage":9,"enemies":"3 Cultists","floor":29,"turns":7},{"damage":21,"enemies":"Cultist and Chosen","floor":30,"turns":7},{"damage":12,"enemies":"Centurion and Healer","floor":31,"turns":1}],"seed_played":"4995601537955391458","potions_obtained":[{"floor":1,"key":"LiquidBronze"},{"floor":6,"key":"SkillPotion"},{"floor":18,"key":"Fire Potion"},{"floor":24,"key":"EssenceOfSteel"},{"floor":29,"key":"SkillPotion"},{"floor":30,"key":"Fire Potion"}],"is_trial":false,"path_per_floor":["M","M","M","T","M","E","M","R","T","M","M","?","?","?","R","B",null,"M","$","?","M","M","R","M","E","T","R","$","M","M","M"],"character_chosen":"DEFECT","items_purchased":["Ice Cream","Defragment"],"campfire_rested":4,"item_purchase_floors":[19,28],"current_hp_per_floor":[75,75,75,75,75,34,21,43,43,35,35,35,53,53,75,61,75,68,68,68,63,47,70,54,10,10,34,34,27,8,0],"gold":121,"neow_bonus":"RANDOM_COMMON_RELIC","is_prod":false,"is_daily":false,"chose_seed":false,"campfire_upgraded":0,"win_rate":0,"timestamp":1549906604,"path_taken":["M","M","?","?","M","E","M","R","T","M","M","?","?","?","R","BOSS","M","$","?","?","M","R","M","E","T","R","?","M","M","M"],"build_version":"2019-02-06","purchased_purges":0,"victory":false,"max_hp_per_floor":[75,75,75,75,75,75,75,75,75,75,75,75,75,75,75,75,75,75,75,75,75,77,77,79,81,81,81,81,83,85,85],"card_choices":[{"not_picked":["Chaos","Redo"],"picked":"Go for the Eyes","floor":1},{"not_picked":["Leap","Rebound"],"picked":"Beam Cell","floor":2},{"not_picked":["Coolheaded","Heatsinks"],"picked":"Defragment","floor":3},{"not_picked":["Storm","Scrape"],"picked":"Gash","floor":5},{"not_picked":["Consume","Ball Lightning","Seek"],"picked":"SKIP","floor":6},{"not_picked":["Redo","Hologram"],"picked":"Gash","floor":7},{"not_picked":["Streamline","Auto Shields"],"picked":"Chill","floor":10},{"not_picked":["Hologram","Coolheaded","Sweeping Beam"],"picked":"SKIP","floor":11},{"not_picked":["Seek","Thunder Strike"],"picked":"Machine Learning","floor":16},{"not_picked":["Hologram","Static Discharge+1"],"picked":"Cold Snap","floor":18},{"not_picked":["Compile Driver","Doom and Gloom"],"picked":"Gash","floor":21},{"not_picked":["Melter","Hologram","Static Discharge"],"picked":"Singing Bowl","floor":22},{"not_picked":["Recycle","Hyperbeam","Tempest"],"picked":"Singing Bowl","floor":24},{"not_picked":["Echo Form","Undo","Compile Driver"],"picked":"Singing Bowl","floor":25},{"not_picked":["Steam","Fusion","Hologram"],"picked":"Singing Bowl","floor":29},{"not_picked":["Turbo+1","Compile Driver","Ball Lightning"],"picked":"Singing Bowl","floor":30}],"player_experience":204254,"relics_obtained":[{"floor":4,"key":"Cables"},{"floor":6,"key":"Ancient Tea Set"},{"floor":17,"key":"StoneCalendar"},{"floor":17,"key":"War Paint"},{"floor":17,"key":"Singing Bowl"},{"floor":25,"key":"Smiling Mask"},{"floor":26,"key":"Girya"}],"event_choices":[{"damage_healed":0,"gold_gain":0,"player_choice":"Take Wound","damage_taken":0,"relics_obtained":["Golden Idol"],"max_hp_gain":0,"max_hp_loss":0,"event_name":"Golden Idol","floor":12,"gold_loss":0,"cards_obtained":["Injury"]},{"damage_healed":18,"gold_gain":0,"player_choice":"Healed and dodged fight","damage_taken":0,"max_hp_gain":0,"max_hp_loss":0,"event_name":"Mushrooms","floor":13,"gold_loss":0,"cards_obtained":["Parasite"]},{"cards_removed":["Injury"],"damage_healed":0,"gold_gain":0,"player_choice":"Card Removal","damage_taken":0,"max_hp_gain":0,"max_hp_loss":0,"event_name":"The Cleric","floor":14,"gold_loss":50},{"cards_removed":["Regret"],"damage_healed":0,"gold_gain":0,"player_choice":"Offered Curse","damage_taken":0,"relics_obtained":["Spirit Poop"],"max_hp_gain":0,"max_hp_loss":0,"event_name":"Bonfire Elementals","floor":20,"gold_loss":0}],"is_beta":true,"boss_relics":[{"not_picked":["Sozu","Eternal Feather"],"picked":"Calling Bell"}],"items_purged_floors":[],"is_endless":false,"potions_floor_spawned":[1,6,18,24,29,30],"killed_by":"Centurion and Healer","ascension_level":0}