{"path_per_floor":["M","?","$","?","?","R","$","M","T","E","T","M","R","?","R","B",null,"M","?","?","M","$","R","?","R","T","M","E","R","M","M","R","B",null,"M","?","M","$","M","E","R","E","T","E","R","$","E","M","R","B"],"character_chosen":"THE_SILENT","items_purchased":["Omamori","Bouncing Flask","Footwork","Backflip","Noxious Fumes","Catalyst","Art of War","Poison Potion"],"gold_per_floor":[361,361,22,22,52,52,52,72,72,105,159,174,174,203,203,304,304,316,316,241,259,41,41,41,41,95,110,138,138,157,176,176,280,310,323,323,339,35,50,77,77,109,109,138,138,138,171,185,185,185],"floor_reached":51,"campfire_rested":6,"playtime":2316,"current_hp_per_floor":[57,50,50,43,43,43,43,42,42,28,28,28,46,36,54,31,55,43,43,43,40,40,40,40,58,58,58,58,58,58,43,61,61,68,62,62,62,62,62,33,68,58,58,58,58,58,52,52,75,71],"items_purged":["Strike_G","Strike_G"],"gold":185,"score":1356,"play_id":"f788bf3e-b286-4e5c-96d4-696789913cd6","local_time":"20180430213622","is_prod":false,"is_daily":false,"chose_seed":false,"is_ascension_mode":true,"campfire_upgraded":4,"timestamp":1525142182,"path_taken":["M","?","$","?","?","R","?","M","T","E","?","?","R","?","R","BOSS","M","?","?","M","$","R","?","R","T","M","E","R","M","M","R","BOSS","M","?","?","$","M","E","R","E","T","E","R","$","E","M","R","BOSS"],"build_version":"2018-04-28v2","seed_source_timestamp":0,"purchased_purges":3,"victory":true,"master_deck":["Defend_G","Defend_G+1","Defend_G","Defend_G","Survivor","Neutralize+1","AscendersBane","Crippling Poison+1","Bouncing Flask","Footwork+1","Backflip","Escape Plan","Noxious Fumes+1","Noxious Fumes+1","Corpse Explosion+1","Footwork+1","Dodge and Roll","Noxious Fumes+1","Catalyst+1","Night Terror","Night Terror","Terror+1","Backflip","Backflip+1","Escape Plan+1"],"max_hp_per_floor":[63,63,63,63,63,63,63,63,63,63,63,63,63,63,63,63,63,63,63,63,63,63,63,63,63,63,63,63,63,63,63,63,63,68,68,68,68,68,68,68,68,68,68,68,68,68,75,75,75,75],"relics":["Ring of the Snake","Frozen Egg 2","Omamori","Tiny Chest","Mummified Hand","Lantern","Snake Skull","Odd Mushroom","Cursed Key","Happy Flower","Centennial Puzzle","Tiny House","Art of War","Regal Pillow","Blue Candle","Molten Egg 2","Paper Crane","Strawberry"],"card_choices":[{"not_picked":["Acrobatics","Skewer"],"picked":"Crippling Poison","floor":1.0},{"not_picked":["Sucker Punch","Bane"],"picked":"Escape Plan","floor":8.0},{"not_picked":["Underhanded Strike","Calculated Gamble"],"picked":"Noxious Fumes","floor":12.0},{"not_picked":["Deadly Poison","Night Terror"],"picked":"Noxious Fumes","floor":14.0},{"not_picked":["Storm of Steel","Burst"],"picked":"Corpse Explosion","floor":16.0},{"not_picked":["Concentrate","PiercingWail"],"picked":"Dodge and Roll","floor":21.0},{"not_picked":["Burst","Adrenaline"],"picked":"Night Terror","floor":33},{"not_picked":["Prepared","Distraction"],"picked":"Terror","floor":37},{"not_picked":["Choke","Riddle With Holes"],"picked":"Backflip","floor":40},{"not_picked":["Adrenaline","Dagger Throw"],"picked":"Backflip","floor":42},{"not_picked":["Quick Slash","Glass Knife"],"picked":"Escape Plan","floor":48}],"player_experience":304699,"potions_floor_usage":[50,50],"damage_taken":[{"damage":6.0,"enemies":"Jaw Worm","floor":1.0,"turns":6.0},{"damage":1.0,"enemies":"Small Slimes","floor":8.0,"turns":5.0},{"damage":14.0,"enemies":"3 Sentries","floor":10.0,"turns":11.0},{"damage":0.0,"enemies":"2 Louse","floor":12.0,"turns":2.0},{"damage":10.0,"enemies":"The Mushroom Lair","floor":14.0,"turns":3.0},{"damage":23.0,"enemies":"Hexaghost","floor":16.0,"turns":6.0},{"damage":12.0,"enemies":"Shell Parasite","floor":18.0,"turns":4.0},{"damage":3.0,"enemies":"Spheric Guardian","floor":21.0,"turns":3.0},{"damage":0.0,"enemies":"Chosen and Byrds","floor":27.0,"turns":3.0},{"damage":0.0,"enemies":"Book of Stabbing","floor":28.0,"turns":4.0},{"damage":0.0,"enemies":"Centurion and Healer","floor":30.0,"turns":4.0},{"damage":15.0,"enemies":"Slaver and Parasite","floor":31.0,"turns":3.0},{"damage":0,"enemies":"Automaton","floor":33,"turns":6},{"damage":6,"enemies":"3 Darklings","floor":35,"turns":3},{"damage":0,"enemies":"3 Shapes","floor":37,"turns":4},{"damage":0,"enemies":"Maw","floor":39,"turns":6},{"damage":29,"enemies":"Nemesis","floor":40,"turns":5},{"damage":10,"enemies":"2 Orb Walkers","floor":42,"turns":4},{"damage":0,"enemies":"Giant Head","floor":44,"turns":5},{"damage":13,"enemies":"2 Orb Walkers","floor":47,"turns":3},{"damage":0,"enemies":"3 Darklings","floor":48,"turns":4},{"damage":4,"enemies":"Awakened One","floor":50,"turns":8}],"event_choices":[{"event_name":"Scrap Ooze","player_choice":"success","floor":2.0,"damage_taken":7.0},{"event_name":"Golden Wing","player_choice":"Card Removal","floor":4.0,"damage_taken":0.0},{"event_name":"Accursed Blacksmith","player_choice":"Rummage","floor":5.0,"damage_taken":0.0},{"event_name":"Mushrooms","player_choice":"Fought Mushrooms","floor":14.0,"damage_taken":0.0},{"event_name":"Duplicator","player_choice":"One dupe","floor":19.0,"damage_taken":0.0},{"event_name":"Beggar","player_choice":"Gave Gold","floor":20.0,"damage_taken":0.0},{"event_name":"Purifier","player_choice":"One Purge","floor":24.0,"damage_taken":0.0},{"event_name":"Transmorgrifier","player_choice":"Transform","floor":36,"damage_taken":0}],"boss_relics":[{"not_picked":["Pandora\u0027s Box","Snecko Eye"],"picked":"Tiny House"}],"potions_floor_spawned":[8,10,14,21,27,28,31,33,40,42,47,48],"seed_played":"9018731598466105649","ascension_level":10,"is_trial":false}