{"gold_per_floor":[115,128,148,148,168,168,198,198,198,198,218,228,228,260,260,334,334,350,350,265,18,18,44,63,63,63,83,133,133,133,159,159,231,231,241,241,258,104,115,145,158,184,184,184,219,219,551,566,566,566,566,566,566,49,82,82],"floor_reached":56,"playtime":4890,"items_purged":["Strike_G","Strike_G","Regret"],"score":2201,"play_id":"ff418a91-e9fe-4ce8-bea2-eaa3ec9d62a6","local_time":"20190127114808","is_ascension_mode":true,"campfire_choices":[{"data":"Predator","floor":6,"key":"SMITH"},{"data":"Caltrops","floor":13,"key":"SMITH"},{"data":"Calculated Gamble","floor":15,"key":"SMITH"},{"data":"Well Laid Plans","floor":25,"key":"SMITH"},{"data":"Cloak And Dagger","floor":30,"key":"SMITH"},{"floor":32,"key":"REST"},{"floor":44,"key":"RECALL"},{"data":"Grand Finale","floor":46,"key":"SMITH"},{"floor":49,"key":"REST"},{"data":"Expertise","floor":53,"key":"SMITH"}],"neow_cost":"NONE","seed_source_timestamp":379328648853226,"circlet_count":0,"master_deck":["AscendersBane","Defend_G","Defend_G","Defend_G","Defend_G","Strike_G+1","Survivor+1","Neutralize+1","Predator+1","Endless Agony","Calculated Gamble+1","PiercingWail","Caltrops+1","Well Laid Plans+1","Grand Finale+1","Expertise+1","Backstab","Dodge and Roll","Riddle With Holes+1","Cloak And Dagger+1","Backstab","Adrenaline","Footwork+1","Flechettes","Deflect","PiercingWail+1","Backstab","PiercingWail+1","Dodge and Roll+1","Riddle With Holes","Caltrops","Bouncing Flask","Dash"],"relics":["Ring of the Snake","Bird Faced Urn","Calipers","Tingsha","Sozu","Ice Cream","Oddly Smooth Stone","Shuriken","Unceasing Top","Bag of Preparation","Cursed Key","Bottled Tornado","Lantern","Centennial Puzzle","Old Coin","Letter Opener","Nunchaku"],"potions_floor_usage":[7,23,23],"damage_taken":[{"damage":0,"enemies":"Small Slimes","floor":1,"turns":4},{"damage":0,"enemies":"2 Louse","floor":2,"turns":2},{"damage":0,"enemies":"Cultist","floor":3,"turns":3},{"damage":0,"enemies":"Looter","floor":5,"turns":2},{"damage":6,"enemies":"Gremlin Nob","floor":7,"turns":3},{"damage":0,"enemies":"2 Fungi Beasts","floor":11,"turns":3},{"damage":1,"enemies":"Blue Slaver","floor":12,"turns":4},{"damage":20,"enemies":"Lagavulin","floor":14,"turns":8},{"damage":12,"enemies":"The Guardian","floor":16,"turns":13},{"damage":13,"enemies":"3 Byrds","floor":18,"turns":3},{"damage":0,"enemies":"Gremlin Leader","floor":23,"turns":6},{"damage":0,"enemies":"Chosen","floor":24,"turns":3},{"damage":0,"enemies":"3 Cultists","floor":27,"turns":4},{"damage":24,"enemies":"Slavers","floor":31,"turns":4},{"damage":46,"enemies":"Collector","floor":33,"turns":10},{"damage":8,"enemies":"3 Darklings","floor":35,"turns":3},{"damage":0,"enemies":"3 Shapes","floor":37,"turns":3},{"damage":0,"enemies":"Maw","floor":39,"turns":4},{"damage":0,"enemies":"Reptomancer","floor":40,"turns":6},{"damage":8,"enemies":"Jaw Worm Horde","floor":41,"turns":4},{"damage":8,"enemies":"Giant Head","floor":42,"turns":6},{"damage":2,"enemies":"Nemesis","floor":45,"turns":5},{"damage":10,"enemies":"Reptomancer","floor":47,"turns":6},{"damage":14,"enemies":"Transient","floor":48,"turns":6},{"damage":21,"enemies":"Donu and Deca","floor":50,"turns":9},{"damage":12,"enemies":"Awakened One","floor":51,"turns":14},{"damage":43,"enemies":"Shield and Spear","floor":55,"turns":5},{"damage":38,"enemies":"The Heart","floor":56,"turns":5}],"seed_played":"5138587281173095871","potions_obtained":[{"floor":1,"key":"SteroidPotion"},{"floor":3,"key":"Regen Potion"},{"floor":7,"key":"Poison Potion"},{"floor":11,"key":"Regen Potion"}],"is_trial":false,"path_per_floor":["M","M","M","?","M","R","E","?","T","?","M","M","R","E","R","B",null,"M","?","?","$","?","E","M","R","T","M","?","?","R","E","R","B",null,"M","?","M","$","M","E","M","E","T","R","E","R","E","M","R","B","B",null,"R","$","E","B"],"character_chosen":"THE_SILENT","items_purchased":["Oddly Smooth Stone","Deflect","Caltrops","Bouncing Flask","Letter Opener"],"campfire_rested":2,"item_purchase_floors":[21,38,54,54,54],"current_hp_per_floor":[59,59,59,39,39,39,33,55,55,55,55,54,54,38,38,30,57,46,28,28,28,28,71,71,71,71,71,71,71,71,47,68,25,60,54,54,58,58,64,68,65,63,63,63,67,67,63,55,71,54,48,65,65,65,30,0],"gold":82,"neow_bonus":"UPGRADE_CARD","is_prod":false,"is_daily":false,"chose_seed":false,"campfire_upgraded":7,"win_rate":0,"timestamp":1548607688,"path_taken":["M","M","M","?","M","R","E","?","T","?","M","M","R","E","R","BOSS","M","?","?","$","?","E","?","R","T","M","?","?","R","E","R","BOSS","M","?","M","$","M","E","M","E","T","R","E","R","E","M","R","BOSS","BOSS","R","$","E","BOSS"],"build_version":"2019-01-23","purchased_purges":3,"victory":false,"max_hp_per_floor":[66,66,66,66,66,66,66,66,66,66,66,66,66,66,66,66,66,66,71,71,71,71,71,71,71,71,71,71,71,71,71,71,71,71,71,71,71,71,71,71,71,71,71,71,71,71,71,71,71,71,71,71,71,71,71,71],"card_choices":[{"not_picked":["Bane","Flying Knee"],"picked":"Predator","floor":1},{"not_picked":["Accuracy","Dodge and Roll"],"picked":"Endless Agony","floor":2},{"not_picked":["Sucker Punch","Endless Agony"],"picked":"Calculated Gamble","floor":3},{"not_picked":["Distraction","Tactician","Acrobatics"],"picked":"SKIP","floor":5},{"not_picked":["Acrobatics","Dagger Throw"],"picked":"PiercingWail","floor":7},{"not_picked":["Deadly Poison","Calculated Gamble"],"picked":"Caltrops","floor":11},{"not_picked":["Quick Slash","Flying Knee"],"picked":"Well Laid Plans","floor":12},{"not_picked":["Poisoned Stab","Dagger Spray","Heel Hook"],"picked":"SKIP","floor":14},{"not_picked":["Glass Knife","Venomology"],"picked":"Grand Finale","floor":16},{"not_picked":["Backflip","Finisher"],"picked":"Expertise","floor":18},{"not_picked":["Tools of the Trade","Bouncing Flask"],"picked":"Dodge and Roll","floor":23},{"not_picked":["Eviscerate","Predator"],"picked":"Riddle With Holes+1","floor":24},{"not_picked":["Skewer","Slice"],"picked":"Cloak And Dagger","floor":27},{"not_picked":["Deflect","Setup"],"picked":"Backstab","floor":31},{"not_picked":["Bullet Time","Glass Knife"],"picked":"Adrenaline","floor":33},{"not_picked":["Escape Plan+1","Sucker Punch"],"picked":"Footwork+1","floor":35},{"not_picked":["Underhanded Strike","Calculated Gamble"],"picked":"Flechettes","floor":37},{"not_picked":["Sucker Punch","Outmaneuver"],"picked":"PiercingWail+1","floor":39},{"not_picked":["Blade Dance","Accuracy+1"],"picked":"Backstab","floor":40},{"not_picked":["Dagger Throw","Riddle With Holes"],"picked":"PiercingWail+1","floor":41},{"not_picked":["Die Die Die","Flying Knee","Calculated Gamble"],"picked":"SKIP","floor":42},{"not_picked":["Eviscerate","Poisoned Stab","Flying Knee+1"],"picked":"SKIP","floor":45},{"not_picked":["Eviscerate","Poisoned Stab","Flying Knee+1"],"picked":"SKIP","floor":45},{"not_picked":["Flechettes","Underhanded Strike+1"],"picked":"Dodge and Roll+1","floor":47},{"not_picked":["Acrobatics","Backstab"],"picked":"Riddle With Holes","floor":48},{"not_picked":["Underhanded Strike","Dagger Throw+1"],"picked":"Dash","floor":55}],"player_experience":759888,"relics_obtained":[{"floor":7,"key":"Bird Faced Urn"},{"floor":9,"key":"Calipers"},{"floor":14,"key":"Tingsha"},{"floor":23,"key":"Shuriken"},{"floor":26,"key":"Unceasing Top"},{"floor":31,"key":"Bag of Preparation"},{"floor":40,"key":"Bottled Tornado"},{"floor":42,"key":"Lantern"},{"floor":45,"key":"Centennial Puzzle"},{"floor":47,"key":"Old Coin"},{"floor":55,"key":"Nunchaku"}],"event_choices":[{"damage_healed":0,"gold_gain":0,"player_choice":"Entered Light","damage_taken":20,"max_hp_gain":0,"max_hp_loss":0,"event_name":"Shining Light","floor":4,"gold_loss":0,"cards_upgraded":["Strike_G","Survivor"]},{"damage_healed":22,"gold_gain":0,"player_choice":"Banana","damage_taken":0,"max_hp_gain":0,"max_hp_loss":0,"event_name":"Big Fish","floor":8,"gold_loss":0},{"cards_removed":["Strike_G"],"damage_healed":0,"gold_gain":0,"player_choice":"Forget","damage_taken":0,"max_hp_gain":0,"max_hp_loss":0,"event_name":"Living Wall","floor":10,"gold_loss":0},{"damage_healed":0,"gold_gain":0,"player_choice":"Shed Blood","damage_taken":23,"max_hp_gain":5,"max_hp_loss":0,"event_name":"Forgotten Altar","floor":19,"gold_loss":0},{"damage_healed":0,"gold_gain":0,"player_choice":"Obtained Relic","damage_taken":0,"relics_obtained":["Ice Cream"],"max_hp_gain":0,"max_hp_loss":0,"event_name":"Addict","floor":20,"gold_loss":85},{"damage_healed":0,"gold_gain":0,"cards_transformed":["Strike_G"],"player_choice":"Transformed","damage_taken":0,"max_hp_gain":0,"max_hp_loss":0,"event_name":"Transmorgrifier","floor":22,"gold_loss":0,"cards_obtained":["Backstab"]},{"damage_healed":0,"gold_gain":50,"player_choice":"Stole From Cult","damage_taken":0,"max_hp_gain":0,"max_hp_loss":0,"event_name":"Nest","floor":28,"gold_loss":0},{"damage_healed":0,"gold_gain":0,"player_choice":"Ignored","damage_taken":0,"max_hp_gain":0,"max_hp_loss":0,"event_name":"The Mausoleum","floor":29,"gold_loss":0},{"cards_removed":["Defend_G"],"damage_healed":0,"gold_gain":0,"player_choice":"Removed Skill","damage_taken":0,"max_hp_gain":0,"max_hp_loss":0,"event_name":"Falling","floor":36,"gold_loss":0}],"is_beta":false,"boss_relics":[{"not_picked":["WristBlade","Ectoplasm"],"picked":"Sozu"},{"not_picked":["Orrery","Busted Crown"],"picked":"Cursed Key"}],"items_purged_floors":[21,38,54],"is_endless":false,"potions_floor_spawned":[1,3,7,11,12,16,18,24,27,39,40,42,48],"killed_by":"The Heart","ascension_level":20}