{"path_per_floor":["M","M","M","M","?","R","E","$","T","M","R","E","T","M","R","B",null,"M","M","$","?","?","E","T","M","T","R","E","$","R","M","R","B",null,"M","?","$","M","M","R","E","M","T","M","?","?","M","M","R","B"],"character_chosen":"IRONCLAD","items_purchased":["Bag of Preparation","Pantograph","Flame Barrier","Happy Flower"],"gold_per_floor":[109,128,140,157,332,332,359,284,363,382,382,415,415,430,430,525,525,539,558,20,20,20,46,115,131,156,156,181,26,26,45,45,143,143,157,0,0,10,27,27,60,80,80,97,149,149,163,182,182,182],"floor_reached":51,"campfire_rested":6,"playtime":2127,"current_hp_per_floor":[72,71,60,50,50,50,43,43,43,37,61,41,41,33,57,51,73,67,50,50,50,34,28,28,5,5,29,20,20,44,32,56,71,78,48,48,48,80,79,79,74,76,76,80,64,64,63,37,61,18],"items_purged":["Doubt","Strike_R"],"gold":182,"score":763,"play_id":"6696f657-7649-40ca-9b65-8c9fcaddcda1","is_prod":false,"is_daily":false,"is_ascension_mode":true,"campfire_upgraded":2,"path_taken":["M","M","?","M","?","R","E","$","T","M","R","E","?","M","R","BOSS","M","M","$","?","?","E","?","M","T","R","E","?","R","M","R","BOSS","M","?","?","M","M","R","E","M","T","M","?","?","M","M","R","BOSS"],"build_version":"2018-02-22-PROD2","purchased_purges":3,"victory":true,"master_deck":["Strike_R","Strike_R","Strike_R","Strike_R","Defend_R","Defend_R+1","Defend_R","Defend_R","Bash","Shrug It Off+1","Demon Form+1","Uppercut","Cleave","Heavy Blade","Fiend Fire","Shockwave","Flame Barrier","Necronomicurse","Disarm","Armaments+1","Reaper","Heavy Blade+1","Dual Wield+1","Pummel"],"max_hp_per_floor":[80,80,80,80,80,80,80,80,80,80,80,80,80,80,80,80,80,80,80,80,80,80,80,80,80,80,80,80,80,80,80,80,80,80,80,80,80,80,80,80,80,80,80,80,80,80,80,80,80,80],"relics":["Velvet Choker","Orichalcum","Mummified Hand","Juzu Bracelet","Calipers","Question Card","Bag of Preparation","Pantograph","Necronomicon","Bronze Scales","Centennial Puzzle","Ancient Tea Set","Anchor","Happy Flower","Runic Pyramid","Red Mask","Frozen Egg 2","War Paint","Unceasing Top"],"card_choices":[{"not_picked":["Havoc","Perfected Strike"],"picked":"Shrug It Off"},{"not_picked":["Flex","Twin Strike"],"picked":"Demon Form"},{"not_picked":["Anger","Iron Wave"],"picked":"Uppercut"},{"not_picked":["Body Slam","Spot Weakness"],"picked":"Evolve"},{"not_picked":["Battle Trance","Anger"],"picked":"Cleave"},{"not_picked":["Havoc","True Grit"],"picked":"Heavy Blade"},{"not_picked":["Brutality","Juggernaut"],"picked":"Fiend Fire"},{"not_picked":["Thunderclap","Warcry","Flex"],"picked":"Shockwave"},{"not_picked":["Blood for Blood","Searing Blow","Demon Form"],"picked":"Disarm"},{"not_picked":["Flex","Burning Pact","Sword Boomerang"],"picked":"Armaments"},{"not_picked":["Dark Embrace","Double Tap","Barricade"],"picked":"Reaper"},{"not_picked":["Anger","Uppercut","Thunderclap"],"picked":"Heavy Blade"},{"not_picked":["Anger","Headbutt","Shrug It Off"],"picked":"Dual Wield"},{"not_picked":["Spot Weakness","Clash","Perfected Strike"],"picked":"Pummel"}],"player_experience":147020,"potions_floor_usage":[4,10,18,23,48,48,50],"damage_taken":[{"damage":0,"enemies":"Cultist","floor":1,"turns":2},{"damage":1,"enemies":"Jaw Worm","floor":2,"turns":4},{"damage":11,"enemies":"2 Louse","floor":3,"turns":3},{"damage":10,"enemies":"Exordium Wildlife","floor":4,"turns":5},{"damage":7,"enemies":"Lagavulin","floor":7,"turns":6},{"damage":6,"enemies":"Exordium Thugs","floor":10,"turns":3},{"damage":20,"enemies":"Gremlin Nob","floor":12,"turns":4},{"damage":8,"enemies":"3 Louse","floor":14,"turns":4},{"damage":6,"enemies":"Slime Boss","floor":16,"turns":6},{"damage":6,"enemies":"3 Byrds","floor":18,"turns":3},{"damage":17,"enemies":"2 Thieves","floor":19,"turns":4},{"damage":6,"enemies":"Book of Stabbing","floor":23,"turns":3},{"damage":23,"enemies":"Slaver and Parasite","floor":25,"turns":4},{"damage":9,"enemies":"Gremlin Leader","floor":28,"turns":6},{"damage":12,"enemies":"Snake Plant","floor":31,"turns":3},{"damage":9,"enemies":"Collector","floor":33,"turns":5},{"damage":64,"enemies":"3 Shapes","floor":35,"turns":5},{"damage":17,"enemies":"3 Darklings","floor":38,"turns":4},{"damage":17,"enemies":"4 Shapes","floor":39,"turns":6},{"damage":5,"enemies":"Nemesis","floor":41,"turns":3},{"damage":11,"enemies":"Sphere and 2 Shapes","floor":42,"turns":4},{"damage":16,"enemies":"Maw","floor":44,"turns":7},{"damage":16,"enemies":"Mysterious Sphere","floor":45,"turns":6},{"damage":59,"enemies":"3 Darklings","floor":47,"turns":5},{"damage":46,"enemies":"Sphere and 2 Shapes","floor":48,"turns":5},{"damage":94,"enemies":"Donu and Deca","floor":50,"turns":7}],"event_choices":[{"event_name":"Liars Game","player_choice":"agreed","floor":5,"damage_taken":0},{"event_name":"Addict","player_choice":"Ignored","floor":21,"damage_taken":0},{"event_name":"Cursed Tome","player_choice":"Obtained Book","floor":22,"damage_taken":0},{"event_name":"Tomb of Lord Red Mask","player_choice":"Paid","floor":36,"damage_taken":0},{"event_name":"Mysterious Sphere","player_choice":"Fight","floor":45,"damage_taken":0}],"boss_relics":[{"not_picked":["Orrery","Cursed Key"],"picked":"Question Card"},{"not_picked":["Tiny House","Mark of Pain"],"picked":"Runic Pyramid"}],"potions_floor_spawned":[2,7,12,14,25,31,33,38,42,47],"seed_played":"8406655856677410299","ascension_level":6,"is_trial":false}