{"gold_per_floor":[119,119,191,209,209,209,237,237,237,250,285,27,102,118,118,118],"floor_reached":16,"playtime":407,"items_purged":["Strike_B"],"score":187,"play_id":"f40327dd-7565-402b-8993-701a3580a74f","local_time":"20180710002450","is_ascension_mode":true,"campfire_choices":[{"data":"Hologram","floor":6,"key":"SMITH"},{"data":"Double Energy","floor":8,"key":"SMITH"},{"floor":15,"key":"REST"}],"neow_cost":"NONE","seed_source_timestamp":1319737249713532,"circlet_count":0,"master_deck":["Strike_B","Strike_B","Defend_B","Defend_B","Defend_B","Defend_B","Zap","Dualcast","AscendersBane","Core Surge","Ball Lightning","Hologram+1","Double Energy+1","Reinforced Body","Sunder","Chaos"],"relics":["Cracked Core","Pear","Strawberry","Smiling Mask","MealTicket"],"potions_floor_usage":[7,7,16],"damage_taken":[{"damage":7,"enemies":"Jaw Worm","floor":1,"turns":2},{"damage":0,"enemies":"Small Slimes","floor":4,"turns":2},{"damage":12,"enemies":"3 Sentries","floor":7,"turns":5},{"damage":1,"enemies":"Cultist","floor":10,"turns":3},{"damage":27,"enemies":"Gremlin Nob","floor":11,"turns":4},{"damage":0,"enemies":"Large Slime","floor":14,"turns":4},{"damage":56,"enemies":"Hexaghost","floor":16,"turns":10}],"seed_played":"8434237552582059193","potions_obtained":[{"floor":1,"key":"SkillPotion"},{"floor":4,"key":"Strength Potion"},{"floor":11,"key":"Energy Potion"}],"is_trial":false,"path_per_floor":["M","?","?","M","?","R","E","R","T","M","E","$","?","M","R"],"character_chosen":"DEFECT","items_purchased":["MealTicket"],"campfire_rested":1,"item_purchase_floors":[12],"current_hp_per_floor":[61,61,61,61,61,61,59,59,66,65,38,38,27,27,54,0],"gold":118,"neow_bonus":"ONE_RANDOM_RARE_CARD","is_prod":false,"is_daily":false,"chose_seed":false,"campfire_upgraded":2,"win_rate":0,"timestamp":1531200290,"path_taken":["M","?","?","?","?","R","E","R","T","M","E","?","?","M","R","BOSS"],"build_version":"2018-07-05","purchased_purges":1,"victory":false,"max_hp_per_floor":[75,75,75,75,75,75,85,85,92,92,92,92,92,92,92,92],"card_choices":[{"not_picked":["Coolheaded","Leap"],"picked":"Ball Lightning","floor":1},{"not_picked":["Steam","Rip and Tear"],"picked":"Double Energy","floor":4},{"not_picked":["Compile Driver","Fusion"],"picked":"Reinforced Body","floor":7},{"not_picked":["Compile Driver","Coolheaded","Leap"],"picked":"SKIP","floor":10},{"not_picked":["Rebound","Steam"],"picked":"Sunder","floor":11},{"not_picked":["Go for the Eyes","Force Field"],"picked":"Chaos","floor":14}],"player_experience":426857,"relics_obtained":[{"floor":7,"key":"Pear"},{"floor":9,"key":"Strawberry"},{"floor":11,"key":"Smiling Mask"}],"event_choices":[{"event_name":"Living Wall","player_choice":"Change","floor":2,"damage_taken":0},{"event_name":"Golden Wing","player_choice":"Gained Gold","floor":3,"damage_taken":0},{"event_name":"The Woman in Blue","player_choice":"Bought 0 Potions","floor":5,"damage_taken":0},{"event_name":"World of Goop","player_choice":"Gather Gold","floor":13,"damage_taken":0}],"boss_relics":[],"items_purged_floors":[12],"is_endless":false,"potions_floor_spawned":[1,4,11],"killed_by":"Hexaghost","ascension_level":10}