{"path_per_floor":["M","M","M","M","M","R","M","M","T","E","M","R","?","$","R","B",null,"M","M","M"],"character_chosen":"THE_SILENT","items_purchased":["Frozen Egg 2"],"gold_per_floor":[112,128,145,163,179,179,196,212,212,242,258,258,258,18,18,113,113,127,144,162],"floor_reached":21,"campfire_rested":1,"playtime":1775,"current_hp_per_floor":[70,64,64,62,62,62,55,50,50,33,27,48,48,48,48,4,70,67,45,30],"items_purged":[],"gold":162,"play_id":"4c9839ea-839a-4ba2-854b-ce2146907395","is_prod":false,"is_daily":false,"is_ascension_mode":false,"campfire_upgraded":2,"path_taken":["M","M","M","M","M","R","M","M","T","E","M","R","?","?","R","BOSS","M","M","M","M"],"build_version":"2018-02-01-PROD3","purchased_purges":0,"victory":false,"master_deck":["Defend_G","Defend_G","Defend_G","Defend_G","Defend_G","Strike_G","Strike_G","Strike_G","Strike_G","Survivor","Neutralize","Bouncing Flask+1","Cloak And Dagger","Poisoned Stab","Deadly Poison","Crippling Poison+1","Deadly Poison","Bullet Time","Poisoned Stab","Night Terror","Catalyst"],"max_hp_per_floor":[70,70,70,70,70,70,70,70,70,70,70,70,70,70,70,70,70,70,70,70],"relics":["Ring of the Snake","Dodecahedron","Juzu Bracelet","Frozen Egg 2","The Specimen"],"card_choices":[{"not_picked":["Dodge and Roll","Slice"],"picked":"Bouncing Flask"},{"not_picked":["Sucker Punch","Bouncing Flask"],"picked":"Cloak And Dagger"},{"not_picked":["Slice","Prepared"],"picked":"Poisoned Stab"},{"not_picked":["Underhanded Strike","Skewer"],"picked":"Deadly Poison"},{"not_picked":["All Out Attack","Cloak And Dagger"],"picked":"Crippling Poison"},{"not_picked":["Choke","Dodge and Roll"],"picked":"Deadly Poison"},{"not_picked":["Choke","Quick Slash"],"picked":"Bullet Time"},{"not_picked":["Flechettes","Underhanded Strike"],"picked":"Poisoned Stab"},{"not_picked":["Venomology","Glass Knife"],"picked":"Night Terror"},{"not_picked":["Flying Knee","Prepared"],"picked":"Catalyst"}],"player_experience":173737,"potions_floor_usage":[16,16,18],"damage_taken":[{"damage":0,"enemies":"Cultist","floor":1,"turns":4},{"damage":6,"enemies":"Blue Slaver","floor":2,"turns":4},{"damage":0,"enemies":"2 Louse","floor":3,"turns":3},{"damage":2,"enemies":"Exordium Thugs","floor":4,"turns":5},{"damage":0,"enemies":"Exordium Wildlife","floor":5,"turns":3},{"damage":7,"enemies":"3 Louse","floor":7,"turns":3},{"damage":5,"enemies":"Red Slaver","floor":8,"turns":3},{"damage":17,"enemies":"3 Sentries","floor":10,"turns":7},{"damage":6,"enemies":"Exordium Wildlife","floor":11,"turns":5},{"damage":44,"enemies":"Slime Boss","floor":16,"turns":12},{"damage":3,"enemies":"Shell Parasite","floor":18,"turns":5},{"damage":22,"enemies":"3 Byrds","floor":19,"turns":6},{"damage":15,"enemies":"Snecko","floor":20,"turns":5},{"damage":30,"enemies":"Slaver and Parasite","floor":21,"turns":3}],"event_choices":[{"event_name":"Wheel of Change","player_choice":"Card Removal","floor":13,"damage_taken":0}],"boss_relics":[{"not_picked":["Black Star","White Beast Statue"],"picked":"The Specimen"}],"potions_floor_spawned":[2,5,8,10,11],"seed_played":"5621829053620557719","killed_by":"Slaver and Parasite","ascension_level":0,"is_trial":false}