{"gold_per_floor":[110,130,130,143,143,176,176,201,282,282,298,318,11,11,11,85,85,99,14,33,33,83,83,83],"floor_reached":24,"playtime":857,"items_purged":[],"score":423,"play_id":"fbf0a6b9-1423-498f-89ba-5b656831fccd","local_time":"20181021133506","is_ascension_mode":true,"campfire_choices":[{"floor":7,"key":"REST"},{"data":"Hemokinesis","floor":10,"key":"SMITH"},{"data":"Bash","floor":15,"key":"SMITH"},{"data":"Disarm","floor":23,"key":"SMITH"}],"neow_cost":"NONE","seed_source_timestamp":319039401510963,"circlet_count":0,"master_deck":["Strike_R","Strike_R","Strike_R","Strike_R","Defend_R","Defend_R","Defend_R","Defend_R","Bash+1","AscendersBane","Clothesline","Hemokinesis+1","Disarm+1","Berserk","Shrug It Off","Headbutt","Metallicize","Feed","True Grit+1","Ghostly","Ghostly","Ghostly","Ghostly","Ghostly"],"relics":["Burning Blood","Bird Faced Urn","Red Skull","Dodecahedron","Bottled Lightning","Velvet Choker","Happy Flower"],"potions_floor_usage":[6,6,11,16,24],"damage_taken":[{"damage":14,"enemies":"Small Slimes","floor":1,"turns":4},{"damage":4,"enemies":"Cultist","floor":2,"turns":4},{"damage":7,"enemies":"Jaw Worm","floor":4,"turns":3},{"damage":53,"enemies":"Lagavulin","floor":6,"turns":9},{"damage":24,"enemies":"Gremlin Nob","floor":8,"turns":4},{"damage":13,"enemies":"Large Slime","floor":11,"turns":5},{"damage":21,"enemies":"Gremlin Gang","floor":12,"turns":5},{"damage":9,"enemies":"Hexaghost","floor":16,"turns":8},{"damage":30,"enemies":"Spheric Guardian","floor":18,"turns":6},{"damage":18,"enemies":"2 Thieves","floor":20,"turns":4},{"damage":49,"enemies":"Slavers","floor":24,"turns":6}],"seed_played":"-9189118665825071791","potions_obtained":[{"floor":5,"key":"EntropicBrew"},{"floor":5,"key":"EssenceOfSteel"},{"floor":6,"key":"Explosive Potion"},{"floor":11,"key":"Fruit Juice"},{"floor":16,"key":"GamblersBrew"}],"is_trial":false,"path_per_floor":["M","M","?","M","?","E","R","E","T","R","M","M","$","?","R","B",null,"M","?","M","?","?","R"],"character_chosen":"IRONCLAD","items_purchased":["Bottled Lightning","Metallicize"],"campfire_rested":1,"item_purchase_floors":[13,13],"current_hp_per_floor":[67,69,69,68,68,21,45,29,29,29,27,12,12,12,12,13,69,50,50,45,45,41,41,0],"gold":83,"neow_bonus":"TEN_PERCENT_HP_BONUS","is_prod":false,"is_daily":false,"chose_seed":false,"campfire_upgraded":3,"win_rate":0,"timestamp":1540143306,"path_taken":["M","M","?","M","?","E","R","E","T","R","M","M","$","?","R","BOSS","M","?","M","?","?","R","E"],"build_version":"2018-10-18","purchased_purges":0,"victory":false,"max_hp_per_floor":[82,82,82,82,82,82,82,82,82,82,87,87,87,87,87,87,87,90,90,93,46,46,46,46],"card_choices":[{"not_picked":["Perfected Strike","Heavy Blade"],"picked":"Clothesline","floor":1},{"not_picked":["Headbutt","Clothesline"],"picked":"Hemokinesis","floor":2},{"not_picked":["Reckless Charge","Hemokinesis"],"picked":"Disarm","floor":4},{"not_picked":["Bloodletting","Wild Strike"],"picked":"Berserk","floor":6},{"not_picked":["Evolve","Entrench","Body Slam"],"picked":"SKIP","floor":8},{"not_picked":["Flex","Headbutt"],"picked":"Shrug It Off","floor":11},{"not_picked":["Corruption","Clothesline"],"picked":"Headbutt","floor":12},{"not_picked":["Barricade","Limit Break"],"picked":"Feed","floor":16},{"not_picked":["Perfected Strike","Havoc"],"picked":"True Grit+1","floor":18},{"not_picked":["Hemokinesis","Twin Strike","Warcry"],"picked":"SKIP","floor":20}],"player_experience":591339,"relics_obtained":[{"floor":6,"key":"Bird Faced Urn"},{"floor":8,"key":"Red Skull"},{"floor":9,"key":"Dodecahedron"}],"event_choices":[{"cards_removed":["Strike_R"],"damage_healed":0,"gold_gain":0,"player_choice":"Offered Basic","damage_taken":0,"max_hp_gain":0,"max_hp_loss":0,"event_name":"Bonfire Elementals","floor":3,"gold_loss":0},{"damage_healed":0,"gold_gain":0,"player_choice":"Got Potions","damage_taken":0,"max_hp_gain":0,"max_hp_loss":0,"event_name":"The Lab","floor":5,"gold_loss":0},{"damage_healed":0,"gold_gain":0,"player_choice":"Ignored","damage_taken":0,"max_hp_gain":0,"max_hp_loss":0,"event_name":"Liars Game","floor":14,"gold_loss":0},{"damage_healed":0,"gold_gain":0,"player_choice":"Obtained Relic","damage_taken":0,"relics_obtained":["Happy Flower"],"max_hp_gain":0,"max_hp_loss":0,"event_name":"Addict","floor":19,"gold_loss":85},{"damage_healed":0,"gold_gain":0,"player_choice":"Became a Ghost","damage_taken":0,"max_hp_gain":0,"max_hp_loss":47,"event_name":"Ghosts","floor":21,"gold_loss":0,"cards_obtained":["Ghostly","Ghostly","Ghostly","Ghostly","Ghostly"]},{"damage_healed":0,"gold_gain":50,"player_choice":"Touch","damage_taken":4,"max_hp_gain":0,"max_hp_loss":0,"event_name":"FaceTrader","floor":22,"gold_loss":0}],"is_beta":false,"boss_relics":[{"not_picked":["Calling Bell","Fusion Hammer"],"picked":"Velvet Choker"}],"items_purged_floors":[],"is_endless":false,"potions_floor_spawned":[6,8,11,16],"killed_by":"Slavers","ascension_level":19}