{"gold_per_floor":[116,131,142,142,158,158,192,152,235,248,248,275,275,295,295,373,373,391,391],"floor_reached":19,"playtime":786,"items_purged":[],"score":349,"play_id":"a90a6342-db78-492c-a457-4a27052b60f7","local_time":"20181023184901","is_ascension_mode":true,"campfire_choices":[{"data":"Neutralize","floor":6,"key":"SMITH"},{"data":"Cloak And Dagger","floor":11,"key":"SMITH"},{"data":"Bouncing Flask","floor":13,"key":"SMITH"},{"data":"Cloak And Dagger","floor":15,"key":"SMITH"}],"neow_cost":"NONE","seed_source_timestamp":510734045639821,"circlet_count":0,"master_deck":["Defend_G","Defend_G","Defend_G","Defend_G","Defend_G","Strike_G","Strike_G","Strike_G","Strike_G","Strike_G","Survivor","Neutralize+1","AscendersBane","Deadly Poison+1","Cloak And Dagger+1","After Image","Cloak And Dagger+1","Deflect","Flying Knee","Bouncing Flask+1","Accuracy","Night Terror","Leg Sweep"],"relics":["Ring of the Snake","NeowsBlessing","Paper Crane","Tiny Chest","Art of War","Cursed Key"],"potions_floor_usage":[5,10,16,19],"damage_taken":[{"damage":0,"enemies":"Cultist","floor":1,"turns":1},{"damage":0,"enemies":"2 Louse","floor":2,"turns":1},{"damage":0,"enemies":"Jaw Worm","floor":3,"turns":1},{"damage":1,"enemies":"Lots of Slimes","floor":5,"turns":5},{"damage":5,"enemies":"Lagavulin","floor":7,"turns":9},{"damage":0,"enemies":"Looter","floor":8,"turns":4},{"damage":0,"enemies":"Large Slime","floor":10,"turns":7},{"damage":26,"enemies":"3 Sentries","floor":12,"turns":13},{"damage":8,"enemies":"3 Louse","floor":14,"turns":4},{"damage":8,"enemies":"Hexaghost","floor":16,"turns":8},{"damage":23,"enemies":"Chosen","floor":18,"turns":6},{"damage":42,"enemies":"Masked Bandits","floor":19,"turns":3}],"seed_played":"-1022196521563822331","potions_obtained":[{"floor":2,"key":"Energy Potion"},{"floor":5,"key":"GamblersBrew"},{"floor":10,"key":"Fruit Juice"},{"floor":16,"key":"GhostInAJar"}],"is_trial":false,"path_per_floor":["M","M","M","?","M","R","E","M","T","M","R","E","R","M","R","B",null,"M"],"character_chosen":"THE_SILENT","items_purchased":[],"campfire_rested":0,"item_purchase_floors":[],"current_hp_per_floor":[59,59,59,59,58,58,53,53,53,58,58,32,32,24,24,16,57,34,0],"gold":391,"neow_bonus":"THREE_ENEMY_KILL","is_prod":false,"is_daily":false,"chose_seed":false,"campfire_upgraded":4,"win_rate":0,"timestamp":1540334941,"path_taken":["M","M","?","?","?","R","E","M","T","M","R","E","R","M","R","BOSS","M","?"],"build_version":"2018-10-18","purchased_purges":0,"victory":false,"max_hp_per_floor":[66,66,66,66,66,66,66,66,66,71,71,71,71,71,71,71,71,71,71],"card_choices":[{"not_picked":["Dagger Spray","Caltrops"],"picked":"Deadly Poison","floor":1},{"not_picked":["Underhanded Strike","Flying Knee"],"picked":"Cloak And Dagger","floor":2},{"not_picked":["Poisoned Stab","Cloak And Dagger"],"picked":"After Image","floor":3},{"not_picked":["Bane","Prepared"],"picked":"Cloak And Dagger","floor":5},{"not_picked":["PiercingWail","Blade Dance"],"picked":"Deflect","floor":7},{"not_picked":["Choke","PiercingWail","Flying Knee"],"picked":"SKIP","floor":8},{"not_picked":["Predator","Deflect"],"picked":"Flying Knee","floor":10},{"not_picked":["Quick Slash","Riddle With Holes"],"picked":"Bouncing Flask","floor":12},{"not_picked":["Underhanded Strike","Deflect"],"picked":"Accuracy","floor":14},{"not_picked":["Envenom","Unload"],"picked":"Night Terror","floor":16},{"not_picked":["Cloak And Dagger+1","Accuracy"],"picked":"Leg Sweep","floor":18}],"player_experience":602626,"relics_obtained":[{"floor":7,"key":"Paper Crane"},{"floor":9,"key":"Tiny Chest"},{"floor":12,"key":"Art of War"}],"event_choices":[{"damage_healed":0,"gold_gain":0,"player_choice":"Grow","damage_taken":0,"max_hp_gain":0,"max_hp_loss":0,"event_name":"Living Wall","floor":4,"gold_loss":0,"cards_upgraded":["Deadly Poison"]},{"damage_healed":0,"gold_gain":0,"player_choice":"Fought Bandits","damage_taken":0,"max_hp_gain":0,"max_hp_loss":0,"event_name":"Masked Bandits","floor":19,"gold_loss":0}],"is_beta":false,"boss_relics":[{"not_picked":["Sozu","WristBlade"],"picked":"Cursed Key"}],"items_purged_floors":[],"is_endless":false,"potions_floor_spawned":[2,5,10,16],"killed_by":"Masked Bandits","ascension_level":19}