{"gold_per_floor":[117,117,129,48,48,48,80,80,106,106,147,38,61,85,85,210,210,225,225,240,339,339,351,87,110,110,110,153,73,86,99,99,223,223,248,248,272,2,21,21,57,75,75,75,75,100,100],"floor_reached":47,"playtime":3515,"items_purged":["Strike_B","Writhe","Writhe"],"score":533,"play_id":"6287d321-0d9d-4c47-b4ea-781df28bce1e","local_time":"20190212083509","is_ascension_mode":false,"campfire_choices":[{"floor":6,"key":"REST"},{"floor":8,"key":"RECALL"},{"data":"Darkness","floor":15,"key":"SMITH"},{"floor":23,"key":"REST"},{"data":"Apotheosis","floor":27,"key":"SMITH"},{"floor":32,"key":"REST"},{"floor":40,"key":"REST"},{"floor":45,"key":"REST"}],"neow_cost":"NONE","seed_source_timestamp":330320215323000,"circlet_count":0,"master_deck":["Strike_B","Strike_B+1","Strike_B","Defend_B","Defend_B","Defend_B","Defend_B+1","Zap","Dualcast","Gash","Melter","FTL","Beam Cell","Capacitor","Darkness+1","Machine Learning","Redo","Loop","Apotheosis+1","Lockon","Defragment","Amplify","Echo Form","Hologram+1"],"relics":["Runic Pyramid","Centennial Puzzle","Symbiotic Virus","Golden Idol","Matryoshka","Nuclear Battery","MawBank","Bottled Tornado","Blue Candle","Blood Vial","Sozu","Regal Pillow","Dream Catcher","Emotion Chip","Bag of Marbles"],"potions_floor_usage":[25,33,46,47,47],"damage_taken":[{"damage":2,"enemies":"Small Slimes","floor":1,"turns":4},{"damage":3,"enemies":"2 Louse","floor":3,"turns":3},{"damage":10,"enemies":"3 Sentries","floor":7,"turns":7},{"damage":14,"enemies":"Gremlin Nob","floor":11,"turns":3},{"damage":0,"enemies":"Jaw Worm","floor":13,"turns":3},{"damage":0,"enemies":"Large Slime","floor":14,"turns":3},{"damage":5,"enemies":"Slime Boss","floor":16,"turns":6},{"damage":12,"enemies":"3 Byrds","floor":18,"turns":4},{"damage":17,"enemies":"Shell Parasite","floor":20,"turns":4},{"damage":7,"enemies":"Chosen and Byrds","floor":25,"turns":4},{"damage":16,"enemies":"Gremlin Leader","floor":28,"turns":5},{"damage":9,"enemies":"Sentry and Sphere","floor":30,"turns":3},{"damage":2,"enemies":"Cultist and Chosen","floor":31,"turns":4},{"damage":31,"enemies":"Champ","floor":33,"turns":6},{"damage":15,"enemies":"Orb Walker","floor":35,"turns":2},{"damage":43,"enemies":"3 Darklings","floor":37,"turns":6},{"damage":10,"enemies":"Maw","floor":39,"turns":6},{"damage":0,"enemies":"Giant Head","floor":41,"turns":5},{"damage":32,"enemies":"Spire Growth","floor":42,"turns":5},{"damage":21,"enemies":"Writhing Mass","floor":46,"turns":4},{"damage":49,"enemies":"3 Darklings","floor":47,"turns":4}],"seed_played":"6451317040445432776","potions_obtained":[{"floor":7,"key":"Weak Potion"},{"floor":11,"key":"Block Potion"},{"floor":16,"key":"AttackPotion"},{"floor":31,"key":"Ancient Potion"},{"floor":33,"key":"Regen Potion"}],"is_trial":false,"path_per_floor":["M","?","M","$","?","R","E","R","T","?","E","$","M","M","R","B",null,"M","?","M","?","?","R","$","M","T","R","E","$","M","M","R","B",null,"M","?","M","$","M","R","E","M","T","$","R","M","M"],"character_chosen":"DEFECT","items_purchased":["FTL","Capacitor","Apotheosis","Defragment","Regal Pillow"],"campfire_rested":5,"item_purchase_floors":[4,12,24,29,38],"current_hp_per_floor":[73,58,55,55,43,65,55,55,55,55,41,41,41,41,41,36,69,57,57,40,40,40,60,60,53,53,53,37,37,30,30,50,21,69,54,69,26,26,18,53,55,25,25,25,60,41,0],"gold":100,"neow_bonus":"BOSS_RELIC","is_prod":false,"is_daily":false,"chose_seed":false,"campfire_upgraded":2,"win_rate":0,"timestamp":1549956909,"path_taken":["M","?","M","$","?","R","E","R","T","?","E","?","M","M","R","BOSS","M","?","M","?","?","R","$","?","T","R","E","?","M","M","R","BOSS","M","?","M","$","M","R","E","M","T","$","R","M","M"],"build_version":"2019-02-06","purchased_purges":3,"victory":false,"max_hp_per_floor":[75,75,75,75,75,75,75,75,75,69,69,69,69,69,69,69,69,69,69,69,69,69,69,69,69,69,69,69,69,69,69,69,69,69,69,69,69,69,69,69,69,69,69,69,69,69,69],"card_choices":[{"not_picked":["Leap","Hello World"],"picked":"Gash","floor":1},{"not_picked":["Barrage","Fusion"],"picked":"Melter","floor":3},{"not_picked":["Blizzard","Redo"],"picked":"Beam Cell","floor":7},{"not_picked":["Turbo","White Noise","Electrodynamics"],"picked":"SKIP","floor":11},{"not_picked":["Hologram","Cold Snap","Steam"],"picked":"SKIP","floor":13},{"not_picked":["Redo","Stack"],"picked":"Darkness","floor":14},{"not_picked":["Rainbow","Buffer"],"picked":"Machine Learning","floor":16},{"not_picked":["Rebound+1","Capacitor"],"picked":"Redo","floor":18},{"not_picked":["Reinforced Body","Ball Lightning","Streamline"],"picked":"SKIP","floor":20},{"not_picked":["Conserve Battery+1","Beam Cell","Sweeping Beam"],"picked":"SKIP","floor":25},{"not_picked":["Hello World","Rebound"],"picked":"Lockon","floor":28},{"not_picked":["Conserve Battery","Hello World+1"],"picked":"Amplify","floor":30},{"not_picked":["Steam","Hologram","Beam Cell+1"],"picked":"SKIP","floor":31},{"not_picked":["Biased Cognition","Fission"],"picked":"Echo Form","floor":33},{"not_picked":["Fusion+1","Static Discharge","Turbo+1"],"picked":"SKIP","floor":35},{"not_picked":["Stack+1","Genetic Algorithm+1"],"picked":"Hologram+1","floor":37},{"not_picked":["Conserve Battery","Redo+1","Sweeping Beam"],"picked":"SKIP","floor":39},{"not_picked":["Gash","Multi-Cast","Compile Driver+1"],"picked":"SKIP","floor":41},{"not_picked":["Capacitor","Tempest","Sweeping Beam+1"],"picked":"SKIP","floor":42},{"not_picked":["Undo+1","Turbo","Compile Driver"],"picked":"SKIP","floor":46}],"player_experience":205744,"relics_obtained":[{"floor":7,"key":"Symbiotic Virus"},{"floor":11,"key":"Matryoshka"},{"floor":26,"key":"Bottled Tornado"},{"floor":26,"key":"Blue Candle"},{"floor":28,"key":"Blood Vial"},{"floor":41,"key":"Dream Catcher"},{"floor":43,"key":"Emotion Chip"},{"floor":43,"key":"Bag of Marbles"}],"event_choices":[{"damage_healed":0,"gold_gain":0,"player_choice":"Entered Light","damage_taken":15,"max_hp_gain":0,"max_hp_loss":0,"event_name":"Shining Light","floor":2,"gold_loss":0,"cards_upgraded":["Strike_B","Defend_B"]},{"damage_healed":0,"gold_gain":0,"player_choice":"Success","damage_taken":12,"relics_obtained":["Centennial Puzzle"],"max_hp_gain":0,"max_hp_loss":0,"event_name":"Scrap Ooze","floor":5,"gold_loss":0},{"damage_healed":0,"gold_gain":0,"player_choice":"Lose Max HP","damage_taken":0,"relics_obtained":["Golden Idol"],"max_hp_gain":0,"max_hp_loss":6,"event_name":"Golden Idol","floor":10,"gold_loss":0},{"damage_healed":0,"gold_gain":0,"player_choice":"Read","damage_taken":0,"max_hp_gain":0,"max_hp_loss":0,"event_name":"The Library","floor":19,"gold_loss":0,"cards_obtained":["Loop"]},{"damage_healed":0,"gold_gain":99,"player_choice":"Stole From Cult","damage_taken":0,"max_hp_gain":0,"max_hp_loss":0,"event_name":"Nest","floor":21,"gold_loss":0},{"damage_healed":0,"gold_gain":0,"player_choice":"Opened","damage_taken":0,"relics_obtained":["MawBank"],"max_hp_gain":0,"max_hp_loss":0,"event_name":"The Mausoleum","floor":22,"gold_loss":0,"cards_obtained":["Writhe"]},{"damage_healed":17,"gold_gain":0,"player_choice":"Writhe","damage_taken":0,"max_hp_gain":0,"max_hp_loss":0,"event_name":"Winding Halls","floor":36,"gold_loss":0,"cards_obtained":["Writhe"]}],"is_beta":true,"boss_relics":[{"not_picked":["Velvet Choker","White Beast Statue"],"picked":"Nuclear Battery"},{"not_picked":["Empty Cage","Coffee Dripper"],"picked":"Sozu"}],"items_purged_floors":[12,24,38],"is_endless":false,"potions_floor_spawned":[7,11,16,31,33,37,42],"killed_by":"3 Darklings","ascension_level":0}