{"gold_per_floor":[114,129,146,14,14,14,44,56,79,134,134,162,180,180,180,253,253,264,46,46,46,96,124,140,140,165,176,186,186,216,227,227,306,306,323,340,340,440,450,481,481,493,565,45,72,82,109,109,109,109,109,109,109,30,58,58],"floor_reached":57,"playtime":4011,"items_purged":["Clumsy","Strike_R+1"],"score":2825,"play_id":"722b025c-b7d0-4b48-ae6e-fe355e3a6b29","local_time":"20190202110218","is_ascension_mode":true,"campfire_choices":[{"data":"Whirlwind","floor":6.0,"key":"SMITH"},{"data":"Limit Break","floor":15.0,"key":"SMITH"},{"floor":25.0,"key":"REST"},{"data":"Feel No Pain","floor":29.0,"key":"SMITH"},{"data":"Inflame","floor":32.0,"key":"SMITH"},{"data":"Dual Wield","floor":41.0,"key":"SMITH"},{"floor":49,"key":"RECALL"},{"data":"True Grit","floor":53,"key":"SMITH"}],"neow_cost":"CURSE","seed_source_timestamp":0,"circlet_count":0,"master_deck":["AscendersBane","Strike_R+1","Strike_R+1","Strike_R+1","Defend_R+1","Defend_R+1","Defend_R+1","Defend_R+1","Bash","Offering+1","Pommel Strike","Inflame+1","Whirlwind+1","Armaments+1","Dark Embrace","Rage","Limit Break+1","True Grit+1","Reaper","Corruption","Feel No Pain+1","Infernal Blade","Uppercut+1","Seeing Red","Feel No Pain","Flame Barrier","Impervious","Spot Weakness","Sword Boomerang","Shrug It Off+1","Dual Wield+1","Fiend Fire","Shrug It Off","Disarm","Flame Barrier","Feel No Pain","Disarm"],"special_seed":0,"relics":["Burning Blood","Centennial Puzzle","Blood Vial","Tiny Chest","Mango","Runic Pyramid","Happy Flower","Dream Catcher","Gremlin Horn","Sozu","War Paint","Ginger","Juzu Bracelet","Mummified Hand","Lantern","OrangePellets","Vajra","Boot","Self Forming Clay"],"potions_floor_usage":[55,56],"damage_taken":[{"damage":12.0,"enemies":"Cultist","floor":1.0,"turns":4.0},{"damage":4.0,"enemies":"Small Slimes","floor":2.0,"turns":4.0},{"damage":7.0,"enemies":"2 Louse","floor":3.0,"turns":3.0},{"damage":16.0,"enemies":"3 Sentries","floor":7.0,"turns":3.0},{"damage":9.0,"enemies":"Blue Slaver","floor":8.0,"turns":4.0},{"damage":28.0,"enemies":"Lagavulin","floor":10.0,"turns":7.0},{"damage":6.0,"enemies":"Gremlin Nob","floor":12.0,"turns":2.0},{"damage":6.0,"enemies":"2 Fungi Beasts","floor":13.0,"turns":3.0},{"damage":43.0,"enemies":"The Guardian","floor":16.0,"turns":13.0},{"damage":10.0,"enemies":"3 Byrds","floor":18.0,"turns":4.0},{"damage":68.0,"enemies":"Slavers","floor":23.0,"turns":5.0},{"damage":2.0,"enemies":"Chosen","floor":24.0,"turns":6.0},{"damage":32.0,"enemies":"Shelled Parasite and Fungi","floor":27.0,"turns":7.0},{"damage":24.0,"enemies":"Centurion and Healer","floor":28.0,"turns":6.0},{"damage":26.0,"enemies":"Gremlin Leader","floor":30.0,"turns":7.0},{"damage":9.0,"enemies":"Snecko","floor":31.0,"turns":7.0},{"damage":42.0,"enemies":"Automaton","floor":33.0,"turns":10.0},{"damage":6.0,"enemies":"Orb Walker","floor":35.0,"turns":4.0},{"damage":25.0,"enemies":"3 Shapes","floor":36.0,"turns":7.0},{"damage":30.0,"enemies":"Mind Bloom Boss Battle","floor":38.0,"turns":6.0},{"damage":17.0,"enemies":"Spire Growth","floor":39.0,"turns":6.0},{"damage":63.0,"enemies":"Reptomancer","floor":40.0,"turns":5.0},{"damage":6.0,"enemies":"Transient","floor":42.0,"turns":6.0},{"damage":6,"enemies":"Giant Head","floor":45,"turns":4},{"damage":12,"enemies":"Maw","floor":46,"turns":6},{"damage":30,"enemies":"Nemesis","floor":47,"turns":5},{"damage":55,"enemies":"Awakened One","floor":50,"turns":12},{"damage":64,"enemies":"Time Eater","floor":51,"turns":8},{"damage":30,"enemies":"Shield and Spear","floor":55,"turns":6},{"damage":69,"enemies":"The Heart","floor":56,"turns":10}],"seed_played":"-9168768482321062692","potions_obtained":[{"floor":7.0,"key":"SpeedPotion"},{"floor":8.0,"key":"AttackPotion"},{"floor":27.0,"key":"Strength Potion"},{"floor":33.0,"key":"LiquidBronze"}],"is_trial":false,"path_per_floor":["M","M","M","$","?","R","E","M","T","E","?","E","M","?","R","B",null,"M","$","?","?","?","E","M","R","T","M","M","R","E","M","R","B",null,"M","M","T","?","M","E","R","M","T","$","E","M","E","?","R","B","B",null,"R","$","E","B",null],"character_chosen":"IRONCLAD","items_purchased":["Block Potion","Happy Flower","AttackPotion","Lantern","Shrug It Off","OrangePellets","Feel No Pain"],"campfire_rested":1,"item_purchase_floors":[4,19,19,44,44,44,54],"current_hp_per_floor":[62,64,63,63,63,63,53,50,50,30,55,71,73,66,66,31,75,89,89,89,89,81,33,48,74,74,62,66,66,75,83,83,61,82,89,89,89,89,89,62,62,89,89,89,89,89,89,85,85,71,85,85,85,85,85,79],"gold":58,"neow_bonus":"THREE_RARE_CARDS","is_prod":false,"is_daily":false,"chose_seed":false,"campfire_upgraded":6,"win_rate":0,"timestamp":1549123338,"path_taken":["M","M","?","$","?","R","E","M","T","E","?","E","M","?","R","BOSS","M","$","?","?","?","E","?","R","T","M","M","R","E","M","R","BOSS","M","M","?","?","M","E","R","M","T","$","E","M","E","?","R","BOSS","BOSS","R","$","E","BOSS"],"build_version":"2019-01-23","purchased_purges":2,"victory":true,"max_hp_per_floor":[75,75,75,75,75,75,75,75,75,75,75,89,89,89,89,89,89,89,89,89,89,89,89,89,89,89,89,89,89,89,89,89,89,89,89,89,89,89,89,89,89,89,89,89,89,89,89,85,85,85,85,85,85,85,85,85],"card_choices":[{"not_picked":["Berserk","Juggernaut"],"picked":"Offering","floor":0.0},{"not_picked":["Havoc","Burning Pact"],"picked":"Pommel Strike","floor":1.0},{"not_picked":["Twin Strike","Searing Blow"],"picked":"Inflame","floor":2.0},{"not_picked":["Havoc","Wild Strike"],"picked":"Whirlwind","floor":3.0},{"not_picked":["Headbutt","Warcry"],"picked":"Armaments","floor":7.0},{"not_picked":["Heavy Blade","Twin Strike","Dark Embrace"],"picked":"SKIP","floor":8.0},{"not_picked":["Heavy Blade","Twin Strike"],"picked":"Dark Embrace","floor":8.0},{"not_picked":["Anger","Headbutt"],"picked":"Rage","floor":10.0},{"not_picked":["Shrug It Off","Body Slam"],"picked":"Limit Break","floor":12.0},{"not_picked":["Rampage","Thunderclap"],"picked":"True Grit","floor":13.0},{"not_picked":["Berserk","Immolate"],"picked":"Reaper","floor":16.0},{"not_picked":["Rampage+1","Warcry","Twin Strike"],"picked":"SKIP","floor":18.0},{"not_picked":["Flex","Wild Strike"],"picked":"Corruption","floor":23.0},{"not_picked":["Burning Pact","Wild Strike"],"picked":"Feel No Pain","floor":24.0},{"not_picked":["Thunderclap","Perfected Strike"],"picked":"Infernal Blade","floor":25.0},{"not_picked":["Cleave","Armaments"],"picked":"Uppercut+1","floor":27.0},{"not_picked":["Anger","Metallicize+1"],"picked":"Seeing Red","floor":28.0},{"not_picked":["Armaments","Power Through"],"picked":"Feel No Pain","floor":30.0},{"not_picked":["Cleave","Battle Trance"],"picked":"Flame Barrier","floor":31.0},{"not_picked":["Feed","Dark Embrace"],"picked":"Impervious","floor":33.0},{"not_picked":["Feel No Pain","Pommel Strike"],"picked":"Spot Weakness","floor":35.0},{"not_picked":["Cleave","Headbutt"],"picked":"Sword Boomerang","floor":36.0},{"not_picked":["Headbutt+1","Pommel Strike+1"],"picked":"Shrug It Off+1","floor":39.0},{"not_picked":["Inflame","Hemokinesis"],"picked":"Dual Wield","floor":40.0},{"not_picked":["Ghostly Armor","Clothesline"],"picked":"Fiend Fire","floor":42.0},{"not_picked":["Feed","Clash+1"],"picked":"Disarm","floor":45},{"not_picked":["Ghostly Armor","True Grit"],"picked":"Flame Barrier","floor":46},{"not_picked":["Carnage","Fire Breathing","Twin Strike"],"picked":"SKIP","floor":47},{"not_picked":["Perfected Strike+1","Anger"],"picked":"Disarm","floor":55}],"player_experience":789851,"relics_obtained":[{"floor":7.0,"key":"Centennial Puzzle"},{"floor":9.0,"key":"Blood Vial"},{"floor":10.0,"key":"Tiny Chest"},{"floor":12.0,"key":"Mango"},{"floor":23.0,"key":"Dream Catcher"},{"floor":30.0,"key":"Gremlin Horn"},{"floor":37.0,"key":"War Paint"},{"floor":38.0,"key":"Ginger"},{"floor":40.0,"key":"Juzu Bracelet"},{"floor":43.0,"key":"Mummified Hand"},{"floor":45,"key":"Vajra"},{"floor":47,"key":"Boot"},{"floor":55,"key":"Self Forming Clay"}],"event_choices":[{"damage_healed":0.0,"max_hp_gain":0.0,"max_hp_loss":0.0,"gold_gain":0.0,"event_name":"The Cleric","player_choice":"Leave","floor":5.0,"gold_loss":0.0,"damage_taken":0.0},{"damage_healed":25.0,"max_hp_gain":0.0,"max_hp_loss":0.0,"gold_gain":0.0,"event_name":"Big Fish","player_choice":"Banana","floor":11.0,"gold_loss":0.0,"damage_taken":0.0},{"cards_removed":["Strike_R"],"damage_healed":0.0,"max_hp_gain":0.0,"max_hp_loss":0.0,"gold_gain":0.0,"event_name":"Golden Wing","player_choice":"Card Removal","floor":14.0,"gold_loss":0.0,"damage_taken":7.0},{"damage_healed":0.0,"max_hp_gain":0.0,"max_hp_loss":0.0,"gold_gain":0.0,"event_name":"The Mausoleum","player_choice":"Ignored","floor":20.0,"gold_loss":0.0,"damage_taken":0.0},{"damage_healed":0.0,"max_hp_gain":0.0,"max_hp_loss":0.0,"gold_gain":0.0,"event_name":"Back to Basics","player_choice":"Simplicity","floor":21.0,"gold_loss":0.0,"damage_taken":0.0,"cards_upgraded":["Strike_R","Strike_R","Strike_R","Strike_R","Defend_R","Defend_R","Defend_R","Defend_R"]},{"damage_healed":0.0,"max_hp_gain":0.0,"max_hp_loss":0.0,"gold_gain":50.0,"event_name":"FaceTrader","player_choice":"Touch","floor":22.0,"gold_loss":0.0,"damage_taken":8.0},{"damage_healed":0.0,"max_hp_gain":0.0,"max_hp_loss":0.0,"gold_gain":0.0,"event_name":"MindBloom","player_choice":"Fight","floor":38.0,"gold_loss":0.0,"damage_taken":0.0},{"damage_healed":0,"gold_gain":0,"player_choice":"Max HP","damage_taken":0,"max_hp_gain":0,"max_hp_loss":4,"event_name":"Winding Halls","floor":48,"gold_loss":0}],"is_beta":false,"boss_relics":[{"not_picked":["Black Star","Calling Bell"],"picked":"Runic Pyramid"},{"not_picked":["Velvet Choker","Orrery"],"picked":"Sozu"}],"items_purged_floors":[4,44],"is_endless":false,"potions_floor_spawned":[7,8,27,28,33,36,39,45,47,55],"ascension_level":20}