{"gold_per_floor":[109,124,141,141,141,141,174,188,188,188,206,112,112,130,130,254,254,274,198,198,198,223,223,247,247,247,247,247,271,296,296,296,419,419,438,1437,1437,1407,889,889],"floor_reached":40,"playtime":2576,"items_purged":["Normality"],"score":729,"play_id":"1a6d9ebd-de19-460a-9282-96144d6d3e57","local_time":"20181215005956","is_ascension_mode":true,"campfire_choices":[{"data":"Zap","floor":6,"key":"SMITH"},{"data":"Dualcast","floor":10,"key":"SMITH"},{"floor":13,"key":"REST"},{"data":"Consume","floor":15,"key":"SMITH"},{"data":"Capacitor","floor":23,"key":"SMITH"},{"data":"Redo","floor":25,"key":"SMITH"},{"floor":32,"key":"REST"}],"neow_cost":"NONE","seed_source_timestamp":180308896896957,"circlet_count":0,"master_deck":["AscendersBane","Defend_B","Defend_B","Defend_B","Defend_B","Zap+1","Dualcast+1","Melter","Sunder","Coolheaded","Ball Lightning","Consume+1","Cold Snap","Capacitor+1","Redo+1","Redo","Rainbow","Compile Driver","Bite","Bite","Bite","Bite","Bite","Glacier","Cold Snap","Steam","Dramatic Entrance","Core Surge","Normality","Dark Shackles","Hello World"],"relics":["FrozenCore","NeowsBlessing","Golden Idol","Bronze Scales","Potion Belt","Gambling Chip","Question Card","Nilry\u0027s Codex","Blue Candle","Philosopher\u0027s Stone","Membership Card","Pocketwatch","Boot"],"potions_floor_usage":[16,24,33,33,33,35,40,40],"damage_taken":[{"damage":0,"enemies":"Cultist","floor":1,"turns":1},{"damage":0,"enemies":"Jaw Worm","floor":2,"turns":1},{"damage":0,"enemies":"Small Slimes","floor":3,"turns":1},{"damage":34,"enemies":"Gremlin Nob","floor":7,"turns":4},{"damage":4,"enemies":"Red Slaver","floor":8,"turns":2},{"damage":15,"enemies":"Lots of Slimes","floor":11,"turns":3},{"damage":10,"enemies":"Gremlin Gang","floor":14,"turns":3},{"damage":20,"enemies":"The Guardian","floor":16,"turns":10},{"damage":2,"enemies":"3 Byrds","floor":18,"turns":3},{"damage":0,"enemies":"Spheric Guardian","floor":22,"turns":2},{"damage":19,"enemies":"Snake Plant","floor":24,"turns":6},{"damage":14,"enemies":"Centurion and Healer","floor":29,"turns":7},{"damage":0,"enemies":"Snecko","floor":30,"turns":6},{"damage":10,"enemies":"Champ","floor":33,"turns":17},{"damage":46,"enemies":"3 Darklings","floor":35,"turns":6},{"damage":21,"enemies":"Reptomancer","floor":40,"turns":2}],"seed_played":"-1333741915149203490","potions_obtained":[{"floor":3,"key":"PowerPotion"},{"floor":7,"key":"Dexterity Potion"},{"floor":11,"key":"Fire Potion"},{"floor":18,"key":"SkillPotion"},{"floor":29,"key":"Explosive Potion"},{"floor":35,"key":"GamblersBrew"},{"floor":38,"key":"Energy Potion"},{"floor":38,"key":"Poison Potion"}],"is_trial":false,"path_per_floor":["M","M","M","?","?","R","E","M","T","R","M","$","R","M","R","B",null,"M","$","T","?","M","R","M","R","T","?","?","M","M","?","R","B",null,"M","?","?","?","$","E"],"character_chosen":"DEFECT","items_purchased":["Capacitor","Redo","Regen Potion","Membership Card","Pocketwatch","Boot","EssenceOfSteel","Hello World"],"campfire_rested":2,"item_purchase_floors":[12,12,19,39,39,39,39,39],"current_hp_per_floor":[68,68,68,68,68,68,34,30,30,30,15,15,37,27,27,7,58,56,56,56,52,52,52,47,47,47,31,31,25,31,19,34,40,49,11,11,11,11,11,0],"gold":889,"neow_bonus":"THREE_ENEMY_KILL","is_prod":false,"is_daily":false,"chose_seed":false,"campfire_upgraded":5,"win_rate":0,"timestamp":1544810396,"path_taken":["M","M","?","?","?","R","E","?","T","R","?","$","R","?","R","BOSS","M","$","?","?","M","R","M","R","T","?","?","M","?","?","R","BOSS","M","?","?","?","$","E"],"build_version":"2018-12-13","purchased_purges":1,"victory":false,"max_hp_per_floor":[75,75,75,75,75,75,75,75,75,75,75,75,75,75,75,75,75,75,75,75,52,52,52,52,52,52,52,52,52,52,52,52,52,52,52,52,52,52,52,52],"card_choices":[{"not_picked":["Turbo","Stack"],"picked":"Melter","floor":1},{"not_picked":["Redo","Doom and Gloom"],"picked":"Sunder","floor":2},{"not_picked":["Genetic Algorithm","Gash"],"picked":"Coolheaded","floor":3},{"not_picked":["Stack","Hyperbeam"],"picked":"Ball Lightning","floor":7},{"not_picked":["Redo","Beam Cell"],"picked":"Consume","floor":8},{"not_picked":["Barrage","Redo"],"picked":"Cold Snap","floor":11},{"not_picked":["Barrage","Streamline"],"picked":"Redo","floor":14},{"not_picked":["Thunder Strike","Reboot"],"picked":"Rainbow","floor":16},{"not_picked":["Tempest","Recycle"],"picked":"Compile Driver","floor":18},{"not_picked":["Steam","Sweeping Beam"],"picked":"Glacier","floor":22},{"not_picked":["Turbo","Stack"],"picked":"Cold Snap","floor":24},{"not_picked":["Turbo","All For One","Ball Lightning"],"picked":"Steam","floor":29},{"not_picked":["Storm+1","Lockon","Beam Cell","Streamline"],"picked":"SKIP","floor":30},{"not_picked":["Buffer","Machine Learning","Hyperbeam"],"picked":"Core Surge","floor":33},{"not_picked":["Streamline","Undo+1","Cold Snap","Reinforced Body"],"picked":"SKIP","floor":35},{"not_picked":["HandOfGreed","Mayhem","Transmutation"],"picked":"Dark Shackles","floor":37}],"player_experience":230634,"relics_obtained":[{"floor":7,"key":"Bronze Scales"},{"floor":9,"key":"Potion Belt"},{"floor":20,"key":"Gambling Chip"},{"floor":26,"key":"Question Card"},{"floor":27,"key":"Nilry\u0027s Codex"},{"floor":28,"key":"Blue Candle"}],"event_choices":[{"damage_healed":0,"gold_gain":0,"player_choice":"Take Wound","damage_taken":0,"relics_obtained":["Golden Idol"],"max_hp_gain":0,"max_hp_loss":0,"event_name":"Golden Idol","floor":4,"gold_loss":0,"cards_obtained":["Injury"]},{"cards_removed":["Injury"],"damage_healed":0,"gold_gain":0,"player_choice":"Removed Curses","damage_taken":0,"max_hp_gain":0,"max_hp_loss":0,"event_name":"Fountain of Cleansing","floor":5,"gold_loss":0},{"damage_healed":0,"gold_gain":0,"player_choice":"Became a vampire","damage_taken":0,"max_hp_gain":0,"max_hp_loss":23,"event_name":"Vampires","floor":21,"gold_loss":0,"cards_obtained":["Bite","Bite","Bite","Bite","Bite"]},{"damage_healed":0,"gold_gain":0,"player_choice":"Obtained Book","damage_taken":16,"max_hp_gain":0,"max_hp_loss":0,"event_name":"Cursed Tome","floor":27,"gold_loss":0},{"damage_healed":0,"gold_gain":0,"player_choice":"Relic","damage_taken":0,"max_hp_gain":0,"max_hp_loss":0,"event_name":"Wheel of Change","floor":28,"gold_loss":0},{"damage_healed":0,"gold_gain":0,"player_choice":"CARD ","damage_taken":12,"max_hp_gain":0,"max_hp_loss":0,"event_name":"Knowing Skull","floor":31,"potions_obtained":[],"gold_loss":0,"cards_obtained":["Dramatic Entrance"]},{"damage_healed":0,"gold_gain":999,"player_choice":"Gold","damage_taken":0,"max_hp_gain":0,"max_hp_loss":0,"event_name":"MindBloom","floor":36,"gold_loss":0,"cards_obtained":["Normality","Normality"]},{"damage_healed":0,"gold_gain":0,"player_choice":"Memory 1","damage_taken":0,"max_hp_gain":0,"max_hp_loss":0,"event_name":"SensoryStone","floor":37,"gold_loss":0},{"damage_healed":0,"gold_gain":0,"player_choice":"Bought 2 Potions","damage_taken":0,"max_hp_gain":0,"max_hp_loss":0,"event_name":"The Woman in Blue","floor":38,"gold_loss":0}],"is_beta":false,"boss_relics":[{"not_picked":["Velvet Choker","Calling Bell"],"picked":"FrozenCore"},{"not_picked":["Black Star","Tiny House"],"picked":"Philosopher\u0027s Stone"}],"items_purged_floors":[39],"is_endless":false,"potions_floor_spawned":[3,7,11,18,29,35],"killed_by":"Reptomancer","ascension_level":12}