{"gold_per_floor":[114,114,129,129,129,129,129,144,144,159,159,159,189,189,189,289,289,304,304,304,319,127,157,157,157,157,157,172,187,262,362,362,462,462,477,480,480,495,495,525,540,540,540,555,555,405,420,152,152,152],"floor_reached":51,"playtime":3694,"items_purged":[],"score":916,"play_id":"fc15c4e4-8070-4d6c-8142-4b7ed65d0c29","local_time":"20181002215413","daily_mods":["Chimera","Hoarder","Terminal"],"is_ascension_mode":false,"campfire_choices":[{"data":"Bash","floor":7.0,"key":"SMITH"},{"data":"Storm","floor":11.0,"key":"SMITH"},{"data":"Storm","floor":15.0,"key":"SMITH"},{"data":"Apotheosis","floor":24.0,"key":"SMITH"},{"data":"Apotheosis","floor":27.0,"key":"SMITH"},{"data":"Storm","floor":32.0,"key":"SMITH"},{"data":"Buffer","floor":42.0,"key":"SMITH"},{"data":"Buffer","floor":45.0,"key":"SMITH"},{"data":"Heatsinks","floor":49.0,"key":"SMITH"}],"neow_cost":"","seed_source_timestamp":0,"circlet_count":0,"master_deck":["Bash+1","Survivor","Zap+1","Strike_R","Strike_B","Defend_R","Defend_B","White Noise","White Noise","White Noise","Storm+1","Storm+1","Storm+1","Rebound","Rebound","Rebound","Stack","Stack","Stack","Beam Cell","Beam Cell","Beam Cell","Machine Learning","Machine Learning","Machine Learning","Ghostly","Ghostly","Ghostly","Ghostly","Ghostly","Ghostly","Ghostly","Ghostly","Ghostly","Ghostly","Ghostly","Ghostly","Ghostly","Ghostly","Ghostly","Apotheosis+1","Apotheosis+1","Beam Cell","Beam Cell","Beam Cell","Tempest","Tempest","Tempest","Buffer+1","Buffer+1","Buffer","Gash","Gash","Gash","Storm+1","Storm+1","Storm+1","Heatsinks+1","Heatsinks","Heatsinks"],"special_seed":17806,"relics":["Cracked Core","Anchor","Dream Catcher","Busted Crown","Pen Nib","Meat on the Bone","Sundial","Peace Pipe","Bottled Tornado","White Beast Statue","Incense Burner","Pear","Art of War","Ancient Tea Set","DollysMirror"],"potions_floor_usage":[],"damage_taken":[{"damage":0.0,"enemies":"2 Louse","floor":1.0,"turns":2.0},{"damage":0.0,"enemies":"Cultist","floor":3.0,"turns":3.0},{"damage":6.0,"enemies":"Jaw Worm","floor":8.0,"turns":2.0},{"damage":8.0,"enemies":"2 Fungi Beasts","floor":10.0,"turns":3.0},{"damage":0.0,"enemies":"Lagavulin","floor":13.0,"turns":3.0},{"damage":37.0,"enemies":"Hexaghost","floor":16.0,"turns":6.0},{"damage":18.0,"enemies":"3 Byrds","floor":18.0,"turns":3.0},{"damage":0.0,"enemies":"Chosen","floor":21.0,"turns":4.0},{"damage":0.0,"enemies":"Gremlin Leader","floor":23.0,"turns":8.0},{"damage":12.0,"enemies":"Shelled Parasite and Fungi","floor":28.0,"turns":5.0},{"damage":0.0,"enemies":"Snake Plant","floor":29.0,"turns":3.0},{"damage":6.0,"enemies":"Colosseum Slavers","floor":31.0,"turns":4.0},{"damage":0.0,"enemies":"Colosseum Nobs","floor":31.0,"turns":5.0},{"damage":0.0,"enemies":"Champ","floor":33.0,"turns":10.0},{"damage":0.0,"enemies":"Orb Walker","floor":35.0,"turns":4.0},{"damage":0.0,"enemies":"Mysterious Sphere","floor":36.0,"turns":6.0},{"damage":1.0,"enemies":"3 Shapes","floor":38.0,"turns":3.0},{"damage":0.0,"enemies":"2 Orb Walkers","floor":40.0,"turns":6.0},{"damage":0.0,"enemies":"Spire Growth","floor":41.0,"turns":4.0},{"damage":0.0,"enemies":"4 Shapes","floor":44.0,"turns":5.0},{"damage":0.0,"enemies":"Sphere and 2 Shapes","floor":47.0,"turns":6.0},{"damage":5,"enemies":"Donu and Deca","floor":50,"turns":7}],"seed_played":"-7174466282255395136","potions_obtained":[{"floor":1.0,"key":"SteroidPotion"},{"floor":16.0,"key":"GamblersBrew"},{"floor":18.0,"key":"Weak Potion"},{"floor":31.0,"key":"LiquidBronze"},{"floor":33.0,"key":"Ancient Potion"},{"floor":35.0,"key":"Ancient Potion"}],"is_trial":false,"path_per_floor":["M","?","M","?","?","$","R","M","T","M","R","$","E","?","R","B",null,"M","?","?","M","$","E","R","$","T","R","M","M","T","?","R","B",null,"M","?","?","M","?","E","M","R","T","M","R","$","M","$","R","B"],"character_chosen":"DEFECT","items_purchased":["Apotheosis","Ancient Tea Set","DollysMirror","Heatsinks"],"campfire_rested":0,"item_purchase_floors":[22,46,48,48],"current_hp_per_floor":[73,72,71,70,69,68,67,61,61,60,60,60,60,65,64,27,62,44,29,28,27,26,25,24,23,22,21,20,19,18,12,12,12,14,13,12,11,10,9,18,17,16,15,14,13,12,11,10,9,8],"gold":152,"neow_bonus":"","is_prod":false,"is_daily":true,"chose_seed":false,"campfire_upgraded":9,"win_rate":0,"timestamp":1538484853,"path_taken":["M","?","M","?","?","?","R","M","T","M","R","$","E","?","R","BOSS","M","?","?","M","$","E","R","?","T","R","?","?","?","?","R","BOSS","M","?","?","?","?","E","M","R","T","M","R","$","M","$","R","BOSS"],"build_version":"2018-09-27","purchased_purges":0,"victory":true,"max_hp_per_floor":[73,72,71,70,69,68,67,66,65,64,63,62,61,65,64,63,62,61,29,28,27,26,25,24,23,22,21,20,19,18,17,16,15,14,13,12,11,10,9,18,17,16,15,14,13,12,11,10,9,8],"card_choices":[{"not_picked":["Scrape","Cold Snap"],"picked":"White Noise","floor":1.0},{"not_picked":["Coolheaded","Fusion"],"picked":"Storm","floor":3.0},{"not_picked":["BootSequence","Compile Driver"],"picked":"Rebound","floor":8.0},{"not_picked":["Hologram","Sweeping Beam"],"picked":"Stack","floor":10.0},{"not_picked":["Coolheaded","Compile Driver"],"picked":"Beam Cell","floor":13.0},{"not_picked":["Reboot","Meteor Strike"],"picked":"Machine Learning","floor":16.0},{"not_picked":["Compile Driver"],"picked":"SKIP","floor":18.0},{"not_picked":["Steam Power"],"picked":"SKIP","floor":21.0},{"not_picked":["Recycle"],"picked":"SKIP","floor":23.0},{"not_picked":[],"picked":"Beam Cell","floor":28.0},{"not_picked":["Conserve Battery"],"picked":"SKIP","floor":29.0},{"not_picked":[],"picked":"Tempest","floor":31.0},{"not_picked":[],"picked":"Buffer","floor":33.0},{"not_picked":["Sweeping Beam+1"],"picked":"SKIP","floor":35.0},{"not_picked":[],"picked":"Gash","floor":38.0},{"not_picked":["Rebound"],"picked":"SKIP","floor":40.0},{"not_picked":["Steam"],"picked":"SKIP","floor":41.0},{"not_picked":["Sweeping Beam"],"picked":"SKIP","floor":44.0},{"not_picked":["Go for the Eyes+1"],"picked":"SKIP","floor":47.0}],"player_experience":44616,"relics_obtained":[{"floor":9.0,"key":"Anchor"},{"floor":13.0,"key":"Dream Catcher"},{"floor":23.0,"key":"Pen Nib"},{"floor":26.0,"key":"Meat on the Bone"},{"floor":30.0,"key":"Sundial"},{"floor":31.0,"key":"Peace Pipe"},{"floor":31.0,"key":"Bottled Tornado"},{"floor":36.0,"key":"Incense Burner"},{"floor":40.0,"key":"Pear"},{"floor":43.0,"key":"Art of War"}],"event_choices":[{"event_name":"Upgrade Shrine","player_choice":"Upgraded","floor":2.0,"damage_taken":0.0},{"event_name":"Scrap Ooze","player_choice":"unsuccessful","floor":4.0,"damage_taken":0.0},{"event_name":"Liars Game","player_choice":"disagreed","floor":5.0,"damage_taken":0.0},{"event_name":"Big Fish","player_choice":"Donut","floor":14.0,"damage_taken":0.0},{"event_name":"Ghosts","player_choice":"Became a Ghost","floor":19.0,"damage_taken":0.0},{"event_name":"Purifier","player_choice":"One Purge","floor":20.0,"damage_taken":0.0},{"event_name":"Colosseum","player_choice":"Fight","floor":31.0,"damage_taken":0.0},{"event_name":"Colosseum","player_choice":"Fought Nobs","floor":31.0,"damage_taken":0.0},{"event_name":"Mysterious Sphere","player_choice":"Fight","floor":36.0,"damage_taken":0.0},{"event_name":"Wheel of Change","player_choice":"Card Removal","floor":37.0,"damage_taken":0.0},{"event_name":"Falling","player_choice":"Removed Skill","floor":39.0,"damage_taken":0.0}],"is_beta":false,"boss_relics":[{"not_picked":["Runic Pyramid","Tiny House"],"picked":"Busted Crown"},{"not_picked":["Snecko Eye","FrozenCore"],"picked":"White Beast Statue"}],"items_purged_floors":[],"is_endless":false,"potions_floor_spawned":[1,16,18,31,33,35,36,38,40,41,44,47],"ascension_level":0}