{"path_per_floor":["M","?","$","?","M","E","R","E","T","$","R","?","M","M","R","B",null,"M","M","?","M","M","R","M","R","T","E","?","M","?","?","R","B",null,"M","?","M","$","M","R","M","R","T","E","R","M","?","$","R"],"character_chosen":"IRONCLAD","items_purchased":["Kunai","Swift Strike","Bottled Flame","Block Potion"],"gold_per_floor":[116,116,41,116,131,162,162,194,249,2,2,2,21,36,36,131,131,149,168,168,188,201,201,218,218,241,270,270,285,210,210,210,311,311,326,326,342,12,32,32,42,42,42,77,77,91,91,40,40],"floor_reached":50,"campfire_rested":6,"playtime":2365,"current_hp_per_floor":[64,57,57,46,54,29,68,26,26,26,65,48,54,56,56,18,67,51,55,55,34,40,40,42,83,83,54,54,49,49,49,49,34,82,77,77,44,44,14,59,50,95,109,68,68,61,61,61,111],"items_purged":["Parasite"],"gold":40,"score":800,"play_id":"d3aae4cf-c271-452e-a391-b5be88ee6d56","local_time":"20180313171145","is_prod":false,"is_daily":false,"is_ascension_mode":true,"campfire_upgraded":4,"timestamp":1520979105,"path_taken":["M","?","?","?","M","E","R","E","T","$","R","?","M","M","R","BOSS","M","?","?","M","?","R","M","R","T","E","?","M","?","?","R","BOSS","M","?","M","$","M","R","M","R","T","E","R","M","?","?","R","BOSS"],"build_version":"2018-03-09","purchased_purges":3,"victory":false,"master_deck":["Defend_R+1","Defend_R+1","Defend_R+1","Bash","Iron Wave","Intimidate+1","Metallicize+1","Double Tap+1","Offering+1","Sword Boomerang+1","Anger+1","Hemokinesis+1","Dropkick","Dual Wield+1","Ghostly Armor+1","Swift Strike","Pummel+1","Disarm"],"max_hp_per_floor":[80,80,77,77,79,81,81,83,83,83,83,83,83,83,83,83,83,83,83,83,83,85,85,87,87,87,94,94,96,96,96,96,98,98,98,98,100,100,102,102,102,102,116,118,118,118,118,118,118],"relics":["Black Blood","Singing Bowl","Shuriken","Regal Pillow","Smiling Mask","Bronze Scales","Kunai","Astrolabe","Ancient Tea Set","War Paint","Strawberry","Bottled Flame","Mango","Molten Egg 2"],"card_choices":[{"not_picked":["Headbutt","Armaments"],"picked":"Iron Wave"},{"not_picked":["Thunderclap","Rampage"],"picked":"Intimidate"},{"not_picked":["Wild Strike","Heavy Blade"],"picked":"Metallicize"},{"not_picked":["Fiend Fire","Berserk"],"picked":"Double Tap"},{"not_picked":["Pommel Strike","Evolve"],"picked":"Hemokinesis"},{"not_picked":["Pommel Strike","Twin Strike"],"picked":"Dropkick"},{"not_picked":["Wild Strike","Flame Barrier"],"picked":"Thunderclap"},{"not_picked":["Twin Strike","Warcry"],"picked":"Dual Wield"},{"not_picked":["Warcry","Headbutt"],"picked":"Ghostly Armor"},{"not_picked":["Thunderclap","Pommel Strike"],"picked":"Pummel"},{"not_picked":["Hemokinesis","Heavy Blade"],"picked":"Disarm"}],"player_experience":197494,"potions_floor_usage":[16,16,18,22,27,27,29,33,33,39,50,50,50],"damage_taken":[{"damage":14,"enemies":"2 Louse","floor":1,"turns":3},{"damage":0,"enemies":"Small Slimes","floor":5,"turns":4},{"damage":33,"enemies":"3 Sentries","floor":6,"turns":12},{"damage":50,"enemies":"Lagavulin","floor":8,"turns":6},{"damage":0,"enemies":"Cultist","floor":13,"turns":3},{"damage":4,"enemies":"Blue Slaver","floor":14,"turns":4},{"damage":44,"enemies":"Hexaghost","floor":16,"turns":12},{"damage":22,"enemies":"2 Thieves","floor":18,"turns":3},{"damage":2,"enemies":"3 Byrds","floor":19,"turns":5},{"damage":27,"enemies":"Snake Plant","floor":21,"turns":4},{"damage":11,"enemies":"Chosen and Byrds","floor":22,"turns":4},{"damage":6,"enemies":"3 Cultists","floor":24,"turns":4},{"damage":42,"enemies":"Gremlin Leader","floor":27,"turns":5},{"damage":25,"enemies":"Centurion and Healer","floor":29,"turns":5},{"damage":23,"enemies":"Collector","floor":33,"turns":5},{"damage":15,"enemies":"Orb Walker","floor":35,"turns":3},{"damage":45,"enemies":"3 Shapes","floor":37,"turns":5},{"damage":42,"enemies":"Sphere and 2 Shapes","floor":39,"turns":6},{"damage":19,"enemies":"3 Darklings","floor":41,"turns":5},{"damage":53,"enemies":"Nemesis","floor":44,"turns":7},{"damage":17,"enemies":"Maw","floor":46,"turns":5},{"damage":121,"enemies":"Awakened One","floor":50,"turns":10}],"event_choices":[{"event_name":"Scrap Ooze","player_choice":"success","floor":2,"damage_taken":7},{"event_name":"World of Goop","player_choice":"Gather Gold","floor":4,"damage_taken":0},{"event_name":"Shining Light","player_choice":"Entered Light","floor":12,"damage_taken":0},{"event_name":"The Mausoleum","player_choice":"Yes","floor":20,"damage_taken":0},{"event_name":"The Lab","player_choice":"Got Potions","floor":28,"damage_taken":0},{"event_name":"Beggar","player_choice":"Gave Gold","floor":30,"damage_taken":0},{"event_name":"Back to Basics","player_choice":"Elegance","floor":31,"damage_taken":0},{"event_name":"Purifier","player_choice":"One Purge","floor":47,"damage_taken":0}],"boss_relics":[{"not_picked":["Tiny House","Runic Pyramid"],"picked":"Astrolabe"},{"not_picked":["Cursed Key","Calling Bell"],"picked":"Black Blood"}],"potions_floor_spawned":[8,13,14,18,19,21,29,33,44,46],"seed_played":"6953444818458616904","killed_by":"Awakened One","ascension_level":10,"is_trial":false}