{"gold_per_floor":[114,128,303,317,334,334,334,334,334,334,374,390,390,33,33,154,154,174,174,197,197,218,218,231,254,254,69,88,88,51,75,75,198,198,222,246,265,140,140,174,189,208,231,266,266,285,306,35,35,35],"floor_reached":51,"playtime":3963,"items_purged":["Doubt","Injury","Parasite","Strike_B"],"score":1169,"play_id":"18e50333-abc2-4845-bbfd-6746dc61a4ce","local_time":"20181214025913","is_ascension_mode":true,"campfire_choices":[{"data":"Zap","floor":6,"key":"SMITH"},{"data":"Dualcast","floor":8,"key":"SMITH"},{"data":"Chaos","floor":10,"key":"SMITH"},{"floor":15,"key":"REST"},{"floor":23,"key":"REST"},{"data":"Consume","floor":32,"key":"SMITH"},{"data":"Discovery","floor":45,"key":"SMITH"},{"floor":49,"key":"REST"}],"neow_cost":"NONE","seed_source_timestamp":99638603917899,"circlet_count":0,"master_deck":["AscendersBane","Strike_B+1","Strike_B","Strike_B","Defend_B","Defend_B","Defend_B","Defend_B","Zap+1","Dualcast+1","Cold Snap","Go for the Eyes","Chill","Chaos+1","Seek","Cold Snap+1","Consume+1","Creative AI","Compile Driver+1","Consume+1","FTL","White Noise","Discovery+1","Redo","Defragment+1","Darkness","Defragment"],"relics":["FrozenCore","Bronze Scales","Golden Idol","Singing Bowl","Torii","Runic Capacitor","Nilry\u0027s Codex","Bird Faced Urn","Inserter","Kunai","Whetstone","Happy Flower","Membership Card"],"potions_floor_usage":[11,24,24,37,50,50],"damage_taken":[{"damage":8,"enemies":"Jaw Worm","floor":1,"turns":4},{"damage":2,"enemies":"2 Louse","floor":2,"turns":2},{"damage":0,"enemies":"Cultist","floor":4,"turns":3},{"damage":10,"enemies":"Looter","floor":5,"turns":3},{"damage":26,"enemies":"Gremlin Nob","floor":11,"turns":4},{"damage":16,"enemies":"Exordium Wildlife","floor":12,"turns":6},{"damage":37,"enemies":"Slime Boss","floor":16,"turns":13},{"damage":3,"enemies":"Chosen","floor":18,"turns":7},{"damage":10,"enemies":"Shell Parasite","floor":20,"turns":6},{"damage":7,"enemies":"Shelled Parasite and Fungi","floor":22,"turns":6},{"damage":1,"enemies":"Snake Plant","floor":24,"turns":4},{"damage":0,"enemies":"Sentry and Sphere","floor":25,"turns":7},{"damage":1,"enemies":"Shelled Parasite and Fungi","floor":28,"turns":5},{"damage":1,"enemies":"Snecko","floor":31,"turns":8},{"damage":0,"enemies":"Champ","floor":33,"turns":10},{"damage":1,"enemies":"3 Shapes","floor":35,"turns":10},{"damage":11,"enemies":"3 Darklings","floor":36,"turns":5},{"damage":1,"enemies":"4 Shapes","floor":37,"turns":6},{"damage":57,"enemies":"Reptomancer","floor":40,"turns":11},{"damage":20,"enemies":"Sphere and 2 Shapes","floor":41,"turns":7},{"damage":1,"enemies":"Spire Growth","floor":42,"turns":10},{"damage":42,"enemies":"Giant Head","floor":44,"turns":7},{"damage":16,"enemies":"Maw","floor":46,"turns":10},{"damage":1,"enemies":"Sphere and 2 Shapes","floor":47,"turns":6},{"damage":20,"enemies":"Donu and Deca","floor":50,"turns":7}],"seed_played":"3282689010080303927","potions_obtained":[{"floor":1,"key":"Swift Potion"},{"floor":4,"key":"EssenceOfSteel"},{"floor":11,"key":"LiquidBronze"},{"floor":24,"key":"FocusPotion"},{"floor":25,"key":"SteroidPotion"},{"floor":28,"key":"Explosive Potion"},{"floor":37,"key":"FairyPotion"},{"floor":40,"key":"FocusPotion"}],"is_trial":false,"path_per_floor":["M","M","?","M","M","R","?","R","T","R","E","M","?","$","R","B",null,"M","?","M","?","M","R","M","M","T","$","M","?","$","M","R","B",null,"M","M","M","$","?","E","M","M","T","E","R","M","M","$","R","B",null],"character_chosen":"DEFECT","items_purchased":["Consume","Runic Capacitor","Discovery","Darkness","Membership Card"],"campfire_rested":3,"item_purchase_floors":[14,14,27,30,48],"current_hp_per_floor":[60,58,58,58,48,48,48,48,48,48,22,6,24,24,46,9,59,56,40,32,32,25,48,47,47,47,47,56,56,56,73,73,81,81,83,79,87,84,84,45,45,62,62,40,40,62,71,71,94,84],"gold":35,"neow_bonus":"RANDOM_COMMON_RELIC","is_prod":false,"is_daily":false,"chose_seed":false,"campfire_upgraded":5,"win_rate":0,"timestamp":1544731153,"path_taken":["M","M","?","M","M","R","?","R","T","R","E","?","?","$","R","BOSS","M","?","M","?","?","R","M","M","T","$","M","?","?","M","R","BOSS","M","M","M","$","?","E","M","M","T","E","R","M","?","$","R","BOSS"],"build_version":"2018-12-06","purchased_purges":4,"victory":true,"max_hp_per_floor":[75,75,75,75,75,75,75,75,75,75,75,75,75,75,75,75,75,75,75,77,77,77,77,77,77,77,77,77,77,77,79,79,81,81,83,85,87,84,84,86,88,90,90,92,92,94,94,94,94,94],"card_choices":[{"not_picked":["Ball Lightning","Double Energy"],"picked":"Cold Snap","floor":1},{"not_picked":["Sweeping Beam","Cold Snap"],"picked":"Go for the Eyes","floor":2},{"not_picked":["Streamline","Rebound"],"picked":"Chill","floor":4},{"not_picked":["Sweeping Beam","Conserve Battery"],"picked":"Chaos","floor":5},{"not_picked":["Chaos","Hyperbeam"],"picked":"Seek","floor":11},{"not_picked":["Chaos","Sweeping Beam"],"picked":"Cold Snap","floor":12},{"not_picked":["Reboot","All For One"],"picked":"Creative AI","floor":16},{"not_picked":["Sweeping Beam","Beam Cell"],"picked":"Compile Driver+1","floor":18},{"not_picked":["Force Field","Rebound","Beam Cell+1"],"picked":"Singing Bowl","floor":20},{"not_picked":["Streamline","Hologram"],"picked":"Consume","floor":22},{"not_picked":["Turbo","Compile Driver"],"picked":"FTL","floor":24},{"not_picked":["Recycle","Sweeping Beam"],"picked":"White Noise","floor":25},{"not_picked":["Coolheaded","Steam Power+1"],"picked":"Redo","floor":28},{"not_picked":["Buffer","Gash+1","Recycle"],"picked":"Singing Bowl","floor":31},{"not_picked":["Amplify","Seek","Meteor Strike"],"picked":"Singing Bowl","floor":33},{"not_picked":["Compile Driver","Steam Power+1","BootSequence"],"picked":"Singing Bowl","floor":35},{"not_picked":["Tempest","Steam+1","Coolheaded+1"],"picked":"Singing Bowl","floor":36},{"not_picked":["Chill+1","Conserve Battery+1","Streamline+1"],"picked":"Singing Bowl","floor":37},{"not_picked":["Reinforced Body","Core Surge","Compile Driver"],"picked":"Singing Bowl","floor":40},{"not_picked":["Hello World+1","Static Discharge","Aggregate"],"picked":"Singing Bowl","floor":41},{"not_picked":["Barrage+1","Steam Power+1","Skim+1"],"picked":"Singing Bowl","floor":42},{"not_picked":["Coolheaded+1","Redo+1","Gash"],"picked":"Singing Bowl","floor":44},{"not_picked":["Steam+1","Leap+1","Go for the Eyes"],"picked":"Singing Bowl","floor":46},{"not_picked":["Streamline","Sweeping Beam+1"],"picked":"Defragment","floor":47}],"player_experience":225559,"relics_obtained":[{"floor":9,"key":"Singing Bowl"},{"floor":11,"key":"Torii"},{"floor":19,"key":"Nilry\u0027s Codex"},{"floor":26,"key":"Bird Faced Urn"},{"floor":40,"key":"Kunai"},{"floor":43,"key":"Whetstone"},{"floor":44,"key":"Happy Flower"}],"event_choices":[{"damage_healed":0,"gold_gain":175,"player_choice":"AGREE","damage_taken":0,"max_hp_gain":0,"max_hp_loss":0,"event_name":"Liars Game","floor":3,"gold_loss":0,"cards_obtained":["Doubt"]},{"damage_healed":0,"gold_gain":0,"player_choice":"Take Wound","damage_taken":0,"relics_obtained":["Golden Idol"],"max_hp_gain":0,"max_hp_loss":0,"event_name":"Golden Idol","floor":7,"gold_loss":0,"cards_obtained":["Injury"]},{"damage_healed":18,"gold_gain":0,"player_choice":"Healed and dodged fight","damage_taken":0,"max_hp_gain":0,"max_hp_loss":0,"event_name":"Mushrooms","floor":13,"gold_loss":0,"cards_obtained":["Parasite"]},{"damage_healed":0,"gold_gain":0,"player_choice":"Obtained Book","damage_taken":16,"max_hp_gain":0,"max_hp_loss":0,"event_name":"Cursed Tome","floor":19,"gold_loss":0},{"damage_healed":0,"gold_gain":0,"player_choice":"Upgraded","damage_taken":0,"max_hp_gain":0,"max_hp_loss":0,"event_name":"Upgrade Shrine","floor":21,"gold_loss":0,"cards_upgraded":["Consume"]},{"damage_healed":0,"gold_gain":0,"player_choice":"Read","damage_taken":0,"max_hp_gain":0,"max_hp_loss":0,"event_name":"The Library","floor":29,"gold_loss":0,"cards_obtained":["Defragment"]},{"damage_healed":0,"gold_gain":0,"player_choice":"Forge","damage_taken":0,"max_hp_gain":0,"max_hp_loss":0,"event_name":"Accursed Blacksmith","floor":39,"gold_loss":0,"cards_upgraded":["Defragment"]}],"is_beta":false,"boss_relics":[{"not_picked":["Fusion Hammer","Tiny House"],"picked":"FrozenCore"},{"not_picked":["Philosopher\u0027s Stone","Lizard Tail"],"picked":"Inserter"}],"items_purged_floors":[14,27,38,48],"is_endless":false,"potions_floor_spawned":[1,4,11,18,24,25,28,37,40,44,47],"ascension_level":11}