{"gold_per_floor":[116,116,37,55,73,73,98,98,124,138,138,13,88,106,106,203,203,220,237,237,36,36,63,63,63,63,63,12,12,24,41,41,144,194,214,225,278,278,32,42,42,42,42,67,67,92,110,129,129,129],"floor_reached":50,"playtime":2923,"items_purged":[],"score":593,"play_id":"ca6b30a5-e33b-4ef4-b863-391d6caf7941","local_time":"20190109152146","is_ascension_mode":false,"campfire_choices":[{"data":"Flex","floor":6.0,"key":"SMITH"},{"data":"Armaments","floor":11.0,"key":"SMITH"},{"floor":15.0,"key":"REST"},{"floor":25.0,"key":"REST"},{"data":"Seeing Red","floor":27.0,"key":"SMITH"},{"data":"Demon Form","floor":29.0,"key":"SMITH"},{"data":"Heavy Blade","floor":32.0,"key":"SMITH"},{"floor":42.0,"key":"REST"},{"floor":45.0,"key":"REST"},{"floor":49.0,"key":"REST"}],"neow_cost":"NONE","seed_source_timestamp":0,"circlet_count":0,"master_deck":["Defend_R","Defend_R","Defend_R","Defend_R","Bash","Thunderclap","Inflame","Flex+1","Heavy Blade+1","Seeing Red+1","Armaments+1","Flex","Uppercut","Flex","Demon Form+1","Clash","Flex","Bite","Bite","Bite+1","Bite","Bite","Cleave","Pommel Strike+1","Anger","The Bomb","Swift Strike","Cleave","Twin Strike","Burning Pact","Shrug It Off","Double Tap","Thunderclap","Heavy Blade"],"special_seed":0,"relics":["Burning Blood","Ancient Tea Set","Mercury Hourglass","Bag of Preparation","Busted Crown","Happy Flower","Self Forming Clay","MutagenicStrength","Ornamental Fan","Tiny House","Nunchaku","Vajra","Unceasing Top","Dream Catcher","Anchor"],"potions_floor_usage":[50,50],"damage_taken":[{"damage":5.0,"enemies":"2 Louse","floor":1.0,"turns":4.0},{"damage":8.0,"enemies":"Small Slimes","floor":4.0,"turns":4.0},{"damage":11.0,"enemies":"Jaw Worm","floor":5.0,"turns":3.0},{"damage":8.0,"enemies":"Gremlin Nob","floor":7.0,"turns":3.0},{"damage":13.0,"enemies":"3 Louse","floor":10.0,"turns":2.0},{"damage":0.0,"enemies":"Blue Slaver","floor":14.0,"turns":2.0},{"damage":45.0,"enemies":"Slime Boss","floor":16.0,"turns":9.0},{"damage":21.0,"enemies":"3 Byrds","floor":18.0,"turns":4.0},{"damage":5.0,"enemies":"Chosen","floor":19.0,"turns":4.0},{"damage":46.0,"enemies":"Gremlin Leader","floor":23.0,"turns":6.0},{"damage":0.0,"enemies":"Snecko","floor":30.0,"turns":3.0},{"damage":2.0,"enemies":"3 Cultists","floor":31.0,"turns":4.0},{"damage":33.0,"enemies":"Collector","floor":33.0,"turns":6.0},{"damage":26.0,"enemies":"3 Darklings","floor":35.0,"turns":4.0},{"damage":0.0,"enemies":"Orb Walker","floor":36.0,"turns":2.0},{"damage":50.0,"enemies":"2 Orb Walkers","floor":37.0,"turns":6.0},{"damage":22.0,"enemies":"4 Shapes","floor":40.0,"turns":4.0},{"damage":23.0,"enemies":"Reptomancer","floor":44.0,"turns":4.0},{"damage":39.0,"enemies":"Giant Head","floor":46.0,"turns":6.0},{"damage":26.0,"enemies":"Writhing Mass","floor":47.0,"turns":3.0},{"damage":12.0,"enemies":"Transient","floor":48.0,"turns":5.0},{"damage":39,"enemies":"Donu and Deca","floor":50,"turns":3}],"seed_played":"4725960321981011957","potions_obtained":[{"floor":4.0,"key":"LiquidBronze"},{"floor":5.0,"key":"PowerPotion"},{"floor":7.0,"key":"SpeedPotion"},{"floor":14.0,"key":"Fire Potion"},{"floor":18.0,"key":"GamblersBrew"},{"floor":34.0,"key":"FearPotion"},{"floor":37.0,"key":"PowerPotion"},{"floor":40.0,"key":"Regen Potion"},{"floor":44.0,"key":"Swift Potion"},{"floor":46.0,"key":"Ancient Potion"},{"floor":48.0,"key":"SkillPotion"}],"is_trial":false,"path_per_floor":["M","?","$","M","M","R","E","?","T","M","R","$","?","M","R","B",null,"M","M","?","$","?","E","?","R","T","R","$","R","M","M","R","B",null,"M","M","?","?","$","M","?","R","T","E","R","E","M","M","R","B"],"character_chosen":"IRONCLAD","items_purchased":["Inflame","Flex","Uppercut","Happy Flower","Flex","SteroidPotion","Swift Strike","Vajra"],"campfire_rested":5,"item_purchase_floors":[3,12,12,21,21,28,39,39],"current_hp_per_floor":[88,63,63,61,56,56,54,47,47,40,40,40,29,35,61,22,88,73,74,74,74,61,23,23,41,41,41,41,41,49,61,61,38,66,52,60,26,26,26,20,20,39,39,38,57,29,14,16,35,0],"gold":129,"neow_bonus":"TEN_PERCENT_HP_BONUS","is_prod":false,"is_daily":false,"chose_seed":false,"campfire_upgraded":5,"win_rate":0.0,"timestamp":1547065306,"path_taken":["M","?","$","M","M","R","E","?","T","M","R","$","?","M","R","BOSS","M","M","?","$","?","E","?","R","T","R","$","R","M","M","R","BOSS","M","M","?","?","$","M","?","R","T","E","R","E","M","M","R","BOSS"],"build_version":"2019-01-03v4","purchased_purges":0,"victory":false,"max_hp_per_floor":[88,88,88,88,88,88,88,88,88,88,88,88,88,88,88,88,88,88,88,88,88,61,61,61,61,61,61,61,61,61,61,61,61,66,66,66,66,66,66,66,66,66,66,66,66,66,66,66,66,66],"card_choices":[{"not_picked":["Perfected Strike","Clothesline"],"picked":"Thunderclap","floor":1.0},{"not_picked":["Pummel","Thunderclap"],"picked":"Flex","floor":4.0},{"not_picked":["Fire Breathing","Cleave"],"picked":"Heavy Blade","floor":5.0},{"not_picked":["Flex","Bludgeon"],"picked":"Seeing Red","floor":7.0},{"not_picked":["Headbutt","True Grit"],"picked":"Armaments","floor":10.0},{"not_picked":["Rupture","Heavy Blade"],"picked":"Flex","floor":14.0},{"not_picked":["Reaper","Berserk"],"picked":"Demon Form","floor":16.0},{"not_picked":[],"picked":"Cleave","floor":18.0},{"not_picked":[],"picked":"Clash","floor":19.0},{"not_picked":["Carnage"],"picked":"SKIP","floor":23.0},{"not_picked":["Clothesline"],"picked":"SKIP","floor":30.0},{"not_picked":[],"picked":"Cleave","floor":31.0},{"not_picked":[],"picked":"Pommel Strike+1","floor":34.0},{"not_picked":["Clothesline"],"picked":"SKIP","floor":35.0},{"not_picked":[],"picked":"Anger","floor":36.0},{"not_picked":[],"picked":"The Bomb","floor":38.0},{"not_picked":[],"picked":"Cleave","floor":40.0},{"not_picked":[],"picked":"Twin Strike","floor":44.0},{"not_picked":[],"picked":"Burning Pact","floor":45.0},{"not_picked":[],"picked":"Shrug It Off","floor":46.0},{"not_picked":[],"picked":"Double Tap","floor":47.0},{"not_picked":[],"picked":"Thunderclap","floor":48.0},{"not_picked":[],"picked":"Heavy Blade","floor":49.0}],"player_experience":8408,"relics_obtained":[{"floor":7.0,"key":"Mercury Hourglass"},{"floor":9.0,"key":"Bag of Preparation"},{"floor":23.0,"key":"Self Forming Clay"},{"floor":26.0,"key":"Ornamental Fan"},{"floor":37.0,"key":"Nunchaku"},{"floor":43.0,"key":"Unceasing Top"},{"floor":44.0,"key":"Dream Catcher"},{"floor":46.0,"key":"Anchor"}],"event_choices":[{"damage_healed":0.0,"max_hp_gain":0.0,"max_hp_loss":0.0,"gold_gain":0.0,"event_name":"Scrap Ooze","player_choice":"Success","floor":2.0,"gold_loss":0.0,"damage_taken":25.0,"relics_obtained":["Ancient Tea Set"]},{"cards_removed":["Strike_R"],"damage_healed":0.0,"max_hp_gain":0.0,"max_hp_loss":0.0,"gold_gain":0.0,"event_name":"Golden Wing","player_choice":"Card Removal","floor":8.0,"gold_loss":0.0,"damage_taken":7.0},{"damage_healed":0.0,"max_hp_gain":0.0,"max_hp_loss":0.0,"gold_gain":75.0,"event_name":"World of Goop","player_choice":"Gather Gold","floor":13.0,"gold_loss":0.0,"damage_taken":11.0},{"cards_removed":["Strike_R"],"damage_healed":0.0,"max_hp_gain":0.0,"max_hp_loss":0.0,"gold_gain":0.0,"event_name":"Back to Basics","player_choice":"Elegance","floor":20.0,"gold_loss":0.0,"damage_taken":0.0},{"damage_healed":0.0,"max_hp_gain":0.0,"max_hp_loss":27.0,"gold_gain":0.0,"event_name":"Vampires","player_choice":"Became a vampire","floor":22.0,"gold_loss":0.0,"damage_taken":0.0,"cards_obtained":["Bite","Bite","Bite","Bite","Bite"]},{"damage_healed":0.0,"max_hp_gain":0.0,"max_hp_loss":0.0,"gold_gain":0.0,"event_name":"Drug Dealer","player_choice":"Inject Mutagens","floor":24.0,"gold_loss":0.0,"damage_taken":0.0,"relics_obtained":["MutagenicStrength"]},{"damage_healed":0.0,"max_hp_gain":0.0,"max_hp_loss":0.0,"gold_gain":0.0,"event_name":"Mysterious Sphere","player_choice":"Fight","floor":37.0,"gold_loss":0.0,"damage_taken":0.0},{"damage_healed":0.0,"max_hp_gain":0.0,"max_hp_loss":0.0,"gold_gain":0.0,"event_name":"SensoryStone","player_choice":"Memory 1","floor":38.0,"gold_loss":0.0,"damage_taken":0.0},{"cards_removed":["Cleave"],"damage_healed":0.0,"max_hp_gain":0.0,"max_hp_loss":0.0,"gold_gain":0.0,"event_name":"Falling","player_choice":"Removed Attack","floor":41.0,"gold_loss":0.0,"damage_taken":0.0}],"is_beta":false,"boss_relics":[{"not_picked":["Eternal Feather","Astrolabe"],"picked":"Busted Crown"},{"not_picked":["Black Star","Orrery"],"picked":"Tiny House"}],"items_purged_floors":[],"is_endless":false,"potions_floor_spawned":[4,5,7,14,18,31,37,40,44,46,48],"killed_by":"Donu and Deca","ascension_level":0}