{"path_per_floor":["M","M","?","M","M","E","M","R","T","E","M","R","M","M","R","B",null,"M","M","?","$","?","R","E","R","T","R","M","T","E","M","R","B",null,"M","M","M","?","?","R","M","?","T","M","E","?","?","T","R","B"],"character_chosen":"THE_SILENT","items_purchased":["Meat on the Bone","Strength Potion"],"gold_per_floor":[110,123,123,133,149,178,192,192,192,218,235,235,246,258,258,360,360,371,357,357,51,51,51,77,77,77,77,94,94,120,137,137,235,235,253,263,276,276,321,321,338,0,24,43,70,70,70,122,122,122],"floor_reached":51,"campfire_rested":1,"playtime":4478,"current_hp_per_floor":[60,60,60,60,58,26,21,42,42,39,39,39,34,26,26,22,70,55,37,27,27,52,52,36,36,36,36,36,36,58,47,47,38,86,79,79,79,79,50,50,45,45,45,45,52,93,81,81,81,64],"items_purged":[],"gold":122,"score":579,"play_id":"836fcd97-d1e4-4c79-a776-e6bee1f3a543","is_prod":false,"is_daily":false,"is_ascension_mode":false,"campfire_upgraded":8,"path_taken":["M","M","?","M","M","E","M","R","T","E","M","R","M","M","R","BOSS","M","M","?","$","?","R","E","R","T","R","?","?","E","M","R","BOSS","M","M","?","?","?","R","?","?","T","M","E","?","?","?","R","BOSS"],"build_version":"2018-02-08-PROD1","purchased_purges":0,"victory":true,"master_deck":["Defend_G","Defend_G","Defend_G","Defend_G","Strike_G","Strike_G","Strike_G","Strike_G","Survivor","Neutralize+1","Endless Agony","Infinite Blades+1","Envenom+1","Blade Dance+1","Quick Slash","Backflip+1","Footwork","Dagger Spray","Prepared+1","After Image+1","Choke+1","Necronomicurse","Escape Plan","Adrenaline","Finisher","Leg Sweep+1","Slice+1","Blade Dance+1","Expertise+1","Madness","Madness"],"max_hp_per_floor":[70,70,70,70,70,70,70,70,70,70,70,70,70,70,70,70,70,70,70,76,76,76,76,76,76,76,76,76,76,86,86,86,86,86,86,86,86,86,86,86,86,86,86,86,93,93,93,93,93,93],"relics":["Ring of the Snake","Darkstone Periapt","Oddly Smooth Stone","Orichalcum","The Specimen","Necronomicon","Meat on the Bone","Snake Skull","Ancient Tea Set","Mummified Hand","Pear","Runic Dome","Sundial","Red Mask","Juzu Bracelet","Strawberry","Omamori"],"card_choices":[{"not_picked":["Leg Sweep","Deflect"],"picked":"Infinite Blades"},{"not_picked":["Bane","PiercingWail"],"picked":"Envenom"},{"not_picked":["Caltrops","PiercingWail"],"picked":"Blade Dance"},{"not_picked":["Calculated Gamble","Eviscerate"],"picked":"Quick Slash"},{"not_picked":["Noxious Fumes","Heel Hook"],"picked":"Backflip"},{"not_picked":["Flying Knee","PiercingWail"],"picked":"Footwork"},{"not_picked":["Bouncing Flask","Poisoned Stab"],"picked":"Dagger Spray"},{"not_picked":["Quick Slash","Deflect"],"picked":"Prepared"},{"not_picked":["Night Terror","Bullet Time"],"picked":"After Image"},{"not_picked":["Deadly Poison","Quick Slash"],"picked":"Choke"},{"not_picked":["Prepared","Outmaneuver"],"picked":"Escape Plan"},{"not_picked":["Tools of the Trade","Glass Knife"],"picked":"Adrenaline"},{"not_picked":["Bane","Deadly Poison"],"picked":"Finisher"},{"not_picked":["Backflip","Dagger Spray"],"picked":"Leg Sweep"},{"not_picked":["Endless Agony","Caltrops"],"picked":"Slice"},{"not_picked":["Flying Knee","Heel Hook"],"picked":"Blade Dance"},{"not_picked":["Deadly Poison","PiercingWail"],"picked":"Distraction"},{"not_picked":["Backflip","Acrobatics"],"picked":"Expertise"}],"player_experience":19188,"potions_floor_usage":[5,16,18,30,31,33,45,50,50],"damage_taken":[{"damage":10,"enemies":"Jaw Worm","floor":1,"turns":5},{"damage":0,"enemies":"2 Louse","floor":2,"turns":3},{"damage":0,"enemies":"Small Slimes","floor":4,"turns":4},{"damage":2,"enemies":"Looter","floor":5,"turns":3},{"damage":32,"enemies":"3 Sentries","floor":6,"turns":9},{"damage":5,"enemies":"Exordium Wildlife","floor":7,"turns":5},{"damage":3,"enemies":"Lagavulin","floor":10,"turns":8},{"damage":0,"enemies":"2 Fungi Beasts","floor":11,"turns":5},{"damage":5,"enemies":"Looter","floor":13,"turns":3},{"damage":8,"enemies":"Exordium Thugs","floor":14,"turns":5},{"damage":4,"enemies":"The Guardian","floor":16,"turns":11},{"damage":15,"enemies":"Chosen","floor":18,"turns":6},{"damage":18,"enemies":"2 Thieves","floor":19,"turns":4},{"damage":28,"enemies":"Gremlin Leader","floor":24,"turns":7},{"damage":12,"enemies":"Slaver and Parasite","floor":28,"turns":6},{"damage":0,"enemies":"Book of Stabbing","floor":30,"turns":4},{"damage":11,"enemies":"Snecko","floor":31,"turns":4},{"damage":21,"enemies":"Collector","floor":33,"turns":7},{"damage":7,"enemies":"3 Darklings","floor":35,"turns":4},{"damage":0,"enemies":"Orb Walker","floor":36,"turns":2},{"damage":0,"enemies":"Maw","floor":37,"turns":6},{"damage":41,"enemies":"Mysterious Sphere","floor":39,"turns":6},{"damage":5,"enemies":"3 Darklings","floor":41,"turns":5},{"damage":0,"enemies":"Sphere and 2 Shapes","floor":44,"turns":3},{"damage":12,"enemies":"Nemesis","floor":45,"turns":7},{"damage":17,"enemies":"Donu and Deca","floor":50,"turns":6}],"event_choices":[{"event_name":"Liars Game","player_choice":"disagreed","floor":3,"damage_taken":0},{"event_name":"Cursed Tome","player_choice":"Obtained Book","floor":20,"damage_taken":0},{"event_name":"The Library","player_choice":"Heal","floor":22,"damage_taken":0},{"event_name":"Mysterious Sphere","player_choice":"Fight","floor":39,"damage_taken":0},{"event_name":"Tomb of Lord Red Mask","player_choice":"Paid","floor":42,"damage_taken":0},{"event_name":"Bonfire Elementals","player_choice":"UNCOMMON","floor":46,"damage_taken":0},{"event_name":"Winding Halls","player_choice":"Embrace Madness","floor":47,"damage_taken":0}],"boss_relics":[{"not_picked":["Lizard Tail","Tiny House"],"picked":"The Specimen"},{"not_picked":["Snecko Eye","Velvet Choker"],"picked":"Runic Dome"}],"potions_floor_spawned":[1,2,7,10,13,14,19,33,36,39,45],"seed_played":"-4468477105256208978","ascension_level":0,"is_trial":false}