{"gold_per_floor":[113,129,143,153,172,172,447,462,534,279,294,294,308,308,308,308],"floor_reached":16,"playtime":633,"items_purged":["Regret"],"score":154,"play_id":"f8f3724a-84e0-4059-be91-ac228a848844","local_time":"20181215181716","is_ascension_mode":true,"campfire_choices":[{"data":"Dualcast","floor":6,"key":"SMITH"},{"floor":12,"key":"REST"},{"floor":15,"key":"REST"}],"neow_cost":"NONE","seed_source_timestamp":244499795017376,"circlet_count":0,"master_deck":["AscendersBane","Strike_B","Strike_B","Strike_B","Strike_B","Defend_B","Defend_B","Defend_B","Defend_B","Zap+1","Dualcast+1","Redo","Sunder","Hologram","Hello World","Ball Lightning","Hologram","Secret Technique","Conserve Battery","Leap"],"relics":["Cracked Core","Ornamental Fan","Letter Opener"],"potions_floor_usage":[16],"damage_taken":[{"damage":2,"enemies":"Small Slimes","floor":1,"turns":3},{"damage":0,"enemies":"Cultist","floor":2,"turns":3},{"damage":12,"enemies":"Jaw Worm","floor":3,"turns":2},{"damage":9,"enemies":"2 Fungi Beasts","floor":4,"turns":3},{"damage":0,"enemies":"Large Slime","floor":5,"turns":4},{"damage":17,"enemies":"Looter","floor":8,"turns":3},{"damage":0,"enemies":"Exordium Wildlife","floor":11,"turns":3},{"damage":10,"enemies":"Exordium Thugs","floor":13,"turns":2},{"damage":63,"enemies":"The Guardian","floor":16,"turns":10}],"seed_played":"8370620026160208678","potions_obtained":[{"floor":4,"key":"SkillPotion"},{"floor":8,"key":"LiquidBronze"},{"floor":13,"key":"Swift Potion"}],"is_trial":false,"path_per_floor":["M","M","M","M","M","R","?","M","T","$","M","R","M","T","R","B"],"character_chosen":"DEFECT","items_purchased":["Secret Technique"],"campfire_rested":2,"item_purchase_floors":[10],"current_hp_per_floor":[66,66,54,45,45,45,45,28,28,28,28,50,40,40,62,0],"gold":308,"neow_bonus":"UPGRADE_CARD","is_prod":false,"is_daily":false,"chose_seed":false,"campfire_upgraded":1,"win_rate":0,"timestamp":1544872636,"path_taken":["M","M","M","M","M","R","?","M","T","$","?","R","?","?","R","BOSS"],"build_version":"2018-12-13","purchased_purges":1,"victory":false,"max_hp_per_floor":[75,75,75,75,75,75,75,75,75,75,75,75,75,75,75,75],"card_choices":[{"not_picked":["Streamline","Gash"],"picked":"Redo","floor":1},{"not_picked":["Barrage","Skim"],"picked":"Sunder","floor":2},{"not_picked":["Coolheaded","Auto Shields"],"picked":"Hologram","floor":3},{"not_picked":["Aggregate","Heatsinks"],"picked":"Hello World","floor":4},{"not_picked":["Blizzard","Redo"],"picked":"Ball Lightning","floor":5},{"not_picked":["Streamline","Beam Cell"],"picked":"Hologram","floor":8},{"not_picked":["Hologram","Gash"],"picked":"Conserve Battery","floor":11},{"not_picked":["Self Repair","Tempest"],"picked":"Leap","floor":13}],"player_experience":234134,"relics_obtained":[{"floor":9,"key":"Ornamental Fan"},{"floor":14,"key":"Letter Opener"}],"event_choices":[{"damage_healed":0,"gold_gain":275,"player_choice":"Desecrate","damage_taken":0,"max_hp_gain":0,"max_hp_loss":0,"event_name":"Golden Shrine","floor":7,"gold_loss":0,"cards_obtained":["Regret"]}],"is_beta":false,"boss_relics":[],"items_purged_floors":[10],"is_endless":false,"potions_floor_spawned":[4,8,11,13],"killed_by":"The Guardian","ascension_level":12}