{"path_per_floor":["M","?","M","?","M","R","E","R","T","?","R","E","M","M","R","B",null,"M","?","M","?","$"],"character_chosen":"IRONCLAD","items_purchased":["Shrug It Off"],"gold_per_floor":[15,15,38,38,57,57,101,101,154,154,154,190,213,231,231,351,351,364,279,295,295,166],"floor_reached":23,"campfire_rested":0,"playtime":1016,"current_hp_per_floor":[72,72,72,72,75,75,61,61,68,68,68,67,59,56,56,34,72,59,59,60,60,60],"items_purged":["Injury"],"gold":166,"score":299,"play_id":"f37bb169-cb15-4dde-ad98-b9154e056fdd","local_time":"20180314095416","is_prod":false,"is_daily":false,"is_ascension_mode":true,"campfire_upgraded":4,"timestamp":1521039256,"path_taken":["M","?","M","?","M","R","E","R","T","?","R","E","M","M","R","BOSS","M","?","M","?","?","E"],"build_version":"2018-03-09","purchased_purges":1,"victory":false,"master_deck":["Strike_R","Strike_R","Strike_R","Defend_R","Defend_R","Defend_R","Defend_R","Bash+1","Iron Wave+1","Flex+1","Fiend Fire+1","Iron Wave","Brutality","Clash","Metallicize+1","Offering","Inflame","Shrug It Off"],"max_hp_per_floor":[77,77,77,77,77,77,77,77,84,84,84,84,84,84,84,84,84,84,84,84,84,84],"relics":["Burning Blood","Golden Idol","Bottled Flame","Strawberry","Ancient Tea Set","Velvet Choker","Art of War"],"card_choices":[{"not_picked":["Perfected Strike","Anger"],"picked":"Iron Wave"},{"not_picked":["Clothesline","Sever Soul"],"picked":"Flex"},{"not_picked":["Combust","Sword Boomerang"],"picked":"Iron Wave"},{"not_picked":["Sword Boomerang","Dropkick"],"picked":"Brutality"},{"not_picked":["Clothesline","Perfected Strike"],"picked":"Clash"},{"not_picked":["Warcry","Clash"],"picked":"Metallicize"},{"not_picked":["Exhume","Double Tap"],"picked":"Offering"},{"not_picked":["Headbutt","Body Slam"],"picked":"Inflame"}],"player_experience":202508,"potions_floor_usage":[7,12,16,18,23],"damage_taken":[{"damage":6,"enemies":"2 Louse","floor":1,"turns":3},{"damage":6,"enemies":"Jaw Worm","floor":3,"turns":4},{"damage":3,"enemies":"Small Slimes","floor":5,"turns":2},{"damage":20,"enemies":"3 Sentries","floor":7,"turns":9},{"damage":16,"enemies":"Lagavulin","floor":12,"turns":4},{"damage":14,"enemies":"Gremlin Gang","floor":13,"turns":6},{"damage":9,"enemies":"Large Slime","floor":14,"turns":7},{"damage":28,"enemies":"Hexaghost","floor":16,"turns":9},{"damage":19,"enemies":"3 Byrds","floor":18,"turns":6},{"damage":5,"enemies":"Chosen","floor":20,"turns":3},{"damage":60,"enemies":"Gremlin Leader","floor":23,"turns":6}],"event_choices":[{"event_name":"Golden Idol","player_choice":"Take Wound","floor":2,"damage_taken":0},{"event_name":"Match and Keep!","player_choice":"1 cards matched","floor":4,"damage_taken":0},{"event_name":"Accursed Blacksmith","player_choice":"Forge","floor":10,"damage_taken":0},{"event_name":"Addict","player_choice":"Obtained Relic","floor":19,"damage_taken":0},{"event_name":"Back to Basics","player_choice":"Elegance","floor":21,"damage_taken":0}],"boss_relics":[{"not_picked":["Cursed Key","Sozu"],"picked":"Velvet Choker"}],"potions_floor_spawned":[3,5,12,16,20],"seed_played":"1261430681381285336","killed_by":"Gremlin Leader","ascension_level":10,"is_trial":false}