{"path_per_floor":["M","M","M","M","M","E","M","?","T","M","R","?","R","M","R","B",null,"M"],"character_chosen":"IRONCLAD","items_purchased":[],"gold_per_floor":[109,125,142,153,164,189,200,200,200,210,210,285,285,303,303,407,407,421],"floor_reached":19,"campfire_rested":2,"playtime":1542,"current_hp_per_floor":[78,80,80,68,59,28,36,36,36,38,62,51,75,75,75,17,80,38],"items_purged":[],"gold":346,"score":182,"play_id":"9dc9202d-961b-440f-9c33-60ee07e7cde9","is_prod":false,"is_daily":false,"is_ascension_mode":true,"campfire_upgraded":1,"path_taken":["M","?","M","M","M","E","M","?","T","?","R","?","R","M","R","BOSS","M","M"],"build_version":"2018-02-12-PROD1","purchased_purges":0,"victory":false,"master_deck":["Bash","Heavy Blade","Thunderclap","Reaper","Armaments+1","Flex","Barricade","Body Slam","Shrug It Off","Clash","Headbutt","Searing Blow","Thunderclap","Sword Boomerang","Evolve","Heavy Blade"],"max_hp_per_floor":[80,80,80,80,80,80,80,80,80,80,80,80,80,80,80,80,80,80],"relics":["Burning Blood","Ginger","Du-Vu Doll","Pandora\u0027s Box"],"card_choices":[{"not_picked":["Clash","Second Wind"],"picked":"Heavy Blade"},{"not_picked":["Headbutt","Shrug It Off"],"picked":"Thunderclap"},{"not_picked":["Clothesline","Anger"],"picked":"Reaper"},{"not_picked":["Thunderclap","Sword Boomerang"],"picked":"Armaments"},{"not_picked":["Cleave","Blood for Blood"],"picked":"Flex"},{"not_picked":["Dark Embrace","Limit Break"],"picked":"Barricade"},{"not_picked":["Flex","Headbutt"],"picked":"Heavy Blade"}],"player_experience":204304,"potions_floor_usage":[6,10],"damage_taken":[{"damage":8,"enemies":"Blue Slaver","floor":1,"turns":7},{"damage":1,"enemies":"Jaw Worm","floor":2,"turns":3},{"damage":6,"enemies":"Cultist","floor":3,"turns":3},{"damage":18,"enemies":"Gremlin Gang","floor":4,"turns":4},{"damage":18,"enemies":"Large Slime","floor":5,"turns":9},{"damage":43,"enemies":"Lagavulin","floor":6,"turns":8},{"damage":10,"enemies":"3 Louse","floor":7,"turns":4},{"damage":14,"enemies":"2 Fungi Beasts","floor":10,"turns":3},{"damage":13,"enemies":"Exordium Wildlife","floor":14,"turns":3},{"damage":70,"enemies":"Slime Boss","floor":16,"turns":11},{"damage":48,"enemies":"Shell Parasite","floor":18,"turns":5},{"damage":51,"enemies":"2 Thieves","floor":19,"turns":3}],"event_choices":[{"event_name":"Purifier","player_choice":"One Purge","floor":8,"damage_taken":0},{"event_name":"World of Goop","player_choice":"Gather Gold","floor":12,"damage_taken":0}],"boss_relics":[{"not_picked":["Runic Dome","Eternal Feather"],"picked":"Pandora\u0027s Box"}],"potions_floor_spawned":[5,7,14,16],"seed_played":"-8235161287340106082","killed_by":"2 Thieves","ascension_level":1,"is_trial":false}