{"gold_per_floor":[118,129,147,1,1,1,27,47,99,116,129,148,175,195,195,297,297,317,331,351,351,6,6,16,27,27,53,53,79,79,89,89,193,193,204,204,9,24,299,328,344,344,368,401,401,448,0,18,18,18,18,18,18,53,53],"floor_reached":55,"playtime":5336,"items_purged":[],"score":1012,"play_id":"3a162706-bd2f-4534-be45-23538185213c","local_time":"20190218000616","is_ascension_mode":true,"campfire_choices":[{"data":"Neutralize","floor":6.0,"key":"SMITH"},{"data":"Skewer","floor":15.0,"key":"SMITH"},{"data":"Footwork","floor":23.0,"key":"SMITH"},{"data":"Adrenaline","floor":30.0,"key":"SMITH"},{"data":"Malaise","floor":32.0,"key":"SMITH"},{"data":"Prepared","floor":42.0,"key":"SMITH"},{"floor":45.0,"key":"RECALL"},{"data":"Caltrops","floor":49.0,"key":"SMITH"},{"data":"A Thousand Cuts","floor":52.0,"key":"SMITH"}],"neow_cost":"NONE","seed_source_timestamp":117632446402249,"circlet_count":0,"master_deck":["Survivor+1","Neutralize+1","Dodge and Roll","Quick Slash+1","Backstab","Dodge and Roll","Leg Sweep","Skewer+1","Dagger Spray","Poisoned Stab","Dash","Malaise+1","Adrenaline+1","Noxious Fumes","Prepared+1","Caltrops+1","A Thousand Cuts+1","Blade Dance","Masterful Stab+1","PiercingWail","Noxious Fumes","Finisher","Flying Knee","Dodge and Roll+1","Backflip","Footwork+1","Prepared+1","Backstab+1","Accuracy","A Thousand Cuts","Night Terror","PiercingWail+1","Infinite Blades","Infinite Blades","Terror","Prepared","Dagger Throw+1"],"special_seed":0,"relics":["Ring of the Snake","Bronze Scales","War Paint","Happy Flower","Omamori","The Courier","Pandora\u0027s Box","Mummified Hand","Chemical X","Pen Nib","Strawberry","Whetstone","Tough Bandages","Centennial Puzzle","Coffee Dripper","Ginger","Bottled Tornado","Pocketwatch","Red Mask","Boot"],"potions_floor_usage":[55],"damage_taken":[{"damage":0.0,"enemies":"Cultist","floor":1.0,"turns":4.0},{"damage":7.0,"enemies":"Small Slimes","floor":2.0,"turns":7.0},{"damage":0.0,"enemies":"Jaw Worm","floor":3.0,"turns":6.0},{"damage":6.0,"enemies":"Lagavulin","floor":7.0,"turns":8.0},{"damage":0.0,"enemies":"2 Fungi Beasts","floor":8.0,"turns":3.0},{"damage":0.0,"enemies":"Blue Slaver","floor":10.0,"turns":4.0},{"damage":0.0,"enemies":"Red Slaver","floor":11.0,"turns":1.0},{"damage":2.0,"enemies":"Large Slime","floor":12.0,"turns":5.0},{"damage":18.0,"enemies":"Gremlin Nob","floor":13.0,"turns":4.0},{"damage":0.0,"enemies":"Exordium Thugs","floor":14.0,"turns":4.0},{"damage":4.0,"enemies":"Hexaghost","floor":16.0,"turns":11.0},{"damage":0.0,"enemies":"3 Byrds","floor":18.0,"turns":2.0},{"damage":3.0,"enemies":"Chosen","floor":19.0,"turns":5.0},{"damage":7.0,"enemies":"Sentry and Sphere","floor":20.0,"turns":6.0},{"damage":4.0,"enemies":"Snake Plant","floor":24.0,"turns":4.0},{"damage":0.0,"enemies":"3 Cultists","floor":25.0,"turns":4.0},{"damage":0.0,"enemies":"Book of Stabbing","floor":27.0,"turns":5.0},{"damage":0.0,"enemies":"Slavers","floor":29.0,"turns":3.0},{"damage":0.0,"enemies":"Sentry and Sphere","floor":31.0,"turns":1.0},{"damage":20.0,"enemies":"Automaton","floor":33.0,"turns":7.0},{"damage":15.0,"enemies":"3 Darklings","floor":35.0,"turns":3.0},{"damage":3.0,"enemies":"3 Shapes","floor":38.0,"turns":4.0},{"damage":4.0,"enemies":"Reptomancer","floor":40.0,"turns":5.0},{"damage":10.0,"enemies":"Sphere and 2 Shapes","floor":41.0,"turns":4.0},{"damage":1.0,"enemies":"Giant Head","floor":44.0,"turns":6.0},{"damage":13.0,"enemies":"2 Orb Walkers","floor":46.0,"turns":3.0},{"damage":2.0,"enemies":"4 Shapes","floor":48.0,"turns":3.0},{"damage":34.0,"enemies":"Donu and Deca","floor":50.0,"turns":8.0},{"damage":19.0,"enemies":"Shield and Spear","floor":54.0,"turns":7.0},{"damage":95,"enemies":"The Heart","floor":55,"turns":5}],"seed_played":"2681625188341275707","potions_obtained":[{"floor":3.0,"key":"Poison Potion"},{"floor":7.0,"key":"Block Potion"},{"floor":8.0,"key":"Energy Potion"},{"floor":13.0,"key":"Block Potion"},{"floor":14.0,"key":"SpeedPotion"},{"floor":16.0,"key":"GhostInAJar"},{"floor":20.0,"key":"Ancient Potion"},{"floor":24.0,"key":"PowerPotion"},{"floor":29.0,"key":"Block Potion"},{"floor":38.0,"key":"Explosive Potion"},{"floor":40.0,"key":"EssenceOfSteel"},{"floor":41.0,"key":"LiquidBronze"}],"is_trial":false,"path_per_floor":["M","M","M","$","T","R","E","M","T","M","M","M","E","M","R","B",null,"M","M","M","?","$","R","M","M","T","E","T","E","R","M","R","B",null,"M","?","$","M","?","E","M","R","T","E","R","?","?","M","R","B",null,"R","$","E","B"],"character_chosen":"THE_SILENT","items_purchased":["Bronze Scales","Chemical X","Footwork","Pen Nib","Fruit Juice","Infinite Blades","Infinite Blades"],"campfire_rested":0,"item_purchase_floors":[4,22,22,22,37,37,37],"current_hp_per_floor":[77,70,70,70,70,70,64,64,64,64,64,62,44,44,44,40,77,77,74,67,67,67,67,63,63,70,70,70,70,70,70,70,50,84,69,84,84,86,86,82,72,72,72,71,71,58,58,56,56,22,89,89,89,70,0],"gold":53,"neow_bonus":"TEN_PERCENT_HP_BONUS","is_prod":false,"is_daily":false,"chose_seed":false,"campfire_upgraded":8,"win_rate":0,"timestamp":1550423176,"path_taken":["M","M","?","?","?","R","E","M","T","M","M","M","E","M","R","BOSS","M","M","M","?","$","R","M","M","T","E","?","E","R","M","R","BOSS","M","?","$","M","?","E","?","R","T","E","R","?","?","M","R","BOSS","R","$","E","BOSS"],"build_version":"2019-01-23","purchased_purges":0,"victory":false,"max_hp_per_floor":[77,77,77,77,77,77,77,77,77,77,77,77,77,77,77,77,77,77,77,77,77,77,77,77,77,84,84,84,84,84,84,84,84,84,84,84,84,89,89,89,89,89,89,89,89,89,89,89,89,89,89,89,89,89,89],"card_choices":[{"not_picked":["Flying Knee","Bane"],"picked":"Dodge and Roll","floor":1.0},{"not_picked":["Noxious Fumes","Deflect"],"picked":"Quick Slash","floor":2.0},{"not_picked":["All Out Attack","Calculated Gamble"],"picked":"Backstab","floor":3.0},{"not_picked":["Deflect","Outmaneuver"],"picked":"Dodge and Roll","floor":7.0},{"not_picked":["Eviscerate","Noxious Fumes"],"picked":"Leg Sweep","floor":8.0},{"not_picked":["Bane","Leg Sweep"],"picked":"Skewer","floor":10.0},{"not_picked":["Deflect","Poisoned Stab"],"picked":"Dagger Spray","floor":11.0},{"not_picked":["Underhanded Strike","Quick Slash"],"picked":"Poisoned Stab","floor":12.0},{"not_picked":["Flying Knee","Blade Dance"],"picked":"Dash","floor":13.0},{"not_picked":["Distraction","Setup"],"picked":"Malaise","floor":14.0},{"not_picked":["Die Die Die","Storm of Steel"],"picked":"Adrenaline","floor":16.0},{"not_picked":["Riddle With Holes","Dash","Eviscerate"],"picked":"SKIP","floor":18.0},{"not_picked":["Backflip","Prepared"],"picked":"Dodge and Roll+1","floor":19.0},{"not_picked":["Masterful Stab+1","Skewer"],"picked":"Backflip","floor":20.0},{"not_picked":["Blade Dance","Acrobatics","Slice"],"picked":"SKIP","floor":24.0},{"not_picked":["Dash+1","Dodge and Roll"],"picked":"Prepared+1","floor":25.0},{"not_picked":["Backflip","Concentrate"],"picked":"Backstab+1","floor":27.0},{"not_picked":["All Out Attack","Prepared"],"picked":"Accuracy","floor":29.0},{"not_picked":["Dagger Throw","Eviscerate"],"picked":"A Thousand Cuts","floor":31.0},{"not_picked":["Storm of Steel","Doppelganger"],"picked":"Night Terror","floor":33.0},{"not_picked":["Outmaneuver","Dagger Throw"],"picked":"PiercingWail+1","floor":35.0},{"not_picked":["Flying Knee+1","Slice+1","Dagger Throw"],"picked":"SKIP","floor":38.0},{"not_picked":["Bullet Time","Deflect+1","Cloak And Dagger"],"picked":"SKIP","floor":40.0},{"not_picked":["Deadly Poison+1","Flying Knee"],"picked":"Terror","floor":41.0},{"not_picked":["Blade Dance","Deadly Poison"],"picked":"Prepared","floor":44.0},{"not_picked":["Heel Hook","Dagger Spray+1"],"picked":"Dagger Throw+1","floor":46.0},{"not_picked":["Flying Knee","PiercingWail+1","Escape Plan+1"],"picked":"SKIP","floor":48.0},{"not_picked":["PiercingWail","Skewer","Backflip"],"picked":"SKIP","floor":54.0}],"player_experience":349248,"relics_obtained":[{"floor":5.0,"key":"War Paint"},{"floor":7.0,"key":"Happy Flower"},{"floor":9.0,"key":"Omamori"},{"floor":13.0,"key":"The Courier"},{"floor":26.0,"key":"Strawberry"},{"floor":27.0,"key":"Whetstone"},{"floor":28.0,"key":"Tough Bandages"},{"floor":29.0,"key":"Centennial Puzzle"},{"floor":40.0,"key":"Ginger"},{"floor":44.0,"key":"Bottled Tornado"},{"floor":46.0,"key":"Pocketwatch"},{"floor":54.0,"key":"Boot"}],"event_choices":[{"damage_healed":0.0,"max_hp_gain":0.0,"max_hp_loss":0.0,"gold_gain":0.0,"event_name":"The Mausoleum","player_choice":"Opened","floor":21.0,"gold_loss":0.0,"damage_taken":0.0,"relics_obtained":["Mummified Hand"]},{"damage_healed":21.0,"max_hp_gain":0.0,"max_hp_loss":0.0,"gold_gain":0.0,"event_name":"Winding Halls","player_choice":"Writhe","floor":36.0,"gold_loss":0.0,"damage_taken":0.0,"cards_obtained":["Writhe"]},{"damage_healed":0.0,"max_hp_gain":0.0,"max_hp_loss":0.0,"gold_gain":275.0,"event_name":"Golden Shrine","player_choice":"Desecrate","floor":39.0,"gold_loss":0.0,"damage_taken":0.0,"cards_obtained":["Regret"]},{"damage_healed":0.0,"max_hp_gain":0.0,"max_hp_loss":0.0,"gold_gain":0.0,"event_name":"Mysterious Sphere","player_choice":"Fight","floor":46.0,"gold_loss":0.0,"damage_taken":0.0},{"damage_healed":0.0,"max_hp_gain":0.0,"max_hp_loss":0.0,"gold_gain":0.0,"event_name":"Tomb of Lord Red Mask","player_choice":"Paid","floor":47.0,"gold_loss":448.0,"damage_taken":0.0,"relics_obtained":["Red Mask"]}],"is_beta":false,"boss_relics":[{"not_picked":["Runic Dome","Velvet Choker"],"picked":"Pandora\u0027s Box"},{"not_picked":["HoveringKite","White Beast Statue"],"picked":"Coffee Dripper"}],"items_purged_floors":[],"is_endless":false,"potions_floor_spawned":[3,7,8,13,14,16,20,24,29,38,40,41],"killed_by":"The Heart","ascension_level":4}