{"path_per_floor":["M","M","$","M","M","E","R","M","T","?","?","E","R","M","R","B",null,"M","?","M","?","$","E","R","M","T","E","?","R","?","M","R","B",null,"M","?","$","?","M","R","?","?","T","M","M","$","R","M","R"],"character_chosen":"THE_SILENT","items_purchased":["Dagger Spray","Vajra","Expertise","Die Die Die"],"gold_per_floor":[113,130,9,26,44,78,78,90,90,90,190,216,216,229,229,327,327,347,347,364,364,120,149,149,163,163,190,115,115,15,32,32,128,128,141,187,45,0,17,17,17,17,17,35,48,48,48,64,64],"floor_reached":50,"campfire_rested":2,"playtime":4060,"current_hp_per_floor":[69,63,63,62,41,25,46,45,45,45,45,38,38,29,29,32,70,70,70,70,49,49,49,49,48,48,42,42,42,42,43,43,46,46,44,31,31,31,37,37,31,31,31,18,18,18,31,27,27],"items_purged":["Normality","Writhe"],"gold":64,"score":491,"play_id":"688ea0e1-aff2-4ddf-90f2-960bbd88e7ce","is_prod":false,"is_daily":false,"is_ascension_mode":false,"campfire_upgraded":3,"path_taken":["M","M","$","M","M","E","R","M","T","?","?","E","R","?","R","BOSS","M","?","?","?","$","E","R","M","T","E","?","R","?","M","R","BOSS","M","?","$","?","M","R","?","?","T","M","M","$","R","M","R","BOSS"],"build_version":"2018-02-08-PROD1","purchased_purges":3,"victory":false,"master_deck":["Defend_G","Survivor","Neutralize+1","Backflip","Dodge and Roll","Dagger Spray+1","Calculated Gamble","Flying Knee+1","Dagger Throw+1","Prepared","Backflip","Glass Knife+1","Doppelganger+1","Backflip","Bullet Time+1","Unload+1","Flechettes+1","Noxious Fumes+1","Leg Sweep+1","Riddle With Holes+1","Bite+1","Bite+1","Bite+1","Bite+1","Bite+1","Footwork","Prepared+1","Terror","Prepared","J.A.X.","Outmaneuver","Venomology","Deflect+1","Bane+1","Expertise","Die Die Die+1","Escape Plan+1","Madness","Madness","Bouncing Flask","Noxious Fumes+1","Slice+1","Bane+1"],"max_hp_per_floor":[70,70,70,70,70,70,70,70,70,70,70,70,70,70,70,70,70,70,70,70,49,49,49,49,49,49,49,46,46,46,46,46,46,46,46,46,46,46,46,46,46,46,46,46,46,46,46,46,46],"relics":["Calling Bell","Molten Egg 2","Bag of Preparation","Dream Catcher","Ornamental Fan","Torii","Prayer Wheel","Astrolabe","Vajra","Bird Faced Urn","Shovel","Frozen Egg 2","Juzu Bracelet","Mummified Hand","Runic Pyramid","Du-Vu Doll","Red Mask","Whetstone","Ancient Tea Set","Toxic Egg 2"],"card_choices":[{"not_picked":["Corpse Explosion","Distraction"],"picked":"Backflip"},{"not_picked":["Expertise","Poisoned Stab"],"picked":"Dodge and Roll"},{"not_picked":["PiercingWail","Dodge and Roll"],"picked":"Calculated Gamble"},{"not_picked":["Dagger Spray","Leg Sweep"],"picked":"Flying Knee"},{"not_picked":["Caltrops","Blur"],"picked":"Dagger Throw"},{"not_picked":["Bane","Outmaneuver"],"picked":"Prepared"},{"not_picked":["Acrobatics","Bouncing Flask"],"picked":"Backflip"},{"not_picked":["Finisher","Eviscerate"],"picked":"Doppelganger"},{"not_picked":["Bouncing Flask","PiercingWail"],"picked":"Backflip"},{"not_picked":["Unload","A Thousand Cuts"],"picked":"Bullet Time"},{"not_picked":["Catalyst","Masterful Stab"],"picked":"Leg Sweep"},{"not_picked":["Flechettes","Flying Knee"],"picked":"Riddle With Holes"},{"not_picked":["Doppelganger","Prepared"],"picked":"Footwork"},{"not_picked":["Catalyst","Endless Agony"],"picked":"Prepared"},{"not_picked":["Noxious Fumes","Bouncing Flask"],"picked":"Terror"},{"not_picked":["Crippling Poison","Backflip"],"picked":"Prepared"},{"not_picked":["Blade Dance","Endless Agony"],"picked":"Outmaneuver"},{"not_picked":["Doppelganger","After Image"],"picked":"Venomology"},{"not_picked":["Backflip","Poisoned Stab"],"picked":"Deflect"},{"not_picked":["Backflip","Leg Sweep"],"picked":"Bane"},{"not_picked":["Infinite Blades","Quick Slash"],"picked":"Escape Plan"},{"not_picked":["Caltrops","Endless Agony"],"picked":"Noxious Fumes"},{"not_picked":["Malaise","Dagger Spray"],"picked":"Slice"},{"not_picked":["Deflect","Deadly Poison"],"picked":"Bane"}],"player_experience":35854,"potions_floor_usage":[5,6,16,16,27,27,36,36,36,45,45,50,50,50,50],"damage_taken":[{"damage":1,"enemies":"2 Louse","floor":1,"turns":3},{"damage":6,"enemies":"Blue Slaver","floor":2,"turns":6},{"damage":1,"enemies":"Small Slimes","floor":4,"turns":4},{"damage":21,"enemies":"Exordium Thugs","floor":5,"turns":3},{"damage":16,"enemies":"Lagavulin","floor":6,"turns":8},{"damage":1,"enemies":"Looter","floor":8,"turns":4},{"damage":7,"enemies":"Gremlin Nob","floor":12,"turns":3},{"damage":9,"enemies":"Red Slaver","floor":14,"turns":4},{"damage":12,"enemies":"Hexaghost","floor":16,"turns":14},{"damage":0,"enemies":"Spheric Guardian","floor":18,"turns":3},{"damage":0,"enemies":"3 Byrds","floor":20,"turns":4},{"damage":12,"enemies":"Book of Stabbing","floor":23,"turns":7},{"damage":1,"enemies":"Snake Plant","floor":25,"turns":4},{"damage":15,"enemies":"Gremlin Leader","floor":27,"turns":5},{"damage":10,"enemies":"Sentry and Sphere","floor":31,"turns":7},{"damage":4,"enemies":"Champ","floor":33,"turns":14},{"damage":11,"enemies":"3 Darklings","floor":35,"turns":5},{"damage":26,"enemies":"Mysterious Sphere","floor":36,"turns":5},{"damage":6,"enemies":"3 Shapes","floor":39,"turns":5},{"damage":25,"enemies":"Sphere and 2 Shapes","floor":44,"turns":5},{"damage":13,"enemies":"4 Shapes","floor":45,"turns":3},{"damage":18,"enemies":"Maw","floor":48,"turns":7},{"damage":49,"enemies":"Awakened One","floor":50,"turns":5}],"event_choices":[{"event_name":"Transmorgrifier","player_choice":"Transform","floor":10,"damage_taken":0},{"event_name":"Golden Shrine","player_choice":"Pray","floor":11,"damage_taken":0},{"event_name":"The Lab","player_choice":"Got Potions","floor":19,"damage_taken":0},{"event_name":"Vampires","player_choice":"Became a vampire","floor":21,"damage_taken":0},{"event_name":"Beggar","player_choice":"Gave Gold","floor":28,"damage_taken":0},{"event_name":"Drug Dealer","player_choice":"Got JAXXED","floor":30,"damage_taken":0},{"event_name":"Mysterious Sphere","player_choice":"Fight","floor":36,"damage_taken":0},{"event_name":"Tomb of Lord Red Mask","player_choice":"Paid","floor":38,"damage_taken":0},{"event_name":"Winding Halls","player_choice":"Embrace Madness","floor":41,"damage_taken":0},{"event_name":"Transmorgrifier","player_choice":"Transform","floor":42,"damage_taken":0}],"boss_relics":[{"not_picked":["White Beast Statue","Black Star"],"picked":"Astrolabe"},{"not_picked":["Philosopher\u0027s Stone","Lizard Tail"],"picked":"Runic Pyramid"}],"potions_floor_spawned":[4,5,6,12,14,18,23,36,45],"seed_played":"3377348253548650877","killed_by":"Awakened One","ascension_level":0,"is_trial":false}