{"gold_per_floor":[119,119,119,119,135,135,149,149,149,186,198,227,239,262,274,388,400,427,439,466,497,51,51,51,51,76,76,86,86,86,86,86,86],"floor_reached":33,"playtime":1667,"items_purged":["Strike_B"],"score":304,"play_id":"145d8844-e295-4a31-84cf-ea61c94efb75","local_time":"20181201224802","is_ascension_mode":true,"campfire_choices":[{"data":"Dualcast","floor":6,"key":"SMITH"},{"data":"Cold Snap","floor":8,"key":"SMITH"},{"data":"Cold Snap","floor":11,"key":"SMITH"},{"data":"Auto Shields","floor":13,"key":"SMITH"},{"floor":15,"key":"REST"},{"data":"Go for the Eyes","floor":23,"key":"SMITH"},{"data":"Coolheaded","floor":25,"key":"SMITH"},{"floor":27,"key":"REST"},{"data":"Leap","floor":29,"key":"SMITH"},{"floor":32,"key":"REST"}],"neow_cost":"NONE","seed_source_timestamp":271611866635306,"circlet_count":0,"master_deck":["Strike_B+1","Strike_B+1","Defend_B","Defend_B","Defend_B","Defend_B","Zap+1","Dualcast+1","Cold Snap+1","Auto Shields+1","Chill","Cold Snap+1","Reprogram","Coolheaded+1","Machine Learning","Go for the Eyes+1","Leap+1","Steam","RitualDagger"],"relics":["Cracked Core","Bronze Scales","MawBank","Potion Belt","Nuclear Battery","Membership Card","Happy Flower","Bag of Preparation","Whetstone"],"potions_floor_usage":[16,20,20,21,33,33],"damage_taken":[{"damage":3,"enemies":"Small Slimes","floor":1,"turns":3},{"damage":0,"enemies":"2 Louse","floor":5,"turns":2},{"damage":0,"enemies":"Cultist","floor":7,"turns":3},{"damage":16,"enemies":"3 Sentries","floor":10,"turns":7},{"damage":0,"enemies":"Exordium Thugs","floor":12,"turns":4},{"damage":13,"enemies":"Large Slime","floor":14,"turns":5},{"damage":27,"enemies":"The Guardian","floor":16,"turns":14},{"damage":9,"enemies":"Spheric Guardian","floor":18,"turns":5},{"damage":11,"enemies":"2 Thieves","floor":20,"turns":5},{"damage":17,"enemies":"Snake Plant","floor":21,"turns":4},{"damage":3,"enemies":"Snecko","floor":28,"turns":5},{"damage":72,"enemies":"Automaton","floor":33,"turns":14}],"seed_played":"-2544183392649650860","potions_obtained":[{"floor":5,"key":"EssenceOfSteel"},{"floor":7,"key":"SteroidPotion"},{"floor":10,"key":"Regen Potion"},{"floor":20,"key":"FearPotion"}],"is_trial":false,"path_per_floor":["M","?","?","?","M","R","M","R","T","E","R","M","R","M","R","B",null,"M","$","M","M","$","R","?","R","T","R","M","R","?","?","R","B"],"character_chosen":"DEFECT","items_purchased":["Membership Card","Happy Flower","Bag of Preparation","FocusPotion","Energy Potion"],"campfire_rested":3,"item_purchase_floors":[22,22,22,22,22],"current_hp_per_floor":[72,72,72,72,72,72,72,72,72,56,56,56,56,43,65,53,70,61,61,50,33,33,33,27,27,27,49,46,46,46,46,68,0],"gold":86,"neow_bonus":"RANDOM_COMMON_RELIC","is_prod":false,"is_daily":false,"chose_seed":false,"campfire_upgraded":7,"win_rate":0,"timestamp":1543672082,"path_taken":["M","?","?","?","M","R","M","R","T","E","R","M","R","M","R","BOSS","M","$","M","M","$","R","?","R","T","R","M","R","?","?","R","BOSS"],"build_version":"2018-11-15","purchased_purges":1,"victory":false,"max_hp_per_floor":[75,75,75,75,75,75,75,75,75,75,75,75,75,75,75,75,75,75,75,75,75,75,75,75,75,75,75,75,75,75,75,75,75],"card_choices":[{"not_picked":["Hologram","Turbo"],"picked":"Cold Snap","floor":1},{"not_picked":["Reprogram","Beam Cell"],"picked":"Auto Shields","floor":5},{"not_picked":["Sweeping Beam","Coolheaded"],"picked":"Chill","floor":7},{"not_picked":["Fission","Ball Lightning"],"picked":"Cold Snap","floor":10},{"not_picked":["Sweeping Beam","Rebound"],"picked":"Reprogram","floor":12},{"not_picked":["Beam Cell","Fusion"],"picked":"Coolheaded","floor":14},{"not_picked":["Biased Cognition","Rainbow"],"picked":"Machine Learning","floor":16},{"not_picked":["Rebound","Coolheaded"],"picked":"Go for the Eyes","floor":18},{"not_picked":["Coolheaded","Compile Driver"],"picked":"Leap","floor":20},{"not_picked":["Rebound","Sunder"],"picked":"Steam","floor":21},{"not_picked":["Reprogram","Scrape","Sweeping Beam"],"picked":"SKIP","floor":28}],"player_experience":149280,"relics_obtained":[{"floor":9,"key":"MawBank"},{"floor":10,"key":"Potion Belt"},{"floor":26,"key":"Whetstone"}],"event_choices":[{"damage_healed":0,"gold_gain":0,"player_choice":"Grow","damage_taken":0,"max_hp_gain":0,"max_hp_loss":0,"event_name":"Living Wall","floor":2,"gold_loss":0,"cards_upgraded":["Zap"]},{"damage_healed":0,"gold_gain":0,"player_choice":"Ignored","damage_taken":0,"max_hp_gain":0,"max_hp_loss":0,"event_name":"Golden Wing","floor":3,"gold_loss":0},{"damage_healed":0,"gold_gain":0,"player_choice":"Ignored","damage_taken":0,"max_hp_gain":0,"max_hp_loss":0,"event_name":"Shining Light","floor":4,"gold_loss":0},{"damage_healed":0,"gold_gain":0,"player_choice":"Joined the Cult","damage_taken":6,"max_hp_gain":0,"max_hp_loss":0,"event_name":"Nest","floor":24,"gold_loss":0,"cards_obtained":["RitualDagger"]},{"damage_healed":0,"gold_gain":0,"player_choice":"Ignored","damage_taken":0,"max_hp_gain":0,"max_hp_loss":0,"event_name":"Cursed Tome","floor":30,"gold_loss":0},{"cards_removed":["Strike_B"],"damage_healed":0,"gold_gain":0,"player_choice":"Elegance","damage_taken":0,"max_hp_gain":0,"max_hp_loss":0,"event_name":"Back to Basics","floor":31,"gold_loss":0}],"is_beta":false,"boss_relics":[{"not_picked":["Velvet Choker","Orrery"],"picked":"Nuclear Battery"}],"items_purged_floors":[22],"is_endless":false,"potions_floor_spawned":[5,7,10,20],"killed_by":"Automaton","ascension_level":5}