{"gold_per_floor":[109,122,140,150,75,75,106,6,6,17,52,65,65,84,84,161,161,173,193,193,193,203,203,230,241,241,241,273,273,198,113,113,187,187,198,217,267,267,282,282,310,310,310,310,326,341,77,77,77,77],"floor_reached":51,"playtime":2259,"items_purged":["Strike_B","Strike_B"],"score":1235,"play_id":"8638e8a6-1768-457a-bb23-86d4b354d2bb","local_time":"20180927000256","is_ascension_mode":true,"campfire_choices":[{"data":"Streamline","floor":6,"key":"SMITH"},{"data":"Auto Shields","floor":13,"key":"SMITH"},{"data":"Zap","floor":15,"key":"SMITH"},{"data":"Defragment","floor":23,"key":"SMITH"},{"data":"Lockon","floor":29,"key":"SMITH"},{"data":"Dualcast","floor":32,"key":"SMITH"},{"floor":40,"key":"REST"},{"floor":42,"key":"REST"},{"floor":44,"key":"REST"},{"floor":49,"key":"REST"}],"neow_cost":"TEN_PERCENT_HP_LOSS","seed_source_timestamp":278733378570713,"circlet_count":0,"master_deck":["Defend_B","Defend_B","Defend_B","Defend_B","Zap+1","Dualcast+1","AscendersBane","Self Repair","Doom and Gloom","Steam","Streamline+1","Cold Snap","Auto Shields+1","Compile Driver","Conserve Battery","Ball Lightning","Echo Form","Go for the Eyes+1","Defragment+1","Sweeping Beam","Stack","Lockon+1","Fission+1","Redo+1","Capacitor+1","Biased Cognition","Zap+1","Conserve Battery+1","Coolheaded+1","Hologram+1","Darkness+1","Go for the Eyes","Sweeping Beam"],"relics":["Cracked Core","Pocketwatch","Pear","Letter Opener","Gremlin Horn","Black Star","Oddly Smooth Stone","DataDisk","Anchor","Lantern","Bag of Preparation","Vajra","Toxic Egg 2","White Beast Statue","Incense Burner","Centennial Puzzle","Art of War","Mercury Hourglass","Bronze Scales"],"potions_floor_usage":[11,24,28,28,50],"damage_taken":[{"damage":0,"enemies":"Cultist","floor":1,"turns":4},{"damage":1,"enemies":"2 Louse","floor":2,"turns":5},{"damage":10,"enemies":"Small Slimes","floor":3,"turns":3},{"damage":12,"enemies":"Exordium Thugs","floor":4,"turns":4},{"damage":32,"enemies":"Gremlin Nob","floor":7,"turns":4},{"damage":5,"enemies":"Large Slime","floor":10,"turns":4},{"damage":12,"enemies":"3 Sentries","floor":11,"turns":5},{"damage":0,"enemies":"Looter","floor":12,"turns":4},{"damage":5,"enemies":"3 Louse","floor":14,"turns":2},{"damage":13,"enemies":"The Guardian","floor":16,"turns":9},{"damage":10,"enemies":"Shell Parasite","floor":18,"turns":5},{"damage":15,"enemies":"Spheric Guardian","floor":19,"turns":4},{"damage":10,"enemies":"Cultist and Chosen","floor":22,"turns":6},{"damage":9,"enemies":"Gremlin Leader","floor":24,"turns":5},{"damage":0,"enemies":"Centurion and Healer","floor":25,"turns":6},{"damage":12,"enemies":"Book of Stabbing","floor":28,"turns":5},{"damage":23,"enemies":"Champ","floor":33,"turns":7},{"damage":3,"enemies":"3 Shapes","floor":35,"turns":3},{"damage":3,"enemies":"Orb Walker","floor":36,"turns":3},{"damage":21,"enemies":"Mysterious Sphere","floor":37,"turns":4},{"damage":0,"enemies":"Sphere and 2 Shapes","floor":39,"turns":3},{"damage":49,"enemies":"Giant Head","floor":41,"turns":8},{"damage":11,"enemies":"Reptomancer","floor":45,"turns":4},{"damage":2,"enemies":"3 Darklings","floor":46,"turns":3},{"damage":37,"enemies":"Time Eater","floor":50,"turns":7}],"seed_played":"-1645660939782495132","potions_obtained":[{"floor":1,"key":"Ancient Potion"},{"floor":2,"key":"Block Potion"},{"floor":11,"key":"SkillPotion"},{"floor":14,"key":"Strength Potion"},{"floor":24,"key":"AttackPotion"},{"floor":28,"key":"LiquidBronze"},{"floor":35,"key":"EssenceOfSteel"},{"floor":45,"key":"AttackPotion"}],"is_trial":false,"path_per_floor":["M","M","M","M","$","R","E","$","T","M","E","M","R","M","R","B",null,"M","M","?","T","M","R","E","M","T","?","E","R","?","?","R","B",null,"M","M","?","?","M","R","E","R","T","R","M","M","$","?","R","B"],"character_chosen":"DEFECT","items_purchased":["Bronze Scales","Darkness+1","Go for the Eyes"],"campfire_rested":4,"item_purchase_floors":[47,47,47],"current_hp_per_floor":[64,64,61,56,56,56,41,41,41,43,38,45,45,47,47,41,66,70,69,69,69,66,66,64,71,71,71,66,66,66,66,66,50,68,65,62,41,41,41,63,14,36,36,58,54,52,52,52,74,37],"gold":77,"neow_bonus":"ONE_RARE_RELIC","is_prod":false,"is_daily":false,"chose_seed":false,"campfire_upgraded":6,"win_rate":0,"timestamp":1538020976,"path_taken":["M","?","M","M","?","R","E","$","T","M","E","?","R","M","R","BOSS","M","M","?","?","M","R","E","M","T","?","E","R","?","?","R","BOSS","M","M","?","?","M","R","E","R","T","R","?","M","$","?","R","BOSS"],"build_version":"2018-09-20","purchased_purges":2,"victory":true,"max_hp_per_floor":[64,64,64,64,64,64,74,74,74,74,74,74,74,74,74,74,74,74,74,74,74,74,74,74,74,74,74,74,74,74,74,74,74,74,74,74,74,74,74,74,74,74,74,74,74,74,74,74,74,74],"card_choices":[{"not_picked":["Glacier","Doom and Gloom"],"picked":"Self Repair","floor":1},{"not_picked":["Leap","Streamline"],"picked":"Doom and Gloom","floor":2},{"not_picked":["Fusion","Leap"],"picked":"Steam","floor":3},{"not_picked":["FTL","Sweeping Beam"],"picked":"Streamline","floor":4},{"not_picked":["Chaos","Loop"],"picked":"Cold Snap","floor":7},{"not_picked":["White Noise","Steam"],"picked":"Auto Shields","floor":10},{"not_picked":["Rainbow","Streamline"],"picked":"Compile Driver","floor":11},{"not_picked":["Redo","Beam Cell"],"picked":"Conserve Battery","floor":12},{"not_picked":["Redo","Self Repair"],"picked":"Ball Lightning","floor":14},{"not_picked":["Multi-Cast","Amplify"],"picked":"Echo Form","floor":16},{"not_picked":["Steam Power","Darkness"],"picked":"Go for the Eyes+1","floor":18},{"not_picked":["FTL+1","Cold Snap"],"picked":"Defragment","floor":19},{"not_picked":["Redo","Compile Driver"],"picked":"Sweeping Beam","floor":22},{"not_picked":["Sweeping Beam","Aggregate","Reprogram"],"picked":"SKIP","floor":24},{"not_picked":["Steam","Hello World"],"picked":"Stack","floor":25},{"not_picked":["Melter","Barrage+1"],"picked":"Lockon","floor":28},{"not_picked":["Rainbow+1","Seek+1"],"picked":"Fission+1","floor":33},{"not_picked":["Sweeping Beam","Skim+1","Blizzard+1"],"picked":"SKIP","floor":35},{"not_picked":["Steam+1","Leap+1"],"picked":"Redo+1","floor":36},{"not_picked":["Beam Cell","Stack+1"],"picked":"Capacitor+1","floor":37},{"not_picked":["Hyperbeam","Rebound+1"],"picked":"Conserve Battery+1","floor":39},{"not_picked":["Ball Lightning+1","Tempest+1"],"picked":"Coolheaded+1","floor":41},{"not_picked":["Conserve Battery+1","Aggregate+1"],"picked":"Hologram+1","floor":45},{"not_picked":["Coolheaded+1","Conserve Battery+1","Chill+1"],"picked":"SKIP","floor":46}],"player_experience":505223,"relics_obtained":[{"floor":7,"key":"Pear"},{"floor":9,"key":"Letter Opener"},{"floor":11,"key":"Gremlin Horn"},{"floor":21,"key":"Oddly Smooth Stone"},{"floor":24,"key":"DataDisk"},{"floor":24,"key":"Anchor"},{"floor":26,"key":"Lantern"},{"floor":28,"key":"Bag of Preparation"},{"floor":28,"key":"Vajra"},{"floor":37,"key":"Incense Burner"},{"floor":41,"key":"Centennial Puzzle"},{"floor":41,"key":"Art of War"},{"floor":43,"key":"Mercury Hourglass"}],"event_choices":[{"event_name":"The Lab","player_choice":"Got Potions","floor":20,"damage_taken":0},{"event_name":"The Mausoleum","player_choice":"No","floor":27,"damage_taken":0},{"event_name":"Beggar","player_choice":"Gave Gold","floor":30,"damage_taken":0},{"event_name":"Addict","player_choice":"Obtained Relic","floor":31,"damage_taken":0},{"event_name":"Mysterious Sphere","player_choice":"Fight","floor":37,"damage_taken":0},{"event_name":"Match and Keep!","player_choice":"2 cards matched","floor":38,"damage_taken":0},{"event_name":"Transmorgrifier","player_choice":"Transform","floor":48,"damage_taken":0}],"is_beta":false,"boss_relics":[{"not_picked":["Calling Bell","Astrolabe"],"picked":"Black Star"},{"not_picked":["Orrery","Empty Cage"],"picked":"White Beast Statue"}],"items_purged_floors":[5,8],"is_endless":false,"potions_floor_spawned":[1,2,11,14,16,24,25,28,35,36,37,39,41,45,46],"ascension_level":15}