{"path_per_floor":["M","M","M","?","?","E","?"],"character_chosen":"DEFECT","items_purchased":[],"gold_per_floor":[112,122,138,218,218,243,243,243],"floor_reached":8,"campfire_rested":0,"playtime":376,"item_purchase_floors":[],"current_hp_per_floor":[74,74,72,72,72,62,47,0],"items_purged":[],"gold":243,"score":67,"play_id":"351e3b4a-c13c-484e-a932-65acac207772","local_time":"20180611174818","is_prod":false,"is_daily":false,"chose_seed":false,"is_ascension_mode":true,"campfire_upgraded":0,"win_rate":0,"timestamp":1528757298,"campfire_choices":[],"path_taken":["M","?","?","?","?","E","?","E"],"build_version":"2018-06-07v3","seed_source_timestamp":2212035715083533,"purchased_purges":0,"victory":false,"master_deck":["Strike_B","Strike_B","Strike_B","Strike_B","Defend_B","Defend_B","Defend_B","Defend_B","Zap","Dualcast","Capacitor","Compile Driver","BootSequence+1","Consume+1","Lockon","Sunder+1","Coolheaded","Barrage","Double Energy"],"max_hp_per_floor":[75,75,75,75,75,75,75,75],"relics":["Orrery","Ornamental Fan"],"card_choices":[{"not_picked":["Genetic Algorithm","Hello World"],"picked":"Capacitor","floor":0},{"not_picked":["Scrape","Turbo"],"picked":"Compile Driver","floor":0},{"not_picked":["Skim","Beam Cell"],"picked":"BootSequence","floor":0},{"not_picked":["Force Field","Gash"],"picked":"Consume","floor":0},{"not_picked":["Turbo","Blizzard"],"picked":"Lockon","floor":0},{"not_picked":["Steam","Reprogram"],"picked":"Sunder","floor":1},{"not_picked":["Turbo","Compile Driver"],"picked":"Coolheaded","floor":2},{"not_picked":["Rebound","Steam Power"],"picked":"Barrage","floor":3},{"not_picked":["Gash","Steam"],"picked":"Double Energy","floor":6}],"player_experience":367544,"potions_floor_usage":[6],"damage_taken":[{"damage":1,"enemies":"Cultist","floor":1,"turns":4},{"damage":0,"enemies":"2 Louse","floor":2,"turns":2},{"damage":2,"enemies":"Jaw Worm","floor":3,"turns":3},{"damage":10,"enemies":"3 Sentries","floor":6,"turns":9},{"damage":58,"enemies":"Gremlin Nob","floor":8,"turns":4}],"relics_obtained":[{"floor":6,"key":"Ornamental Fan"}],"event_choices":[{"event_name":"Golden Wing","player_choice":"Gained Gold","floor":4,"damage_taken":0},{"event_name":"Upgrade Shrine","player_choice":"Upgraded","floor":5,"damage_taken":0},{"event_name":"Shining Light","player_choice":"Entered Light","floor":7,"damage_taken":0}],"boss_relics":[],"items_purged_floors":[],"potions_floor_spawned":[2,3],"seed_played":"-6693085045349637162","killed_by":"Gremlin Nob","ascension_level":4,"potions_obtained":[{"floor":2,"key":"SkillPotion"},{"floor":3,"key":"SteroidPotion"}],"is_trial":false}