{"gold_per_floor":[111,20,20,31,48,48,82,82,105,115,131,131,143,160,160,235,235,255,265,113,113,127,127,141,171,218,237,253,253,153,166,166,243,243,254,254,254,46,146,146,164,196,196,46,63,91,105,117,117,117],"floor_reached":51,"playtime":3400,"items_purged":["Strike_G","Strike_G","Writhe","Strike_G"],"score":1406,"play_id":"f796ceb5-9148-427b-9394-69b0d7d0b8a2","local_time":"20190225161941","is_ascension_mode":true,"campfire_choices":[{"data":"Noxious Fumes","floor":6.0,"key":"SMITH"},{"floor":15.0,"key":"REST"},{"floor":23.0,"key":"REST"},{"floor":29.0,"key":"REST"},{"data":"Noxious Fumes","floor":32.0,"key":"SMITH"},{"floor":40.0,"key":"REST"},{"floor":49,"key":"REST"}],"neow_cost":"NONE","seed_source_timestamp":0,"circlet_count":0,"master_deck":["AscendersBane","Defend_G","Defend_G+1","Defend_G","Defend_G","Defend_G","Strike_G+1","Survivor+1","Neutralize+1","Noxious Fumes+1","Dash","PiercingWail","Cloak And Dagger","Malaise","Dagger Spray","Backflip","A Thousand Cuts","Corpse Explosion","Well Laid Plans","Bouncing Flask","Noxious Fumes+1","Backflip","Backflip","Malaise","Footwork","Leg Sweep","Dodge and Roll+1","Bullet Time","PiercingWail"],"special_seed":0,"relics":["Ring of the Snake","Happy Flower","Ancient Tea Set","Blood Vial","Sozu","Bottled Tornado","Bronze Scales","Cursed Key","Incense Burner","Whetstone","Gremlin Horn"],"potions_floor_usage":[],"damage_taken":[{"damage":0.0,"enemies":"Cultist","floor":1.0,"turns":4.0},{"damage":0.0,"enemies":"2 Louse","floor":4.0,"turns":3.0},{"damage":13.0,"enemies":"Jaw Worm","floor":5.0,"turns":8.0},{"damage":18.0,"enemies":"3 Sentries","floor":7.0,"turns":9.0},{"damage":0.0,"enemies":"Exordium Thugs","floor":10.0,"turns":4.0},{"damage":5.0,"enemies":"Red Slaver","floor":11.0,"turns":4.0},{"damage":11.0,"enemies":"Lots of Slimes","floor":13.0,"turns":5.0},{"damage":0.0,"enemies":"3 Louse","floor":14.0,"turns":4.0},{"damage":13.0,"enemies":"Hexaghost","floor":16.0,"turns":12.0},{"damage":0.0,"enemies":"Shell Parasite","floor":18.0,"turns":8.0},{"damage":3.0,"enemies":"3 Byrds","floor":19.0,"turns":4.0},{"damage":26.0,"enemies":"Shelled Parasite and Fungi","floor":22.0,"turns":7.0},{"damage":9.0,"enemies":"Centurion and Healer","floor":24.0,"turns":7.0},{"damage":7.0,"enemies":"Gremlin Leader","floor":25.0,"turns":8.0},{"damage":10.0,"enemies":"Snecko","floor":27.0,"turns":6.0},{"damage":6.0,"enemies":"Snake Plant","floor":28.0,"turns":5.0},{"damage":5.0,"enemies":"3 Cultists","floor":31.0,"turns":3.0},{"damage":25.0,"enemies":"Automaton","floor":33.0,"turns":10.0},{"damage":6.0,"enemies":"3 Shapes","floor":35.0,"turns":5.0},{"damage":22.0,"enemies":"Mind Bloom Boss Battle","floor":39.0,"turns":8.0},{"damage":4.0,"enemies":"3 Darklings","floor":41.0,"turns":4.0},{"damage":13.0,"enemies":"Nemesis","floor":42.0,"turns":10.0},{"damage":0,"enemies":"Writhing Mass","floor":45,"turns":8},{"damage":9,"enemies":"Giant Head","floor":46,"turns":11},{"damage":2,"enemies":"Jaw Worm Horde","floor":47,"turns":5},{"damage":12,"enemies":"Spire Growth","floor":48,"turns":6},{"damage":47,"enemies":"Donu and Deca","floor":50,"turns":10}],"seed_played":"4838939350127268642","potions_obtained":[{"floor":1.0,"key":"Weak Potion"},{"floor":5.0,"key":"Regen Potion"},{"floor":13.0,"key":"Block Potion"},{"floor":16.0,"key":"Weak Potion"}],"is_trial":false,"path_per_floor":["M","$","?","M","M","R","E","?","T","M","M","T","M","M","R","B",null,"M","M","$","?","M","R","M","E","T","M","M","R","$","M","R","B",null,"M","?","?","$","?","R","M","E","T","$","M","E","M","M","R","B",null],"character_chosen":"THE_SILENT","items_purchased":["Dash","PiercingWail","Bouncing Flask","Leg Sweep"],"campfire_rested":5,"item_purchase_floors":[2,2,20,38],"current_hp_per_floor":[65,65,65,65,52,52,49,27,27,27,22,22,13,15,36,25,60,62,61,61,61,37,58,51,46,46,38,34,55,55,52,52,29,61,57,57,71,71,50,71,68,57,57,57,59,52,52,42,63,18],"gold":117,"neow_bonus":"TEN_PERCENT_HP_BONUS","is_prod":false,"is_daily":false,"chose_seed":false,"campfire_upgraded":2,"win_rate":0,"timestamp":1551129581,"path_taken":["M","?","?","M","M","R","E","?","T","M","M","?","?","M","R","BOSS","M","M","$","?","M","R","M","E","T","M","M","R","$","?","R","BOSS","M","?","?","$","?","R","M","E","T","?","M","E","M","M","R","BOSS"],"build_version":"2019-01-23","purchased_purges":4,"victory":true,"max_hp_per_floor":[72,72,72,72,72,72,72,72,72,72,72,72,72,72,72,72,72,72,72,72,72,72,72,72,72,72,72,72,72,72,72,72,72,72,72,72,72,72,72,72,72,72,72,72,72,72,72,72,72,72],"card_choices":[{"not_picked":["Calculated Gamble","Dodge and Roll"],"picked":"Noxious Fumes","floor":1.0},{"not_picked":["Flying Knee","Slice"],"picked":"Cloak And Dagger","floor":4.0},{"not_picked":["Underhanded Strike","Acrobatics"],"picked":"Malaise","floor":5.0},{"not_picked":["Prepared","Bane"],"picked":"Dagger Spray","floor":7.0},{"not_picked":["Bane","Terror","Quick Slash"],"picked":"SKIP","floor":10.0},{"not_picked":["Finisher","Riddle With Holes","Quick Slash"],"picked":"SKIP","floor":11.0},{"not_picked":["Outmaneuver","Blade Dance"],"picked":"Backflip","floor":13.0},{"not_picked":["Predator","Reflex"],"picked":"A Thousand Cuts","floor":14.0},{"not_picked":["Envenom","Wraith Form v2"],"picked":"Corpse Explosion","floor":16.0},{"not_picked":["Deflect","All Out Attack"],"picked":"Well Laid Plans","floor":18.0},{"not_picked":["Deadly Poison","Underhanded Strike+1","Dagger Spray+1"],"picked":"SKIP","floor":19.0},{"not_picked":["Terror+1","Deadly Poison","Acrobatics"],"picked":"SKIP","floor":22.0},{"not_picked":["Setup","Slice"],"picked":"Noxious Fumes","floor":24.0},{"not_picked":["Sucker Punch","Terror"],"picked":"Backflip","floor":25.0},{"not_picked":["Cloak And Dagger","Heel Hook","Poisoned Stab"],"picked":"SKIP","floor":27.0},{"not_picked":["Blade Dance","Setup"],"picked":"Backflip","floor":28.0},{"not_picked":["Acrobatics","Choke","PiercingWail"],"picked":"SKIP","floor":31.0},{"not_picked":["Adrenaline","Doppelganger"],"picked":"Malaise","floor":33.0},{"not_picked":["Calculated Gamble","Backstab+1"],"picked":"Footwork","floor":35.0},{"not_picked":["Heel Hook+1","Deadly Poison","Prepared"],"picked":"SKIP","floor":41.0},{"not_picked":["Distraction","Flechettes"],"picked":"Dodge and Roll+1","floor":42.0},{"not_picked":["Accuracy","Deadly Poison"],"picked":"Bullet Time","floor":45},{"not_picked":["Dash+1","Underhanded Strike","Prepared"],"picked":"SKIP","floor":46},{"not_picked":["Slice+1","Outmaneuver+1","Infinite Blades+1"],"picked":"SKIP","floor":47},{"not_picked":["Endless Agony","Expertise"],"picked":"PiercingWail","floor":48}],"player_experience":1264851,"relics_obtained":[{"floor":7.0,"key":"Happy Flower"},{"floor":9.0,"key":"Ancient Tea Set"},{"floor":12.0,"key":"Blood Vial"},{"floor":25.0,"key":"Bottled Tornado"},{"floor":26.0,"key":"Bronze Scales"},{"floor":39.0,"key":"Incense Burner"},{"floor":42.0,"key":"Whetstone"},{"floor":46,"key":"Gremlin Horn"}],"event_choices":[{"damage_healed":0.0,"max_hp_gain":0.0,"max_hp_loss":0.0,"gold_gain":0.0,"event_name":"Golden Idol","player_choice":"Ignored","floor":3.0,"gold_loss":0.0,"damage_taken":0.0},{"damage_healed":0.0,"max_hp_gain":0.0,"max_hp_loss":0.0,"gold_gain":0.0,"event_name":"Shining Light","player_choice":"Entered Light","floor":8.0,"gold_loss":0.0,"damage_taken":22.0,"cards_upgraded":["Survivor","Defend_G"]},{"damage_healed":0.0,"max_hp_gain":0.0,"max_hp_loss":0.0,"gold_gain":0.0,"event_name":"N\u0027loth","player_choice":"Ignored","floor":21.0,"gold_loss":0.0,"damage_taken":0.0},{"cards_removed":["Strike_G"],"damage_healed":0.0,"max_hp_gain":0.0,"max_hp_loss":0.0,"gold_gain":0.0,"event_name":"Falling","player_choice":"Removed Attack","floor":36.0,"gold_loss":0.0,"damage_taken":0.0},{"damage_healed":14.0,"max_hp_gain":0.0,"max_hp_loss":0.0,"gold_gain":0.0,"event_name":"Winding Halls","player_choice":"Writhe","floor":37.0,"gold_loss":0.0,"damage_taken":0.0,"cards_obtained":["Writhe"]},{"damage_healed":0.0,"max_hp_gain":0.0,"max_hp_loss":0.0,"gold_gain":0.0,"event_name":"MindBloom","player_choice":"Fight","floor":39.0,"gold_loss":0.0,"damage_taken":0.0}],"is_beta":false,"boss_relics":[{"not_picked":["Philosopher\u0027s Stone","Lizard Tail"],"picked":"Sozu"},{"not_picked":["HoveringKite","WristBlade"],"picked":"Cursed Key"}],"items_purged_floors":[20,30,38,44],"is_endless":false,"potions_floor_spawned":[1,5,13,14,16,18,25,27,28,33,41,45],"ascension_level":19}