{"gold_per_floor":[116,70,84,104,104,104,29,29,29,29,56,76,76,96,96,193,193,204,204,214,146,158,158,158,158,210,237,237,237,237,264,264,362,362,377,192,202,11,22,50,50,77,77,104,104,123,123,141,141,141],"floor_reached":51,"playtime":6081,"items_purged":["Strike_B"],"score":824,"play_id":"dc8372cd-b0d3-48d9-88c9-fabbc6813c96","local_time":"20181122211834","is_ascension_mode":true,"campfire_choices":[{"data":"Zap","floor":6.0,"key":"SMITH"},{"data":"Coolheaded","floor":8.0,"key":"SMITH"},{"data":"Dualcast","floor":10.0,"key":"SMITH"},{"data":"Sunder","floor":13.0,"key":"SMITH"},{"data":"Hologram","floor":15.0,"key":"SMITH"},{"data":"Buffer","floor":23.0,"key":"SMITH"},{"floor":28.0,"key":"REST"},{"data":"Echo Form","floor":30.0,"key":"SMITH"},{"floor":32.0,"key":"REST"},{"data":"Apotheosis","floor":41.0,"key":"SMITH"},{"floor":45.0,"key":"REST"},{"floor":47.0,"key":"REST"},{"floor":49.0,"key":"REST"}],"neow_cost":"NONE","seed_source_timestamp":360506401657259,"circlet_count":0,"master_deck":["Strike_B","Strike_B","Strike_B","Defend_B+1","Defend_B","Defend_B","Defend_B","Zap+1","Dualcast+1","Beam Cell","Coolheaded+1","Glacier+1","Sunder+1","Hologram+1","Lockon","Buffer+1","Auto Shields+1","Coolheaded","Echo Form+1","Creative AI","Turbo+1","Chrysalis","Apotheosis+1","Chill+1","Sunder+1","Blizzard","Fusion+1","Hologram+1","Hologram+1","Hologram+1"],"special_seed":0,"relics":["Cracked Core","NeowsBlessing","Matryoshka","Orichalcum","Oddly Smooth Stone","Juzu Bracelet","Philosopher\u0027s Stone","MutagenicStrength","Bag of Preparation","War Paint","Cables","Red Mask","Nuclear Battery","Happy Flower","Darkstone Periapt","Anchor","Dream Catcher"],"potions_floor_usage":[50],"damage_taken":[{"damage":0.0,"enemies":"Cultist","floor":1.0,"turns":1.0},{"damage":0.0,"enemies":"Jaw Worm","floor":3.0,"turns":1.0},{"damage":0.0,"enemies":"Small Slimes","floor":4.0,"turns":1.0},{"damage":11.0,"enemies":"Gremlin Nob","floor":11.0,"turns":5.0},{"damage":6.0,"enemies":"Exordium Wildlife","floor":12.0,"turns":2.0},{"damage":0.0,"enemies":"2 Fungi Beasts","floor":14.0,"turns":2.0},{"damage":10.0,"enemies":"The Guardian","floor":16.0,"turns":15.0},{"damage":13.0,"enemies":"2 Thieves","floor":18.0,"turns":4.0},{"damage":0.0,"enemies":"Colosseum Slavers","floor":19.0,"turns":3.0},{"damage":4.0,"enemies":"Shell Parasite","floor":20.0,"turns":9.0},{"damage":9.0,"enemies":"Snecko","floor":22.0,"turns":9.0},{"damage":28.0,"enemies":"Book of Stabbing","floor":27.0,"turns":7.0},{"damage":0.0,"enemies":"Masked Bandits","floor":31.0,"turns":5.0},{"damage":15.0,"enemies":"Automaton","floor":33.0,"turns":14.0},{"damage":14.0,"enemies":"3 Darklings","floor":35.0,"turns":7.0},{"damage":5.0,"enemies":"Orb Walker","floor":37.0,"turns":3.0},{"damage":0.0,"enemies":"Spire Growth","floor":39.0,"turns":6.0},{"damage":0.0,"enemies":"Nemesis","floor":40.0,"turns":13.0},{"damage":16.0,"enemies":"Reptomancer","floor":42.0,"turns":11.0},{"damage":38.0,"enemies":"Nemesis","floor":44.0,"turns":11.0},{"damage":0.0,"enemies":"Sphere and 2 Shapes","floor":46.0,"turns":10.0},{"damage":0.0,"enemies":"Transient","floor":48.0,"turns":5.0},{"damage":47,"enemies":"Donu and Deca","floor":50,"turns":11}],"seed_played":"-2877795186027393553","potions_obtained":[{"floor":1.0,"key":"FearPotion"},{"floor":11.0,"key":"SpeedPotion"},{"floor":16.0,"key":"Swift Potion"},{"floor":18.0,"key":"Energy Potion"},{"floor":20.0,"key":"Energy Potion"},{"floor":22.0,"key":"SteroidPotion"},{"floor":31.0,"key":"SkillPotion"},{"floor":33.0,"key":"EssenceOfSteel"},{"floor":35.0,"key":"EssenceOfSteel"},{"floor":44.0,"key":"Energy Potion"}],"is_trial":false,"path_per_floor":["M","$","M","M","?","R","$","R","T","R","E","M","R","M","R","B",null,"M","?","M","$","M","R","?","$","T","E","R","?","R","?","R","B",null,"M","$","M","$","M","E","R","E","T","E","R","M","R","M","R","B",null],"character_chosen":"DEFECT","items_purchased":["Coolheaded","Echo Form","Chrysalis","Apotheosis"],"campfire_rested":5,"item_purchase_floors":[2,21,36,38],"current_hp_per_floor":[75,75,75,75,75,75,75,75,75,75,64,58,58,58,58,48,75,62,62,58,58,49,49,49,49,49,21,43,43,43,43,65,50,75,61,61,56,56,56,56,56,40,40,2,24,24,46,46,68,21],"gold":141,"neow_bonus":"THREE_ENEMY_KILL","is_prod":false,"is_daily":false,"chose_seed":false,"campfire_upgraded":8,"win_rate":0,"timestamp":1542889114,"path_taken":["M","$","M","M","?","R","?","R","T","R","E","M","R","M","R","BOSS","M","?","M","$","M","R","?","$","T","E","R","?","R","?","R","BOSS","M","$","M","$","M","E","R","E","T","E","R","M","R","M","R","BOSS"],"build_version":"2018-11-15","purchased_purges":1,"victory":true,"max_hp_per_floor":[75,75,75,75,75,75,75,75,75,75,75,75,75,75,75,75,75,75,75,75,75,75,75,75,75,75,75,75,75,75,75,75,75,75,75,75,75,75,75,75,75,75,75,75,75,75,75,75,75,75],"card_choices":[{"not_picked":["Storm","Compile Driver"],"picked":"Beam Cell","floor":1.0},{"not_picked":["Leap","Static Discharge"],"picked":"Glacier","floor":3.0},{"not_picked":["Genetic Algorithm","Fusion","Gash"],"picked":"SKIP","floor":4.0},{"not_picked":["Redo","Cold Snap"],"picked":"Sunder","floor":11.0},{"not_picked":["Conserve Battery","Rebound"],"picked":"Hologram","floor":12.0},{"not_picked":["Core Surge","Sweeping Beam"],"picked":"Lockon","floor":14.0},{"not_picked":["Electrodynamics","Biased Cognition"],"picked":"Buffer","floor":16.0},{"not_picked":["Beam Cell","Storm"],"picked":"Auto Shields+1","floor":18.0},{"not_picked":["Redo+1","Go for the Eyes"],"picked":"Coolheaded","floor":20.0},{"not_picked":["Self Repair","Undo","Force Field"],"picked":"SKIP","floor":22.0},{"not_picked":["Reinforced Body","Static Discharge","Steam"],"picked":"SKIP","floor":27.0},{"not_picked":["Biased Cognition","All For One"],"picked":"Creative AI","floor":33.0},{"not_picked":["Static Discharge+1","Sweeping Beam+1"],"picked":"Turbo+1","floor":35.0},{"not_picked":["Ball Lightning","Streamline","Cold Snap+1"],"picked":"SKIP","floor":37.0},{"not_picked":["Conserve Battery+1","Recycle"],"picked":"Chill+1","floor":39.0},{"not_picked":["Scrape","Turbo+1"],"picked":"Sunder+1","floor":40.0},{"not_picked":["Creative AI","Sweeping Beam","Glacier+1"],"picked":"SKIP","floor":42.0},{"not_picked":["Heatsinks+1","Machine Learning","Rip and Tear+1"],"picked":"SKIP","floor":44.0},{"not_picked":["Aggregate","Chill"],"picked":"Blizzard","floor":45.0},{"not_picked":["Ball Lightning","Hello World"],"picked":"Fusion+1","floor":46.0},{"not_picked":["Cold Snap+1","FTL"],"picked":"Hologram+1","floor":47.0},{"not_picked":["Glacier","Streamline+1"],"picked":"Hologram+1","floor":48.0},{"not_picked":["Beam Cell","Rebound"],"picked":"Hologram+1","floor":49.0}],"player_experience":82171,"relics_obtained":[{"floor":9.0,"key":"Orichalcum"},{"floor":9.0,"key":"Oddly Smooth Stone"},{"floor":11.0,"key":"Juzu Bracelet"},{"floor":26.0,"key":"Bag of Preparation"},{"floor":26.0,"key":"War Paint"},{"floor":27.0,"key":"Cables"},{"floor":31.0,"key":"Red Mask"},{"floor":40.0,"key":"Happy Flower"},{"floor":42.0,"key":"Darkstone Periapt"},{"floor":43.0,"key":"Anchor"},{"floor":44.0,"key":"Dream Catcher"}],"event_choices":[{"damage_healed":0.0,"max_hp_gain":0.0,"max_hp_loss":0.0,"gold_gain":0.0,"event_name":"WeMeetAgain","player_choice":"Gave Potion","floor":5.0,"gold_loss":0.0,"damage_taken":0.0,"relics_obtained":["Matryoshka"]},{"damage_healed":0.0,"max_hp_gain":0.0,"max_hp_loss":0.0,"gold_gain":0.0,"event_name":"Colosseum","player_choice":"Fight","floor":19.0,"gold_loss":0.0,"damage_taken":0.0},{"damage_healed":0.0,"max_hp_gain":0.0,"max_hp_loss":0.0,"gold_gain":0.0,"event_name":"Colosseum","player_choice":"Fled From Nobs","floor":19.0,"gold_loss":0.0,"damage_taken":0.0},{"damage_healed":0.0,"max_hp_gain":0.0,"max_hp_loss":0.0,"gold_gain":0.0,"event_name":"Drug Dealer","player_choice":"Inject Mutagens","floor":24.0,"gold_loss":0.0,"damage_taken":0.0,"relics_obtained":["MutagenicStrength"]},{"damage_healed":0.0,"max_hp_gain":0.0,"max_hp_loss":0.0,"gold_gain":0.0,"event_name":"Vampires","player_choice":"Ignored","floor":29.0,"gold_loss":0.0,"damage_taken":0.0},{"damage_healed":0.0,"max_hp_gain":0.0,"max_hp_loss":0.0,"gold_gain":0.0,"event_name":"Masked Bandits","player_choice":"Fought Bandits","floor":31.0,"gold_loss":0.0,"damage_taken":0.0}],"is_beta":false,"boss_relics":[{"not_picked":["Lizard Tail","Busted Crown"],"picked":"Philosopher\u0027s Stone"},{"not_picked":["Inserter","FrozenCore"],"picked":"Nuclear Battery"}],"items_purged_floors":[7],"is_endless":false,"potions_floor_spawned":[1,11,16,18,20,22,31,33,35,44],"ascension_level":2}