{"path_per_floor":["M","?","?","M","?","R","E","M","T","R","M","E","M","$","R","B",null,"M","M","?","M","?","R","E","R","T","E","M","M","M","?","R","B",null,"M","$","M","?","?","R","E","R","T","M","M","R","M","?","R"],"character_chosen":"IRONCLAD","items_purchased":["Happy Flower","Armaments","Gambling Chip","Bag of Marbles"],"gold_per_floor":[116,116,116,131,206,206,232,245,245,245,256,288,298,52,52,152,152,172,190,370,386,386,386,417,417,417,445,464,478,498,413,413,516,516,526,93,110,110,0,0,27,27,27,44,63,63,80,80,80],"floor_reached":50,"campfire_rested":7,"playtime":2598,"current_hp_per_floor":[80,80,77,80,69,69,44,40,40,64,62,53,52,52,52,39,80,57,50,26,14,14,38,31,55,55,25,13,17,19,19,43,18,80,80,80,68,68,68,68,48,72,72,55,35,59,65,55,79],"items_purged":["Normality"],"gold":80,"score":497,"play_id":"84617628-1888-4310-87f6-afa7ec37ce15","is_prod":false,"is_daily":false,"is_ascension_mode":false,"campfire_upgraded":3,"path_taken":["M","?","?","M","?","R","E","M","T","R","?","E","?","?","R","BOSS","M","M","?","M","?","R","E","R","T","E","M","M","M","?","R","BOSS","M","$","M","?","?","R","E","R","T","M","M","R","M","?","R","BOSS"],"build_version":"2018-02-15-PROD1","purchased_purges":1,"victory":false,"master_deck":["Bash","Pommel Strike","Inflame+1","Sever Soul","Shrug It Off","Infernal Blade","Anger","Ghostly Armor","Armaments+1","Limit Break","Twin Strike","Armaments","Shrug It Off","Thunderclap","Havoc","Rupture","Thunderclap","Bloodletting","Clothesline","Warcry","Flame Barrier","Dropkick","Inflame","Demon Form+1","Intimidate+1","Iron Wave","Feel No Pain","Offering","Fire Breathing","Whirlwind+1","Flex+1","Flex+1","Madness","Madness","Sword Boomerang+1"],"max_hp_per_floor":[80,80,80,80,80,80,80,80,80,80,80,80,80,80,80,80,80,80,80,80,80,80,80,80,80,80,80,80,80,80,80,80,80,80,80,80,80,80,80,80,83,83,83,83,83,83,83,83,83],"relics":["Burning Blood","Toolbox","Ancient Tea Set","Centennial Puzzle","Ice Cream","Dream Catcher","Happy Flower","Pandora\u0027s Box","Juzu Bracelet","Calipers","Orichalcum","Charon\u0027s Ashes","Runic Pyramid","Gambling Chip","Bag of Marbles","Red Mask","Blue Candle","Red Skull"],"card_choices":[{"not_picked":["Sword Boomerang","Shrug It Off"],"picked":"Pommel Strike"},{"not_picked":["True Grit","Shrug It Off"],"picked":"Inflame"},{"not_picked":["Rupture","Shrug It Off"],"picked":"Sever Soul"},{"not_picked":["Rage","Pummel"],"picked":"Shrug It Off"},{"not_picked":["Bloodletting","Warcry"],"picked":"Infernal Blade"},{"not_picked":["Heavy Blade","Warcry"],"picked":"Anger"},{"not_picked":["Shrug It Off","Cleave"],"picked":"Ghostly Armor"},{"not_picked":["Immolate","Barricade"],"picked":"Limit Break"},{"not_picked":["Ghostly Armor","True Grit"],"picked":"Clothesline"},{"not_picked":["Power Through","Havoc"],"picked":"Warcry"},{"not_picked":["True Grit","Blood for Blood"],"picked":"Flame Barrier"},{"not_picked":["True Grit","Armaments"],"picked":"Dropkick"},{"not_picked":["True Grit","Warcry"],"picked":"Inflame"},{"not_picked":["True Grit","Pommel Strike"],"picked":"Demon Form"},{"not_picked":["Havoc","Feel No Pain"],"picked":"Intimidate"},{"not_picked":["Anger","Havoc"],"picked":"Iron Wave"},{"not_picked":["Second Wind","Headbutt"],"picked":"Feel No Pain"},{"not_picked":["Barricade","Feed"],"picked":"Offering"},{"not_picked":["Thunderclap","Perfected Strike"],"picked":"Fire Breathing"},{"not_picked":["Flex","Rage"],"picked":"Whirlwind"},{"not_picked":["Armaments","Rupture"],"picked":"Flex"},{"not_picked":["Rupture","Twin Strike"],"picked":"Flex"},{"not_picked":["Rage","Ghostly Armor"],"picked":"Sword Boomerang"}],"player_experience":118515,"potions_floor_usage":[16,21,24,27,33,33,33,41,50,50,50],"damage_taken":[{"damage":1,"enemies":"Cultist","floor":1,"turns":3},{"damage":0,"enemies":"Small Slimes","floor":4,"turns":3},{"damage":31,"enemies":"Lagavulin","floor":7,"turns":7},{"damage":10,"enemies":"2 Louse","floor":8,"turns":4},{"damage":8,"enemies":"2 Fungi Beasts","floor":11,"turns":3},{"damage":15,"enemies":"3 Sentries","floor":12,"turns":8},{"damage":7,"enemies":"3 Louse","floor":13,"turns":2},{"damage":19,"enemies":"Hexaghost","floor":16,"turns":7},{"damage":29,"enemies":"Shell Parasite","floor":18,"turns":5},{"damage":13,"enemies":"Spheric Guardian","floor":19,"turns":4},{"damage":22,"enemies":"Chosen and Byrds","floor":21,"turns":7},{"damage":13,"enemies":"Book of Stabbing","floor":24,"turns":5},{"damage":36,"enemies":"Slavers","floor":27,"turns":5},{"damage":18,"enemies":"Snake Plant","floor":28,"turns":5},{"damage":6,"enemies":"Snecko","floor":29,"turns":5},{"damage":4,"enemies":"Cultist and Chosen","floor":30,"turns":5},{"damage":31,"enemies":"Champ","floor":33,"turns":8},{"damage":4,"enemies":"Orb Walker","floor":35,"turns":3},{"damage":18,"enemies":"3 Darklings","floor":37,"turns":5},{"damage":29,"enemies":"Nemesis","floor":41,"turns":5},{"damage":23,"enemies":"Maw","floor":44,"turns":5},{"damage":26,"enemies":"Sphere and 2 Shapes","floor":45,"turns":3},{"damage":0,"enemies":"3 Darklings","floor":47,"turns":1},{"damage":107,"enemies":"Awakened One","floor":50,"turns":8}],"event_choices":[{"event_name":"Accursed Blacksmith","player_choice":"Rummage","floor":2,"damage_taken":0},{"event_name":"Scrap Ooze","player_choice":"success","floor":3,"damage_taken":3},{"event_name":"World of Goop","player_choice":"Gather Gold","floor":5,"damage_taken":0},{"event_name":"Knowing Skull","player_choice":"GOLD GOLD ","floor":20,"damage_taken":0},{"event_name":"Vampires","player_choice":"Ignored","floor":22,"damage_taken":0},{"event_name":"Addict","player_choice":"Obtained Relic","floor":31,"damage_taken":0},{"event_name":"Tomb of Lord Red Mask","player_choice":"Paid","floor":39,"damage_taken":0},{"event_name":"Winding Halls","player_choice":"Embrace Madness","floor":48,"damage_taken":0}],"boss_relics":[{"not_picked":["Velvet Choker","Astrolabe"],"picked":"Pandora\u0027s Box"},{"not_picked":["Mark of Pain","White Beast Statue"],"picked":"Runic Pyramid"}],"potions_floor_spawned":[11,12,13,21,24,28,30,35,41,45,47],"seed_played":"-8363170658446470941","killed_by":"Awakened One","ascension_level":0,"is_trial":false}