{"path_per_floor":["M","?","?","M","$","E","R","E","T","M","E","M","?","M","R","B",null,"M","$","?","$","?","R","T","R","T","M","R","M","M","M","R","B",null,"M","M","$","M","M","R","E","R","T","M","M","R","?","M","R","B"],"character_chosen":"IRONCLAD","items_purchased":["Evolve","Blood Vial","Tiny Chest","Orichalcum","Omamori","Combust"],"gold_per_floor":[114,114,289,308,6,31,31,61,85,99,129,145,222,233,233,311,311,329,12,12,12,12,12,12,12,38,48,48,61,74,91,91,168,168,179,199,50,62,81,81,113,113,113,128,142,142,142,152,152,152],"floor_reached":51,"campfire_rested":5,"playtime":2906,"current_hp_per_floor":[72,77,77,70,70,40,40,21,21,18,24,24,24,19,43,14,64,30,30,30,30,15,40,40,65,65,63,63,64,57,67,67,25,70,56,55,55,55,51,76,72,72,72,64,57,57,57,59,87,52],"items_purged":["Doubt","Defend_R"],"gold":152,"score":1178,"play_id":"f61a92ad-91ba-4427-9124-650bf1f3a917","local_time":"20180430174654","is_prod":false,"is_daily":false,"chose_seed":false,"is_ascension_mode":true,"campfire_upgraded":5,"timestamp":1525128414,"path_taken":["M","?","?","M","$","E","R","E","T","?","E","M","?","M","R","BOSS","M","$","?","?","?","R","?","R","T","M","R","M","?","M","R","BOSS","M","?","$","M","M","R","E","R","T","M","M","R","?","M","R","BOSS"],"build_version":"2018-04-28v2","seed_source_timestamp":2438864756611811,"purchased_purges":2,"victory":true,"master_deck":["Defend_R","Bash","AscendersBane","Brutality","Uppercut+1","Metallicize+1","Evolve","Flex","Disarm","Rage","Combust+1","Battle Trance+1","Juggernaut","Metallicize+1","Juggernaut+1","Power Through+1","Armaments+1","Bite","Bite","Bite","Bite","Bite","Iron Wave","Offering+1","Combust","Warcry+1"],"max_hp_per_floor":[75,80,80,80,80,80,80,80,80,80,80,80,80,80,80,80,80,80,80,80,80,85,85,85,85,85,85,85,85,85,85,85,85,85,85,85,85,85,85,85,95,95,95,95,95,95,95,95,95,95],"relics":["Burning Blood","Bag of Preparation","The Courier","Pen Nib","Prayer Wheel","Astrolabe","Tiny Chest","Orichalcum","Ornamental Fan","Bag of Marbles","Cursed Key","Omamori","Pear","Paper Frog"],"card_choices":[{"not_picked":["Shrug It Off","Clash"],"picked":"Uppercut","floor":1},{"not_picked":["Pommel Strike","True Grit"],"picked":"Metallicize","floor":4},{"not_picked":["Fire Breathing","Wild Strike"],"picked":"Flex","floor":6},{"not_picked":["Headbutt","Body Slam"],"picked":"Disarm","floor":8},{"not_picked":["Rampage","Cleave"],"picked":"Rage","floor":10},{"not_picked":["Havoc","Body Slam"],"picked":"Combust","floor":11},{"not_picked":["Blood for Blood","Heavy Blade"],"picked":"Warcry","floor":12},{"not_picked":["Flex","Shockwave"],"picked":"Battle Trance","floor":14},{"not_picked":["Limit Break","Impervious"],"picked":"Juggernaut","floor":16},{"not_picked":["Clash","Clothesline"],"picked":"Armaments","floor":18},{"not_picked":["Flex","Intimidate"],"picked":"Iron Wave","floor":26},{"not_picked":["Barricade","Impervious"],"picked":"Offering","floor":33},{"not_picked":["Perfected Strike","Shrug It Off"],"picked":"Warcry","floor":45}],"player_experience":300516,"potions_floor_usage":[8,11,11,33,38,50],"damage_taken":[{"damage":2,"enemies":"2 Louse","floor":1,"turns":3},{"damage":13,"enemies":"Jaw Worm","floor":4,"turns":5},{"damage":38,"enemies":"3 Sentries","floor":6,"turns":10},{"damage":27,"enemies":"Lagavulin","floor":8,"turns":8},{"damage":11,"enemies":"Small Slimes","floor":10,"turns":4},{"damage":2,"enemies":"3 Sentries","floor":11,"turns":8},{"damage":8,"enemies":"Exordium Thugs","floor":12,"turns":4},{"damage":13,"enemies":"Looter","floor":14,"turns":3},{"damage":37,"enemies":"Hexaghost","floor":16,"turns":11},{"damage":42,"enemies":"2 Thieves","floor":18,"turns":5},{"damage":24,"enemies":"3 Byrds","floor":27,"turns":6},{"damage":15,"enemies":"Sentry and Sphere","floor":29,"turns":6},{"damage":20,"enemies":"Snake Plant","floor":30,"turns":5},{"damage":14,"enemies":"Centurion and Healer","floor":31,"turns":7},{"damage":99,"enemies":"Champ","floor":33,"turns":12},{"damage":40,"enemies":"3 Darklings","floor":35,"turns":5},{"damage":12,"enemies":"3 Shapes","floor":36,"turns":4},{"damage":24,"enemies":"Maw","floor":38,"turns":7},{"damage":12,"enemies":"4 Shapes","floor":39,"turns":4},{"damage":40,"enemies":"Nemesis","floor":41,"turns":7},{"damage":29,"enemies":"Sphere and 2 Shapes","floor":44,"turns":4},{"damage":36,"enemies":"3 Darklings","floor":45,"turns":7},{"damage":18,"enemies":"Maw","floor":48,"turns":7},{"damage":64,"enemies":"Time Eater","floor":50,"turns":11}],"event_choices":[{"event_name":"Big Fish","player_choice":"Donut","floor":2,"damage_taken":0},{"event_name":"Liars Game","player_choice":"agreed","floor":3,"damage_taken":0},{"event_name":"Golden Wing","player_choice":"Gained Gold","floor":13,"damage_taken":0},{"event_name":"Vampires","player_choice":"Became a vampire (Vial)","floor":20,"damage_taken":0},{"event_name":"Forgotten Altar","player_choice":"Shed Blood","floor":22,"damage_taken":0}],"boss_relics":[{"not_picked":["Tiny House","Black Blood"],"picked":"Astrolabe"},{"not_picked":["Orrery","White Beast Statue"],"picked":"Cursed Key"}],"potions_floor_spawned":[6,8,10,16,29,33,35,36,45],"seed_played":"2226925202172882896","ascension_level":14,"is_trial":false}