{"path_per_floor":["M","?","M","$","M","R","E","R","T","M","R","?","M","E","R","B",null,"M","M","?","$","?","?","R","E","T","M"],"character_chosen":"DEFECT","items_purchased":["Anchor","FTL"],"gold_per_floor":[116,116,127,52,65,65,94,94,94,110,110,110,127,158,158,259,259,269,289,323,27,27,27,27,59,59,74,74],"floor_reached":28,"campfire_rested":4,"playtime":1189,"item_purchase_floors":[21,21],"current_hp_per_floor":[75,60,56,56,55,55,17,39,39,39,61,61,56,31,53,18,93,78,56,8,8,8,8,35,23,23,8,0],"items_purged":["Strike_B","Strike_B"],"gold":74,"score":308,"play_id":"e292d631-6451-4bb9-9b23-cee0d43c327c","local_time":"20180610201920","is_prod":false,"is_daily":false,"chose_seed":false,"is_ascension_mode":true,"campfire_upgraded":1,"win_rate":0,"timestamp":1528679960,"campfire_choices":[{"data":"Fission","floor":6,"key":"SMITH"},{"floor":8,"key":"REST"},{"floor":11,"key":"REST"},{"floor":15,"key":"REST"},{"floor":24,"key":"REST"}],"path_taken":["M","?","?","?","M","R","E","R","T","M","R","?","?","E","R","BOSS","M","M","?","$","?","?","R","E","T","M","M"],"build_version":"2018-06-07v3","seed_source_timestamp":2133883653678543,"purchased_purges":2,"victory":false,"master_deck":["Strike_B+1","Defend_B","Defend_B","Defend_B","Defend_B","Zap","Dualcast","Fission+1","Double Energy+1","Barrage","Doom and Gloom","Steam","Ball Lightning","Conserve Battery","Defragment","Reinforced Body","Creative AI","Doubt","Parasite","Parasite","Aggregate","Force Field","Echo Form","FTL","Hologram+1","Force Field"],"max_hp_per_floor":[75,75,75,75,75,75,75,75,75,75,75,75,75,75,75,75,93,93,93,93,93,93,93,93,93,93,93,93],"relics":["Cracked Core","Darkstone Periapt","Dead Branch","Unceasing Top","Calling Bell","Orichalcum","Gremlin Horn","Ginger","Red Mask","Anchor","Thread and Needle","Ornamental Fan"],"card_choices":[{"not_picked":["Scrape","Coolheaded"],"picked":"Double Energy","floor":1},{"not_picked":["Chill","Compile Driver"],"picked":"Barrage","floor":3},{"not_picked":["Sweeping Beam","Coolheaded"],"picked":"Doom and Gloom","floor":5},{"not_picked":["Doom and Gloom","Barrage"],"picked":"Steam","floor":7},{"not_picked":["Steam","Auto Shields"],"picked":"Ball Lightning","floor":10},{"not_picked":["Turbo","Coolheaded"],"picked":"Defragment","floor":13},{"not_picked":["FTL","Beam Cell"],"picked":"Reinforced Body","floor":14},{"not_picked":["Multi-Cast","Amplify"],"picked":"Creative AI","floor":16},{"not_picked":["Streamline+1","Beam Cell"],"picked":"Aggregate","floor":18},{"not_picked":["Go for the Eyes+1","Sweeping Beam+1"],"picked":"Force Field","floor":19},{"not_picked":["Reprogram","Steam"],"picked":"Echo Form","floor":20},{"not_picked":["Hello World+1","Conserve Battery"],"picked":"Hologram+1","floor":25},{"not_picked":["Sweeping Beam+1","Beam Cell"],"picked":"Force Field","floor":27}],"player_experience":359007,"potions_floor_usage":[7,18,20,25],"damage_taken":[{"damage":0,"enemies":"Small Slimes","floor":1,"turns":2},{"damage":4,"enemies":"Jaw Worm","floor":3,"turns":3},{"damage":1,"enemies":"Cultist","floor":5,"turns":3},{"damage":38,"enemies":"Gremlin Nob","floor":7,"turns":4},{"damage":0,"enemies":"Lots of Slimes","floor":10,"turns":2},{"damage":5,"enemies":"Looter","floor":13,"turns":2},{"damage":25,"enemies":"Lagavulin","floor":14,"turns":5},{"damage":35,"enemies":"Hexaghost","floor":16,"turns":9},{"damage":15,"enemies":"Shell Parasite","floor":18,"turns":13},{"damage":22,"enemies":"Chosen","floor":19,"turns":5},{"damage":48,"floor":20,"turns":7},{"damage":12,"enemies":"Book of Stabbing","floor":25,"turns":6},{"damage":15,"enemies":"Snake Plant","floor":27,"turns":8},{"damage":10,"enemies":"Snecko","floor":28,"turns":3}],"relics_obtained":[{"floor":7,"key":"Darkstone Periapt"},{"floor":9,"key":"Dead Branch"},{"floor":14,"key":"Unceasing Top"},{"floor":17,"key":"Orichalcum"},{"floor":17,"key":"Gremlin Horn"},{"floor":17,"key":"Ginger"},{"floor":20,"key":"Red Mask"},{"floor":25,"key":"Thread and Needle"},{"floor":26,"key":"Ornamental Fan"}],"event_choices":[{"event_name":"Shining Light","player_choice":"Entered Light","floor":2,"damage_taken":0},{"event_name":"Living Wall","player_choice":"Change","floor":12,"damage_taken":0},{"event_name":"Masked Bandits","player_choice":"Fought over 289 gold","floor":20,"damage_taken":0},{"event_name":"Addict","player_choice":"Ignored","floor":22,"damage_taken":0},{"event_name":"Drug Dealer","player_choice":"Ignored","floor":23,"damage_taken":0}],"boss_relics":[{"not_picked":["Ectoplasm","Orrery"],"picked":"Calling Bell"}],"items_purged_floors":[4,21],"potions_floor_spawned":[1,13,16,18,19],"seed_played":"-6347861549173379865","killed_by":"Snecko","ascension_level":3,"potions_obtained":[{"floor":1,"key":"AttackPotion"},{"floor":13,"key":"Block Potion"},{"floor":16,"key":"Explosive Potion"},{"floor":18,"key":"FearPotion"},{"floor":19,"key":"Weak Potion"}],"is_trial":false}