{"gold_per_floor":[10,85,85,85,85,85,126,138,177,189,236,248,260,291,303,315],"floor_reached":16,"playtime":398,"items_purged":[],"score":203,"play_id":"c32d034e-91a6-4718-b6ab-b483f04ba44d","local_time":"20181103123342","is_ascension_mode":true,"campfire_choices":[{"data":"Flying Knee","floor":6,"key":"SMITH"},{"floor":8,"key":"REST"},{"data":"Infinite Blades","floor":10,"key":"SMITH"},{"floor":15,"key":"REST"}],"neow_cost":"NO_GOLD","seed_source_timestamp":610457423860723,"circlet_count":0,"master_deck":["AscendersBane","Defend_G","Defend_G","Defend_G","Defend_G","Defend_G","Strike_G","Strike_G","Strike_G","Survivor","Neutralize+1","Outmaneuver","Backstab","Flying Knee+1","Infinite Blades+1","Cloak And Dagger","Accuracy"],"relics":["Ring of the Snake","Golden Idol","MawBank","Strawberry","Letter Opener","Dodecahedron"],"potions_floor_usage":[7,7,11,16,16],"damage_taken":[{"damage":1,"enemies":"2 Louse","floor":1,"turns":4},{"damage":30,"enemies":"Lagavulin","floor":7,"turns":7},{"damage":25,"enemies":"3 Sentries","floor":11,"turns":8},{"damage":0,"enemies":"Small Slimes","floor":14,"turns":3},{"damage":44,"enemies":"Slime Boss","floor":16,"turns":7}],"seed_played":"47425434857106515","potions_obtained":[{"floor":1,"key":"EntropicBrew"},{"floor":7,"key":"Explosive Potion"},{"floor":14,"key":"Weak Potion"}],"is_trial":false,"path_per_floor":["M","?","?","?","?","R","E","R","T","R","E","?","T","M","R","B"],"character_chosen":"THE_SILENT","items_purchased":[],"campfire_rested":2,"item_purchase_floors":[],"current_hp_per_floor":[58,47,52,52,52,52,22,41,48,48,23,23,23,23,44,0],"gold":315,"neow_bonus":"TRANSFORM_TWO_CARDS","is_prod":false,"is_daily":false,"chose_seed":false,"campfire_upgraded":2,"win_rate":0,"timestamp":1541262822,"path_taken":["M","?","?","?","?","R","E","R","T","R","E","?","?","M","R","BOSS"],"build_version":"2018-11-01","purchased_purges":0,"victory":false,"max_hp_per_floor":[66,66,71,64,64,64,64,64,71,71,71,71,71,71,71,71],"card_choices":[{"not_picked":["Setup","Deflect"],"picked":"Flying Knee","floor":1},{"not_picked":["Slice","Dagger Spray"],"picked":"Infinite Blades","floor":7},{"not_picked":["Dagger Throw","Quick Slash"],"picked":"Cloak And Dagger","floor":11},{"not_picked":["Endless Agony","Slice"],"picked":"Accuracy","floor":14}],"player_experience":614965,"relics_obtained":[{"floor":7,"key":"MawBank"},{"floor":9,"key":"Strawberry"},{"floor":11,"key":"Letter Opener"},{"floor":13,"key":"Dodecahedron"}],"event_choices":[{"damage_healed":0,"gold_gain":75,"player_choice":"Gather Gold","damage_taken":11,"max_hp_gain":0,"max_hp_loss":0,"event_name":"World of Goop","floor":2,"gold_loss":0},{"damage_healed":0,"gold_gain":0,"player_choice":"Donut","damage_taken":0,"max_hp_gain":5,"max_hp_loss":0,"event_name":"Big Fish","floor":3,"gold_loss":0},{"damage_healed":0,"gold_gain":0,"player_choice":"Lose Max HP","damage_taken":0,"relics_obtained":["Golden Idol"],"max_hp_gain":0,"max_hp_loss":7,"event_name":"Golden Idol","floor":4,"gold_loss":0},{"damage_healed":0,"gold_gain":0,"player_choice":"Grow","damage_taken":0,"max_hp_gain":0,"max_hp_loss":0,"event_name":"Living Wall","floor":5,"gold_loss":0,"cards_upgraded":["Neutralize"]},{"damage_healed":0,"gold_gain":0,"player_choice":"Ignored","damage_taken":0,"max_hp_gain":0,"max_hp_loss":0,"event_name":"Liars Game","floor":12,"gold_loss":0}],"is_beta":false,"boss_relics":[],"items_purged_floors":[],"is_endless":false,"potions_floor_spawned":[1,7,14],"killed_by":"Slime Boss","ascension_level":19}