{"gold_per_floor":[113,133,152,152,170,170,18,44,44,73,73,105,63,7,7,81,81,99,49,67,67,67,99,99,124,124,124,69,119,119,147,147,220,220,235,247,265,275,275,275,303,303,303,331,345,345,358,683,683,683,683,683,683,4,35,35],"floor_reached":57,"playtime":3488,"items_purged":["Strike_G","Strike_G"],"score":2888,"play_id":"d0763956-fbc2-4b9c-b285-f629c23a9c65","local_time":"20181208114107","is_ascension_mode":true,"campfire_choices":[{"data":"Crippling Poison","floor":6.0,"key":"SMITH"},{"floor":15.0,"key":"REST"},{"floor":24.0,"key":"REST"},{"floor":30.0,"key":"REST"},{"data":"Footwork","floor":32.0,"key":"SMITH"},{"data":"Noxious Fumes","floor":40.0,"key":"SMITH"},{"data":"Bouncing Flask","floor":42.0,"key":"SMITH"},{"floor":46.0,"key":"REST"},{"floor":49,"key":"RECALL"},{"data":"After Image","floor":53,"key":"SMITH"}],"neow_cost":"NONE","seed_source_timestamp":0,"circlet_count":0,"master_deck":["AscendersBane","Defend_G","Defend_G","Defend_G","Defend_G","Defend_G","Strike_G","Strike_G+1","Survivor","Neutralize","Predator","Crippling Poison+1","Die Die Die","All Out Attack+1","Leg Sweep","Deadly Poison","Footwork+1","After Image+1","Bouncing Flask+1","Crippling Poison","Dodge and Roll","Tools of the Trade","Caltrops","Noxious Fumes+1","Doppelganger","Dagger Spray","Underhanded Strike+1","Caltrops","After Image+1","Dodge and Roll"],"special_seed":0,"relics":["Ring of the Snake","NeowsBlessing","Paper Crane","Whetstone","Mummified Hand","Du-Vu Doll","Happy Flower","Snecko Eye","Tough Bandages","Matryoshka","Bag of Preparation","Bottled Lightning","HoveringKite","Pantograph","Potion Belt","Darkstone Periapt","Molten Egg 2","Old Coin","DollysMirror","Bronze Scales","Letter Opener"],"potions_floor_usage":[51,56,56,56],"damage_taken":[{"damage":0.0,"enemies":"Cultist","floor":1.0,"turns":1.0},{"damage":0.0,"enemies":"Small Slimes","floor":2.0,"turns":1.0},{"damage":0.0,"enemies":"2 Louse","floor":3.0,"turns":1.0},{"damage":4.0,"enemies":"Blue Slaver","floor":5.0,"turns":5.0},{"damage":24.0,"enemies":"Gremlin Nob","floor":8.0,"turns":4.0},{"damage":14.0,"enemies":"3 Sentries","floor":10.0,"turns":3.0},{"damage":0.0,"enemies":"Gremlin Nob","floor":12.0,"turns":3.0},{"damage":26.0,"enemies":"The Guardian","floor":16.0,"turns":10.0},{"damage":15.0,"enemies":"3 Byrds","floor":18.0,"turns":4.0},{"damage":5.0,"enemies":"2 Thieves","floor":20.0,"turns":4.0},{"damage":16.0,"enemies":"Slavers","floor":23.0,"turns":4.0},{"damage":6.0,"enemies":"Gremlin Leader","floor":25.0,"turns":5.0},{"damage":7.0,"enemies":"Book of Stabbing","floor":31.0,"turns":5.0},{"damage":34.0,"enemies":"Champ","floor":33.0,"turns":14.0},{"damage":0.0,"enemies":"Orb Walker","floor":35.0,"turns":3.0},{"damage":0.0,"enemies":"3 Darklings","floor":36.0,"turns":3.0},{"damage":0.0,"enemies":"Sphere and 2 Shapes","floor":37.0,"turns":4.0},{"damage":1.0,"enemies":"Maw","floor":38.0,"turns":9.0},{"damage":24.0,"enemies":"Reptomancer","floor":41.0,"turns":6.0},{"damage":10.0,"enemies":"Giant Head","floor":44.0,"turns":10.0},{"damage":9.0,"enemies":"4 Shapes","floor":45.0,"turns":5.0},{"damage":0.0,"enemies":"3 Darklings","floor":47.0,"turns":3.0},{"damage":6.0,"enemies":"Reptomancer","floor":48.0,"turns":5.0},{"damage":24,"enemies":"Donu and Deca","floor":50,"turns":11},{"damage":20,"enemies":"Time Eater","floor":51,"turns":15},{"damage":16,"enemies":"Shield and Spear","floor":55,"turns":8},{"damage":5,"enemies":"The Heart","floor":56,"turns":9}],"seed_played":"4924764583336681214","potions_obtained":[{"floor":1.0,"key":"SkillPotion"},{"floor":2.0,"key":"SneckoOil"},{"floor":10.0,"key":"Explosive Potion"},{"floor":18.0,"key":"Energy Potion"},{"floor":25.0,"key":"Regen Potion"},{"floor":35.0,"key":"EssenceOfSteel"},{"floor":37.0,"key":"Swift Potion"},{"floor":45.0,"key":"Poison Potion"},{"floor":47.0,"key":"SteroidPotion"},{"floor":55,"key":"PowerPotion"}],"is_trial":false,"path_per_floor":["M","M","M","T","M","R","$","E","T","E","?","E","$","$","R","B",null,"M","?","M","?","?","E","R","E","T","$","$","?","R","E","R","B",null,"M","M","M","M","?","R","E","R","T","E","M","R","M","E","R","B","B",null,"R","$","E","B",null],"character_chosen":"THE_SILENT","items_purchased":["All Out Attack","Footwork","PowerPotion","PowerPotion","GhostInAJar","DollysMirror","Bronze Scales","Dodge and Roll","Strength Potion"],"campfire_rested":4,"item_purchase_floors":[7,13,14,28,54,54,54,54,54],"current_hp_per_floor":[59,59,59,59,55,55,55,31,31,17,17,17,17,17,36,10,52,37,37,32,32,32,16,35,29,29,29,29,29,48,41,41,22,55,55,55,55,54,76,76,52,52,52,42,33,55,55,49,49,50,55,71,71,71,55,71],"gold":35,"neow_bonus":"THREE_ENEMY_KILL","is_prod":false,"is_daily":false,"chose_seed":false,"campfire_upgraded":5,"win_rate":0,"timestamp":1544287267,"path_taken":["M","M","?","?","?","R","$","E","T","E","?","E","?","$","R","BOSS","M","?","?","?","?","E","R","E","T","?","$","?","R","E","R","BOSS","M","M","M","M","?","R","E","R","T","E","?","R","M","E","R","BOSS","BOSS","R","$","E","BOSS"],"build_version":"2018-12-06","purchased_purges":2,"victory":true,"max_hp_per_floor":[66,66,66,66,66,66,66,66,66,66,66,66,66,66,66,66,66,66,66,66,66,66,66,66,66,66,66,66,66,66,66,66,66,66,66,66,66,66,76,76,76,76,76,76,76,76,76,76,76,76,76,76,76,76,76,76],"card_choices":[{"not_picked":["Accuracy","Outmaneuver"],"picked":"Predator","floor":1.0},{"not_picked":["Blade Dance","Quick Slash"],"picked":"Crippling Poison","floor":2.0},{"not_picked":["Poisoned Stab","Cloak And Dagger"],"picked":"Die Die Die","floor":3.0},{"not_picked":["Underhanded Strike","Dagger Throw","Outmaneuver"],"picked":"SKIP","floor":5.0},{"not_picked":["Unload","Acrobatics"],"picked":"Leg Sweep","floor":8.0},{"not_picked":["Concentrate","Heel Hook"],"picked":"Deadly Poison","floor":10.0},{"not_picked":["Quick Slash","Outmaneuver","Underhanded Strike"],"picked":"SKIP","floor":12.0},{"not_picked":["Envenom","Grand Finale"],"picked":"After Image","floor":16.0},{"not_picked":["Infinite Blades+1","Riddle With Holes"],"picked":"Bouncing Flask","floor":18.0},{"not_picked":["Acrobatics","Flying Knee","Poisoned Stab"],"picked":"SKIP","floor":20.0},{"not_picked":["Endless Agony","Bane"],"picked":"Unload","floor":23.0},{"not_picked":["Blade Dance","Expertise"],"picked":"Dodge and Roll","floor":25.0},{"not_picked":["Deflect","Sucker Punch","Prepared"],"picked":"SKIP","floor":31.0},{"not_picked":["Phantasmal Killer","Unload"],"picked":"Tools of the Trade","floor":33.0},{"not_picked":["Dagger Throw","Cloak And Dagger"],"picked":"Caltrops","floor":35.0},{"not_picked":["Deflect","Slice"],"picked":"Noxious Fumes","floor":36.0},{"not_picked":["Reflex","Dagger Throw"],"picked":"Doppelganger","floor":37.0},{"not_picked":["Deadly Poison","Eviscerate"],"picked":"Dagger Spray","floor":38.0},{"not_picked":["Doppelganger","Finisher+1","Predator"],"picked":"SKIP","floor":41.0},{"not_picked":["Deadly Poison","Poisoned Stab","Bane+1"],"picked":"SKIP","floor":44.0},{"not_picked":["Flying Knee+1","Prepared+1","Blade Dance+1"],"picked":"SKIP","floor":45.0},{"not_picked":["PiercingWail","Deadly Poison"],"picked":"Underhanded Strike+1","floor":47.0},{"not_picked":["Flying Knee+1","Quick Slash+1"],"picked":"Caltrops","floor":48.0},{"not_picked":["Flechettes+1","Setup","Outmaneuver"],"picked":"SKIP","floor":55}],"player_experience":664872,"relics_obtained":[{"floor":4.0,"key":"Paper Crane"},{"floor":8.0,"key":"Whetstone"},{"floor":9.0,"key":"Mummified Hand"},{"floor":10.0,"key":"Du-Vu Doll"},{"floor":12.0,"key":"Happy Flower"},{"floor":23.0,"key":"Tough Bandages"},{"floor":25.0,"key":"Matryoshka"},{"floor":26.0,"key":"Bag of Preparation"},{"floor":31.0,"key":"Bottled Lightning"},{"floor":41.0,"key":"Pantograph"},{"floor":43.0,"key":"Potion Belt"},{"floor":43.0,"key":"Darkstone Periapt"},{"floor":44.0,"key":"Molten Egg 2"},{"floor":48.0,"key":"Old Coin"},{"floor":55,"key":"Letter Opener"}],"event_choices":[{"cards_removed":["Strike_G"],"damage_healed":0.0,"max_hp_gain":0.0,"max_hp_loss":0.0,"gold_gain":0.0,"event_name":"Purifier","player_choice":"Purged","floor":11.0,"gold_loss":0.0,"damage_taken":0.0},{"damage_healed":0.0,"max_hp_gain":0.0,"max_hp_loss":0.0,"gold_gain":0.0,"event_name":"The Joust","player_choice":"Bet on Murderer","floor":19.0,"gold_loss":50.0,"damage_taken":0.0},{"damage_healed":0.0,"max_hp_gain":0.0,"max_hp_loss":0.0,"gold_gain":0.0,"event_name":"The Library","player_choice":"Read","floor":22.0,"gold_loss":0.0,"damage_taken":0.0,"cards_obtained":["Crippling Poison"]},{"damage_healed":0.0,"max_hp_gain":0.0,"max_hp_loss":0.0,"gold_gain":50.0,"event_name":"Nest","player_choice":"Stole From Cult","floor":29.0,"gold_loss":0.0,"damage_taken":0.0},{"cards_removed":["Unload"],"damage_healed":12.0,"max_hp_gain":10.0,"max_hp_loss":0.0,"gold_gain":0.0,"event_name":"Bonfire Elementals","player_choice":"Offered Rare","floor":39.0,"gold_loss":0.0,"damage_taken":0.0}],"is_beta":false,"boss_relics":[{"not_picked":["Eternal Feather","Fusion Hammer"],"picked":"Snecko Eye"},{"not_picked":["Black Star","Philosopher\u0027s Stone"],"picked":"HoveringKite"}],"items_purged_floors":[7,54],"is_endless":false,"potions_floor_spawned":[1,2,10,18,25,35,37,38,45,47,55],"ascension_level":20}