{"path_per_floor":["M","?","?","M","M","E","R","E","T","R","$","?","R","M","R","B",null,"M","$","M","?","?","R","M","E","T","R","E","R","E","?","R","B",null,"M","M","T","?","$","R","E","R","T","R","?","M","M","M","R"],"character_chosen":"IRONCLAD","items_purchased":["Tiny Chest","Bag of Marbles","Dropkick","Medical Kit","Self Forming Clay","Combust"],"gold_per_floor":[110,60,60,74,85,116,116,142,142,142,48,48,48,65,65,139,139,157,1,17,17,17,17,30,58,358,358,384,384,416,416,416,490,490,503,517,587,587,104,104,136,136,136,136,136,155,166,179,179,179],"floor_reached":50,"campfire_rested":3,"playtime":1319,"current_hp_per_floor":[66,66,66,66,66,48,48,52,52,52,52,57,57,58,58,31,73,63,63,67,67,67,67,69,58,58,88,68,68,37,37,69,59,97,105,97,97,97,97,97,83,83,83,83,73,81,61,61,97,0],"items_purged":["Perfected Strike"],"gold":179,"score":972,"play_id":"15dead23-4731-42cc-8f3c-11fdac3fb2e5","local_time":"20180429003453","is_prod":false,"is_daily":false,"chose_seed":false,"is_ascension_mode":true,"campfire_upgraded":9,"timestamp":1524980093,"path_taken":["M","?","?","?","M","E","R","E","T","R","$","?","R","M","R","BOSS","M","$","M","?","?","R","?","E","T","R","E","R","E","?","R","BOSS","M","?","?","?","$","R","E","R","T","R","?","M","?","M","R","BOSS"],"build_version":"2018-04-28","seed_source_timestamp":2292152547449755,"purchased_purges":1,"victory":false,"master_deck":["Strike_R","Strike_R","Defend_R","Defend_R+1","Defend_R+1","Defend_R","Bash+1","AscendersBane","Pommel Strike+1","Offering+1","Carnage+1","Immolate+1","Battle Trance+1","Immolate+1","Dropkick+1","Thunderclap+1","Combust+1","Master of Strategy","Madness","Master of Strategy"],"max_hp_per_floor":[80,80,80,80,80,80,80,82,82,82,82,87,87,87,87,87,87,89,89,91,91,91,91,91,103,103,103,105,105,107,107,107,109,109,111,113,113,113,113,113,115,115,115,115,115,117,119,121,121,121],"relics":["Burning Blood","Singing Bowl","The Courier","Lantern","Tiny Chest","Runic Cube","Bag of Marbles","Pear","Old Coin","Darkstone Periapt","Paper Frog","Pantograph","Philosopher\u0027s Stone","Frozen Egg 2","Medical Kit","Self Forming Clay","War Paint","Thread and Needle"],"card_choices":[{"not_picked":["Thunderclap","Armaments"],"picked":"Pommel Strike","floor":1},{"not_picked":["Havoc","Cleave"],"picked":"Carnage","floor":4},{"not_picked":["Armaments","Heavy Blade"],"picked":"Perfected Strike","floor":5},{"not_picked":["Uppercut","Clash"],"picked":"Immolate","floor":6},{"not_picked":["Shrug It Off","Sword Boomerang"],"picked":"Battle Trance","floor":14},{"not_picked":["Exhume","Bludgeon"],"picked":"Immolate","floor":16},{"not_picked":["Reckless Charge","Corruption"],"picked":"Thunderclap","floor":24},{"not_picked":["Panache","Bandage Up"],"picked":"Master of Strategy","floor":45},{"not_picked":["Swift Strike","Trip"],"picked":"Madness","floor":45},{"not_picked":["Bandage Up","Transmutation"],"picked":"Master of Strategy","floor":45}],"player_experience":294385,"potions_floor_usage":[6,6,36,50,50,50],"damage_taken":[{"damage":12,"enemies":"Small Slimes","floor":1,"turns":5},{"damage":6,"enemies":"2 Louse","floor":4,"turns":3},{"damage":6,"enemies":"Jaw Worm","floor":5,"turns":2},{"damage":24,"enemies":"Lagavulin","floor":6,"turns":5},{"damage":4,"enemies":"Gremlin Nob","floor":8,"turns":2},{"damage":5,"enemies":"3 Louse","floor":14,"turns":2},{"damage":33,"enemies":"Slime Boss","floor":16,"turns":7},{"damage":18,"enemies":"Shell Parasite","floor":18,"turns":2},{"damage":4,"enemies":"3 Byrds","floor":20,"turns":1},{"damage":4,"enemies":"Snecko","floor":24,"turns":2},{"damage":29,"enemies":"Book of Stabbing","floor":25,"turns":3},{"damage":28,"enemies":"Gremlin Leader","floor":28,"turns":3},{"damage":39,"enemies":"Book of Stabbing","floor":30,"turns":3},{"damage":43,"enemies":"Collector","floor":33,"turns":5},{"damage":0,"enemies":"3 Darklings","floor":35,"turns":1},{"damage":16,"enemies":"3 Shapes","floor":36,"turns":2},{"damage":22,"enemies":"Nemesis","floor":41,"turns":3},{"damage":0,"enemies":"3 Darklings","floor":46,"turns":1},{"damage":28,"enemies":"Maw","floor":47,"turns":4},{"damage":8,"enemies":"4 Shapes","floor":48,"turns":1},{"damage":158,"enemies":"Time Eater","floor":50,"turns":8}],"event_choices":[{"event_name":"The Cleric","player_choice":"Card Removal","floor":2,"damage_taken":0},{"event_name":"Living Wall","player_choice":"Change","floor":3,"damage_taken":0},{"event_name":"Big Fish","player_choice":"Donut","floor":12,"damage_taken":0},{"event_name":"Addict","player_choice":"Ignored","floor":21,"damage_taken":0},{"event_name":"Drug Dealer","player_choice":"Ignored","floor":22,"damage_taken":0},{"event_name":"Wheel of Change","player_choice":"Relic","floor":31,"damage_taken":0},{"event_name":"Bonfire Elementals","player_choice":"BASIC","floor":38,"damage_taken":0},{"event_name":"SensoryStone","player_choice":"Memory 3","floor":45,"damage_taken":0}],"boss_relics":[{"not_picked":["Calling Bell","Cursed Key"],"picked":"Runic Cube"},{"not_picked":["Runic Pyramid","Orrery"],"picked":"Philosopher\u0027s Stone"}],"potions_floor_spawned":[4,5,16,20,24,36,41,47,48],"seed_played":"8262560607544023485","killed_by":"Time Eater","ascension_level":13,"is_trial":false}