{"path_per_floor":["M","M","M","M","?","E","R","M","T","R","M","E","$","M","R","B",null,"M","M","M","M","M","R","?","R","T","?","M","$","M","$","R","B",null,"M","$","M","M","M","R","E","M","T","R","M","$","R","M","R","B"],"character_chosen":"THE_SILENT","items_purchased":["Apotheosis","Happy Flower"],"gold_per_floor":[116,128,147,160,160,203,203,173,173,173,198,238,163,181,181,307,307,325,235,249,262,277,277,277,277,302,227,246,48,71,71,71,191,191,212,212,228,248,269,269,308,328,351,351,369,213,213,237,237,237],"floor_reached":51,"campfire_rested":4,"playtime":5952,"current_hp_per_floor":[70,70,70,59,59,43,43,43,43,43,46,12,12,19,40,32,70,70,59,69,68,41,62,46,46,46,46,58,58,57,57,57,52,70,70,70,70,70,38,70,18,22,22,55,60,60,70,70,70,28],"items_purged":["Injury"],"gold":237,"score":493,"play_id":"c658be30-790a-44c5-99ff-db9a54feb7bd","is_prod":false,"is_daily":false,"is_ascension_mode":false,"campfire_upgraded":6,"path_taken":["M","M","M","M","?","E","R","M","T","R","?","E","$","M","R","BOSS","M","M","M","M","M","R","?","R","T","?","M","$","M","?","R","BOSS","M","?","M","M","?","R","E","M","T","R","M","$","R","M","R","BOSS"],"build_version":"2018-02-08-PROD1","purchased_purges":1,"victory":true,"master_deck":["Defend_G","Defend_G","Defend_G","Defend_G","Defend_G","Strike_G","Strike_G","Strike_G","Strike_G","Survivor","Neutralize","Doppelganger","Noxious Fumes+1","Expertise","Footwork+1","Well Laid Plans","Dodge and Roll","Prepared","Dodge and Roll","Tools of the Trade","Backflip","Tactician","Caltrops+1","Footwork+1","Calculated Gamble","Necronomicurse","Apotheosis+1","A Thousand Cuts+1","Backflip","Caltrops+1","Deflect+1"],"max_hp_per_floor":[70,70,70,70,70,70,70,70,70,70,70,70,70,70,70,70,70,70,70,70,70,70,70,70,70,70,70,70,70,70,70,70,70,70,70,70,70,70,70,70,70,70,70,70,70,70,70,70,70,70],"relics":["Ring of the Snake","Golden Idol","Prayer Wheel","Bird Faced Urn","Gremlin Horn","Sozu","Necronomicon","Oddly Smooth Stone","Eternal Feather","Darkstone Periapt","Bag of Preparation","Happy Flower"],"card_choices":[{"not_picked":["Masterful Stab","Malaise"],"picked":"Noxious Fumes"},{"not_picked":["Poisoned Stab","Flying Knee"],"picked":"Expertise"},{"not_picked":["Underhanded Strike","Riddle With Holes"],"picked":"Footwork"},{"not_picked":["Eviscerate","Endless Agony"],"picked":"Well Laid Plans"},{"not_picked":["Bouncing Flask","Quick Slash"],"picked":"Dodge and Roll"},{"not_picked":["Underhanded Strike","Bane"],"picked":"Prepared"},{"not_picked":["Terror","Flying Knee"],"picked":"Dodge and Roll"},{"not_picked":["Expertise","PiercingWail"],"picked":"Tools of the Trade"},{"not_picked":["Dagger Spray","Dodge and Roll"],"picked":"Backflip"},{"not_picked":["Tools of the Trade","Night Terror"],"picked":"Tactician"},{"not_picked":["Escape Plan","Acrobatics"],"picked":"Caltrops"},{"not_picked":["Eviscerate","Well Laid Plans"],"picked":"Footwork"},{"not_picked":["Endless Agony","Sucker Punch"],"picked":"Calculated Gamble"},{"not_picked":["Corpse Explosion","Venomology"],"picked":"A Thousand Cuts"},{"not_picked":["Sucker Punch","Leg Sweep"],"picked":"Backflip"},{"not_picked":["Cloak And Dagger","Skewer"],"picked":"Caltrops"},{"not_picked":["Dagger Spray","Blade Dance"],"picked":"Deflect"}],"player_experience":194547,"potions_floor_usage":[8,12,12],"damage_taken":[{"damage":0,"enemies":"Cultist","floor":1,"turns":4},{"damage":0,"enemies":"Small Slimes","floor":2,"turns":4},{"damage":0,"enemies":"Blue Slaver","floor":3,"turns":6},{"damage":11,"enemies":"Large Slime","floor":4,"turns":9},{"damage":16,"enemies":"3 Sentries","floor":6,"turns":9},{"damage":0,"enemies":"Looter","floor":8,"turns":4},{"damage":3,"enemies":"3 Louse","floor":11,"turns":6},{"damage":40,"enemies":"Gremlin Nob","floor":12,"turns":7},{"damage":1,"enemies":"Exordium Wildlife","floor":14,"turns":6},{"damage":16,"enemies":"The Guardian","floor":16,"turns":13},{"damage":0,"enemies":"Shell Parasite","floor":18,"turns":8},{"damage":15,"enemies":"2 Thieves","floor":19,"turns":5},{"damage":0,"enemies":"Snecko","floor":20,"turns":7},{"damage":10,"enemies":"Snake Plant","floor":21,"turns":6},{"damage":29,"enemies":"Chosen and Byrds","floor":22,"turns":10},{"damage":0,"enemies":"3 Cultists","floor":28,"turns":7},{"damage":13,"enemies":"Snake Plant","floor":30,"turns":6},{"damage":17,"enemies":"Champ","floor":33,"turns":16},{"damage":0,"enemies":"3 Shapes","floor":35,"turns":5},{"damage":0,"enemies":"3 Darklings","floor":37,"turns":5},{"damage":7,"enemies":"4 Shapes","floor":38,"turns":7},{"damage":37,"enemies":"Sphere and 2 Shapes","floor":39,"turns":8},{"damage":64,"enemies":"2 Orb Walkers","floor":41,"turns":8},{"damage":12,"enemies":"3 Darklings","floor":42,"turns":5},{"damage":9,"enemies":"4 Shapes","floor":45,"turns":7},{"damage":1,"enemies":"Maw","floor":48,"turns":7},{"damage":46,"enemies":"Time Eater","floor":50,"turns":16}],"event_choices":[{"event_name":"Golden Idol","player_choice":"Take Wound","floor":5,"damage_taken":0},{"event_name":"Cursed Tome","player_choice":"Obtained Book","floor":24,"damage_taken":0},{"event_name":"Beggar","player_choice":"Gave Gold","floor":27,"damage_taken":0}],"boss_relics":[{"not_picked":["Black Star","Calling Bell"],"picked":"Sozu"},{"not_picked":["Astrolabe","Runic Pyramid"],"picked":"Eternal Feather"}],"potions_floor_spawned":[1,3,11,14,16,21,28,30,35,41,42,48],"seed_played":"8355600086591949942","ascension_level":0,"is_trial":false}