{"gold_per_floor":[117,137,156,156,156,156,187,187,255,295,295,330,405,245,245,338,338,359,384,384,29,29,29,45,85,85,85,129,165,165,189,189,189],"floor_reached":33,"playtime":1490,"items_purged":["Strike_R"],"score":538,"play_id":"0a97e49c-8498-4d0f-8d1e-21bd778fc4d8","local_time":"20180820180723","is_ascension_mode":true,"campfire_choices":[{"data":"Bash","floor":6,"key":"SMITH"},{"floor":8,"key":"REST"},{"floor":11,"key":"REST"},{"data":"Clothesline","floor":15,"key":"SMITH"},{"data":"Combust","floor":23,"key":"SMITH"},{"data":"Metallicize","floor":27,"key":"SMITH"},{"data":"Double Tap","floor":30,"key":"SMITH"},{"data":"Metallicize","floor":32,"key":"SMITH"}],"neow_cost":"","seed_source_timestamp":690917854781043,"circlet_count":0,"master_deck":["Strike_R","Strike_R+1","Strike_R+1","Strike_R+1","Defend_R","Defend_R","Defend_R","Defend_R","Bash+1","AscendersBane","Wild Strike","Thunderclap+1","Metallicize+1","Clothesline+1","Reaper","Shrug It Off","Metallicize+1","Double Tap+1","Shockwave+1","Combust+1","Bloodletting","Fiend Fire+1","Rage+1","Iron Wave+1"],"relics":["Burning Blood","Golden Idol","Whetstone","Meat on the Bone","StoneCalendar","Bag of Preparation","Sozu","Torii","Magic Flower","Molten Egg 2","Prayer Wheel","Red Mask","Centennial Puzzle"],"potions_floor_usage":[16],"damage_taken":[{"damage":6,"enemies":"Cultist","floor":1,"turns":4},{"damage":7,"enemies":"2 Louse","floor":2,"turns":3},{"damage":12,"enemies":"Jaw Worm","floor":3,"turns":2},{"damage":32,"enemies":"Lagavulin","floor":7,"turns":7},{"damage":26,"enemies":"Gremlin Nob","floor":10,"turns":4},{"damage":28,"enemies":"3 Sentries","floor":12,"turns":7},{"damage":11,"enemies":"Hexaghost","floor":16,"turns":9},{"damage":13,"enemies":"Shell Parasite","floor":18,"turns":5},{"damage":15,"enemies":"2 Thieves","floor":19,"turns":5},{"damage":10,"enemies":"Cultist and Chosen","floor":24,"turns":6},{"damage":36,"enemies":"Book of Stabbing","floor":25,"turns":7},{"damage":34,"floor":28,"turns":4},{"damage":30,"enemies":"Gremlin Leader","floor":29,"turns":5},{"damage":13,"enemies":"Snake Plant","floor":31,"turns":2},{"damage":66,"enemies":"Champ","floor":33,"turns":12}],"seed_played":"-4386041206137764690","potions_obtained":[{"floor":2,"key":"LiquidBronze"},{"floor":12,"key":"Block Potion"}],"is_trial":false,"path_per_floor":["M","M","M","?","?","R","E","R","T","E","R","E","?","$","R","B",null,"M","M","?","$","?","R","M","E","T","R","?","E","R","M","R"],"character_chosen":"IRONCLAD","items_purchased":["Metallicize","Magic Flower"],"campfire_rested":2,"item_purchase_floors":[14,21],"current_hp_per_floor":[68,67,61,38,38,38,12,32,32,24,44,44,33,33,33,40,61,54,48,48,48,48,48,65,47,47,47,61,58,58,54,54,0],"gold":189,"neow_bonus":"","is_prod":false,"is_daily":false,"chose_seed":false,"campfire_upgraded":6,"win_rate":0,"timestamp":1534802843,"path_taken":["M","?","M","?","?","R","E","R","T","E","R","E","?","$","R","BOSS","M","M","?","?","?","R","M","E","T","R","?","E","R","?","R","BOSS"],"build_version":"2018-08-16","purchased_purges":1,"victory":false,"max_hp_per_floor":[75,75,75,75,68,68,68,68,68,68,68,68,68,68,68,68,68,68,68,68,68,68,68,68,68,68,68,68,68,68,68,68,68],"card_choices":[{"not_picked":["Flex","Iron Wave"],"picked":"Wild Strike","floor":1},{"not_picked":["Headbutt","Pummel"],"picked":"Thunderclap","floor":2},{"not_picked":["Rupture","Cleave"],"picked":"Metallicize","floor":3},{"not_picked":["Flex","Wild Strike"],"picked":"Clothesline","floor":7},{"not_picked":["Havoc","Intimidate"],"picked":"Reaper","floor":10},{"not_picked":["Feed","Carnage"],"picked":"Shrug It Off","floor":12},{"not_picked":["Berserk","Brutality"],"picked":"Double Tap","floor":16},{"not_picked":["Clothesline","Headbutt"],"picked":"Shockwave+1","floor":18},{"not_picked":["True Grit+1","Carnage"],"picked":"Combust","floor":19},{"not_picked":["Flex","Headbutt"],"picked":"Bloodletting","floor":24},{"not_picked":["Thunderclap","Battle Trance+1"],"picked":"Fiend Fire","floor":25},{"not_picked":["Warcry","Flame Barrier"],"picked":"Rage+1","floor":29},{"not_picked":["Reaper+1","Bloodletting"],"picked":"Iron Wave+1","floor":31},{"not_picked":["Heavy Blade+1","Thunderclap+1","Sword Boomerang+1"],"picked":"SKIP","floor":31},{"not_picked":["Heavy Blade+1","Thunderclap+1","Sword Boomerang+1"],"picked":"SKIP","floor":31}],"player_experience":469140,"relics_obtained":[{"floor":7,"key":"Whetstone"},{"floor":9,"key":"Meat on the Bone"},{"floor":10,"key":"StoneCalendar"},{"floor":12,"key":"Bag of Preparation"},{"floor":25,"key":"Molten Egg 2"},{"floor":26,"key":"Prayer Wheel"},{"floor":28,"key":"Red Mask"},{"floor":29,"key":"Centennial Puzzle"}],"event_choices":[{"event_name":"Shining Light","player_choice":"Entered Light","floor":4,"damage_taken":0},{"event_name":"Golden Idol","player_choice":"Lose Max HP","floor":5,"damage_taken":0},{"event_name":"World of Goop","player_choice":"Gather Gold","floor":13,"damage_taken":0},{"event_name":"The Mausoleum","player_choice":"Yes","floor":20,"damage_taken":0},{"event_name":"Back to Basics","player_choice":"Elegance","floor":22,"damage_taken":0},{"event_name":"Masked Bandits","player_choice":"Fought Bandits","floor":28,"damage_taken":0}],"is_beta":false,"boss_relics":[{"not_picked":["Calling Bell","Lizard Tail"],"picked":"Sozu"}],"items_purged_floors":[14],"is_endless":false,"potions_floor_spawned":[2,12,19,29],"killed_by":"Champ","ascension_level":16}