{"path_per_floor":["M","?","?","M","M","R","E","R","T","R","?","M","R","M","R","B",null,"M","?","M","$","?"],"character_chosen":"IRONCLAD","items_purchased":["Membership Card"],"gold_per_floor":[217,217,142,160,176,176,202,202,202,202,202,226,226,247,247,346,346,361,286,306,23,23,23],"floor_reached":23,"campfire_rested":1,"playtime":557,"current_hp_per_floor":[69,74,74,69,66,66,39,39,39,39,39,30,54,47,47,44,71,25,25,11,11,11,0],"items_purged":["Strike_R"],"gold":23,"score":331,"play_id":"8b3cd337-7bd8-49f6-b2b5-171e97bda5db","local_time":"20180503232609","is_prod":false,"is_daily":false,"chose_seed":false,"is_ascension_mode":true,"campfire_upgraded":1,"timestamp":1525407969,"path_taken":["M","?","?","?","M","R","E","R","T","R","?","M","R","M","R","BOSS","M","?","M","$","?","E"],"build_version":"2018-05-03","seed_source_timestamp":2720782950148388,"purchased_purges":1,"victory":false,"master_deck":["Strike_R","Strike_R","Strike_R","Defend_R","Defend_R","Defend_R","Defend_R","Bash","AscendersBane","Blood for Blood","Combust+1","Shrug It Off","Inflame","Rupture","Sword Boomerang","Offering","Brutality","Whirlwind"],"max_hp_per_floor":[75,80,80,80,80,80,80,80,80,80,80,80,80,80,80,80,80,80,80,80,80,80,80],"relics":["Burning Blood","Shovel","Dream Catcher","Pantograph","Lantern","Golden Idol","Dodecahedron","Velvet Choker","Membership Card"],"card_choices":[{"not_picked":["Sword Boomerang","Bloodletting"],"picked":"Blood for Blood","floor":1},{"not_picked":["Warcry","Sword Boomerang"],"picked":"Combust","floor":4},{"not_picked":["Rage","Heavy Blade"],"picked":"Shrug It Off","floor":5},{"not_picked":["Heavy Blade","Combust"],"picked":"Inflame","floor":7},{"not_picked":["Whirlwind","Combust"],"picked":"Rupture","floor":12},{"not_picked":["Havoc","Wild Strike"],"picked":"Sword Boomerang","floor":13},{"not_picked":["Iron Wave","Shrug It Off"],"picked":"Offering","floor":14},{"not_picked":["Offering","Exhume"],"picked":"Brutality","floor":16},{"not_picked":["Spot Weakness","Thunderclap"],"picked":"Whirlwind","floor":18}],"player_experience":311430,"potions_floor_usage":[7,23,23],"damage_taken":[{"damage":5,"enemies":"2 Louse","floor":1,"turns":3},{"damage":11,"enemies":"Jaw Worm","floor":4,"turns":4},{"damage":9,"enemies":"Small Slimes","floor":5,"turns":4},{"damage":33,"enemies":"Gremlin Nob","floor":7,"turns":5},{"damage":15,"enemies":"Looter","floor":12,"turns":3},{"damage":13,"enemies":"Exordium Thugs","floor":14,"turns":5},{"damage":34,"enemies":"Slime Boss","floor":16,"turns":6},{"damage":52,"enemies":"Chosen","floor":18,"turns":6},{"damage":20,"enemies":"Shell Parasite","floor":20,"turns":4},{"damage":20,"enemies":"Book of Stabbing","floor":23,"turns":2}],"event_choices":[{"event_name":"Big Fish","player_choice":"Donut","floor":2,"damage_taken":0},{"event_name":"The Cleric","player_choice":"Card Removal","floor":3,"damage_taken":0},{"event_name":"Golden Idol","player_choice":"Take Wound","floor":11,"damage_taken":0},{"event_name":"Beggar","player_choice":"Gave Gold","floor":19,"damage_taken":0},{"event_name":"The Lab","player_choice":"Got Potions","floor":22,"damage_taken":0}],"boss_relics":[{"not_picked":["Orrery","Philosopher\u0027s Stone"],"picked":"Velvet Choker"}],"potions_floor_spawned":[1,4,5,7,14,18],"seed_played":"-6964756864848287760","killed_by":"Book of Stabbing","ascension_level":15,"is_trial":false}