{"path_per_floor":["M","M","?","M","?","E","R","$","T","R","E","M","M","M","R","B",null,"M","M","M","$","M","R","M","E","T","R","T","R","M","M","R","B",null,"M","M","?","$","?","R","E","R","T","R","M","M","M"],"character_chosen":"THE_SILENT","items_purchased":["Infinite Blades","Terror","Oddly Smooth Stone","Terror"],"gold_per_floor":[14,34,34,50,50,81,81,7,7,7,42,58,68,78,78,174,174,184,201,217,147,158,158,173,208,233,233,233,233,243,257,257,352,352,370,384,384,95,95,95,120,120,120,120,130,149,168],"floor_reached":48,"campfire_rested":10,"playtime":3206,"current_hp_per_floor":[70,70,63,62,50,22,43,43,43,64,41,24,9,7,28,36,70,58,47,43,43,33,54,52,18,18,39,39,60,60,44,65,29,70,66,48,48,48,48,69,2,23,23,44,44,28,26],"items_purged":["Normality"],"gold":168,"score":471,"play_id":"953484c2-19ab-4cc4-a8ab-2d0a17c194b5","is_prod":false,"is_daily":false,"is_ascension_mode":false,"campfire_upgraded":0,"path_taken":["M","M","?","M","?","E","R","$","T","R","E","M","M","?","R","BOSS","M","M","M","$","M","R","?","E","T","R","?","R","M","M","R","BOSS","M","M","?","$","?","R","E","R","T","R","M","M","M","E"],"build_version":"2018-02-15-PROD1","purchased_purges":1,"victory":false,"master_deck":["Defend_G","Defend_G","Defend_G","Defend_G","Defend_G","Strike_G","Strike_G","Strike_G","Strike_G","Survivor","Neutralize","After Image","Bouncing Flask","Caltrops","Bane","Cloak And Dagger","Infinite Blades","Envenom","Backstab","PiercingWail","Cloak And Dagger","Bullet Time","Malaise","Setup","Terror","Riddle With Holes+1","Parasite","PiercingWail","Footwork+1","Die Die Die","Malaise","Terror","Cloak And Dagger+1","Doubt","Storm of Steel","PiercingWail"],"max_hp_per_floor":[70,70,70,70,70,70,70,70,70,70,70,70,70,70,70,70,70,70,70,70,70,70,70,70,70,70,70,70,70,70,70,70,70,70,70,70,70,70,70,70,70,70,70,70,70,70,70],"relics":["Ring of the Snake","Dodecahedron","Dead Branch","Bag of Marbles","Pantograph","Cursed Key","Bottled Tornado","Snake Skull","Sundial","Sozu","Paper Crane","Oddly Smooth Stone","Girya","Centennial Puzzle"],"card_choices":[{"not_picked":["Unload","Tactician"],"picked":"After Image"},{"not_picked":["Leg Sweep","Deadly Poison"],"picked":"Bouncing Flask"},{"not_picked":["Dodge and Roll","Dagger Throw"],"picked":"Caltrops"},{"not_picked":["Dagger Throw","Dagger Spray"],"picked":"Bane"},{"not_picked":["Catalyst","Acrobatics"],"picked":"Cloak And Dagger"},{"not_picked":["Poisoned Stab","Backflip"],"picked":"Envenom"},{"not_picked":["Backflip","Bane"],"picked":"Backstab"},{"not_picked":["Dagger Spray","Leg Sweep"],"picked":"PiercingWail"},{"not_picked":["Backflip","Setup"],"picked":"Cloak And Dagger"},{"not_picked":["A Thousand Cuts","Tactician"],"picked":"Bullet Time"},{"not_picked":["Backflip","Flying Knee"],"picked":"Malaise"},{"not_picked":["Bane","Crippling Poison"],"picked":"Setup"},{"not_picked":["Tools of the Trade","Concentrate"],"picked":"Riddle With Holes"},{"not_picked":["Calculated Gamble","Underhanded Strike"],"picked":"PiercingWail"},{"not_picked":["Calculated Gamble","Dodge and Roll"],"picked":"Footwork"},{"not_picked":["After Image","Venomology"],"picked":"Die Die Die"},{"not_picked":["Crippling Poison","Slice"],"picked":"Malaise"},{"not_picked":["Slice","Flying Knee"],"picked":"Cloak And Dagger"},{"not_picked":["PiercingWail","Masterful Stab"],"picked":"Storm of Steel"},{"not_picked":["Terror","Dagger Spray"],"picked":"PiercingWail"}],"player_experience":217577,"potions_floor_usage":[4],"damage_taken":[{"damage":0,"enemies":"Jaw Worm","floor":1,"turns":5},{"damage":0,"enemies":"Cultist","floor":2,"turns":4},{"damage":1,"enemies":"2 Louse","floor":4,"turns":3},{"damage":28,"enemies":"3 Sentries","floor":6,"turns":10},{"damage":23,"enemies":"Lagavulin","floor":11,"turns":8},{"damage":17,"enemies":"Gremlin Gang","floor":12,"turns":5},{"damage":15,"enemies":"Exordium Wildlife","floor":13,"turns":5},{"damage":2,"enemies":"Blue Slaver","floor":14,"turns":4},{"damage":17,"enemies":"Hexaghost","floor":16,"turns":9},{"damage":12,"enemies":"Spheric Guardian","floor":18,"turns":5},{"damage":11,"enemies":"2 Thieves","floor":19,"turns":4},{"damage":4,"enemies":"Snecko","floor":20,"turns":3},{"damage":10,"enemies":"Chosen and Byrds","floor":22,"turns":5},{"damage":2,"enemies":"Cultist and Chosen","floor":24,"turns":5},{"damage":34,"enemies":"Gremlin Leader","floor":25,"turns":6},{"damage":0,"enemies":"Snake Plant","floor":30,"turns":5},{"damage":16,"enemies":"Chosen and Byrds","floor":31,"turns":5},{"damage":41,"enemies":"Automaton","floor":33,"turns":11},{"damage":4,"enemies":"3 Darklings","floor":35,"turns":5},{"damage":18,"enemies":"3 Shapes","floor":36,"turns":5},{"damage":67,"enemies":"2 Orb Walkers","floor":41,"turns":7},{"damage":0,"enemies":"Maw","floor":45,"turns":6},{"damage":16,"enemies":"3 Darklings","floor":46,"turns":3},{"damage":2,"enemies":"Sphere and 2 Shapes","floor":47,"turns":5},{"damage":29,"enemies":"Giant Head","floor":48,"turns":6}],"event_choices":[{"event_name":"Golden Wing","player_choice":"Card Removal","floor":3,"damage_taken":0},{"event_name":"Scrap Ooze","player_choice":"success","floor":5,"damage_taken":12},{"event_name":"Accursed Blacksmith","player_choice":"Rummage","floor":37,"damage_taken":0},{"event_name":"Purifier","player_choice":"One Purge","floor":39,"damage_taken":0}],"boss_relics":[{"not_picked":["The Specimen","Orrery"],"picked":"Cursed Key"},{"not_picked":["Snecko Eye","Lizard Tail"],"picked":"Sozu"}],"potions_floor_spawned":[1,2,13,14,16,20,22,31,35,41,46],"seed_played":"9114240667731125786","killed_by":"Giant Head","ascension_level":0,"is_trial":false}