{"gold_per_floor":[118,118,43,61,61,61,92,92,115,127,163,208,233,265,277,413,425,450,480,515,527,539,551,597,609,648,675,0,43,43,86,86,216,216,234,253,128,153,235,269,269,287,311,351,351,369,428,10,10,10,10,10,10,45,45],"floor_reached":55,"playtime":6292,"items_purged":["Injury","Strike_G","Defend_G","Normality"],"score":1041,"play_id":"47b18cbe-1d49-4241-ada9-c09175ed2149","local_time":"20190219004601","is_ascension_mode":true,"campfire_choices":[{"data":"Deadly Poison","floor":6.0,"key":"SMITH"},{"data":"Flying Knee","floor":8.0,"key":"SMITH"},{"data":"Dagger Throw","floor":10.0,"key":"SMITH"},{"data":"Bane","floor":15.0,"key":"SMITH"},{"data":"Malaise","floor":23.0,"key":"SMITH"},{"floor":25.0,"key":"REST"},{"data":"Adrenaline","floor":30.0,"key":"SMITH"},{"floor":32.0,"key":"REST"},{"data":"Night Terror","floor":41.0,"key":"SMITH"},{"floor":45,"key":"RECALL"},{"floor":49,"key":"REST"},{"data":"Tools of the Trade","floor":52,"key":"SMITH"}],"neow_cost":"NONE","seed_source_timestamp":0,"circlet_count":0,"master_deck":["Defend_G","Defend_G","Defend_G","Defend_G","Survivor","Neutralize+1","Deadly Poison+1","Dagger Throw+1","Flying Knee+1","Calculated Gamble","PiercingWail","Bane+1","Malaise+1","Corpse Explosion","Prepared+1","Endless Agony+1","Footwork+1","Prepared+1","Sucker Punch+1","Terror+1","Adrenaline+1","Crippling Poison","Thinking Ahead+1","PiercingWail+1","Catalyst+1","Night Terror+1","Well Laid Plans+1","Deadly Poison+1","Regret","Dash+1","Parasite","Leg Sweep+1","Tools of the Trade+1","Acrobatics","Malaise"],"special_seed":0,"relics":["Ring of the Snake","NeowsBlessing","Golden Idol","Potion Belt","MawBank","Bronze Scales","Astrolabe","Centennial Puzzle","Boot","PreservedInsect","The Specimen","Vajra","Paper Crane","Cursed Key","Bottled Tornado","Art of War","Whetstone","Prayer Wheel","War Paint","Anchor"],"potions_floor_usage":[44,44,47,50,50,50,50,50,50,50,50,55,55],"damage_taken":[{"damage":0.0,"enemies":"2 Louse","floor":1.0,"turns":1.0},{"damage":0.0,"enemies":"Small Slimes","floor":4.0,"turns":1.0},{"damage":0.0,"enemies":"3 Sentries","floor":7.0,"turns":1.0},{"damage":0.0,"enemies":"Cultist","floor":11.0,"turns":3.0},{"damage":13.0,"enemies":"Gremlin Nob","floor":12.0,"turns":4.0},{"damage":0.0,"enemies":"3 Louse","floor":13.0,"turns":2.0},{"damage":5.0,"enemies":"Exordium Wildlife","floor":14.0,"turns":4.0},{"damage":12.0,"enemies":"The Guardian","floor":16.0,"turns":10.0},{"damage":0.0,"enemies":"Chosen","floor":18.0,"turns":6.0},{"damage":10.0,"enemies":"Spheric Guardian","floor":19.0,"turns":4.0},{"damage":7.0,"enemies":"Centurion and Healer","floor":20.0,"turns":4.0},{"damage":24.0,"enemies":"Gremlin Leader","floor":24.0,"turns":9.0},{"damage":8.0,"enemies":"Shelled Parasite and Fungi","floor":27.0,"turns":4.0},{"damage":3.0,"enemies":"Slavers","floor":29.0,"turns":3.0},{"damage":3.0,"enemies":"Book of Stabbing","floor":31.0,"turns":5.0},{"damage":6.0,"enemies":"Collector","floor":33.0,"turns":8.0},{"damage":0.0,"enemies":"3 Shapes","floor":35.0,"turns":2.0},{"damage":2.0,"enemies":"3 Darklings","floor":36.0,"turns":2.0},{"damage":11.0,"enemies":"Spire Growth","floor":38.0,"turns":4.0},{"damage":3.0,"enemies":"Nemesis","floor":40.0,"turns":5.0},{"damage":4.0,"enemies":"Writhing Mass","floor":42.0,"turns":6.0},{"damage":20,"enemies":"Giant Head","floor":44,"turns":7},{"damage":9,"enemies":"3 Darklings","floor":46,"turns":3},{"damage":9,"enemies":"2 Orb Walkers","floor":47,"turns":4},{"damage":12,"enemies":"Donu and Deca","floor":50,"turns":6},{"damage":23,"enemies":"Shield and Spear","floor":54,"turns":4},{"damage":33,"enemies":"The Heart","floor":55,"turns":5}],"seed_played":"282385251068940152","potions_obtained":[{"floor":1.0,"key":"Dexterity Potion"},{"floor":4.0,"key":"SpeedPotion"},{"floor":14.0,"key":"SkillPotion"},{"floor":16.0,"key":"EntropicBrew"},{"floor":18.0,"key":"Explosive Potion"},{"floor":20.0,"key":"Fire Potion"},{"floor":29.0,"key":"GhostInAJar"},{"floor":33.0,"key":"PowerPotion"},{"floor":38.0,"key":"AttackPotion"},{"floor":40.0,"key":"Block Potion"},{"floor":42.0,"key":"Strength Potion"},{"floor":46,"key":"GhostInAJar"},{"floor":54,"key":"Poison Potion"}],"is_trial":false,"path_per_floor":["M","?","$","M","?","R","E","R","T","R","M","E","M","M","R","B",null,"M","M","M","?","?","R","E","R","T","M","$","E","R","E","R","B",null,"M","M","$","M","T","E","R","M","T","E","R","M","?","$","R","B",null,"R","$","E","B"],"character_chosen":"THE_SILENT","items_purchased":["Crippling Poison","The Specimen","Thinking Ahead","Block Potion","Fire Potion","War Paint","Acrobatics","PowerPotion","Dexterity Potion"],"campfire_rested":3,"item_purchase_floors":[28,28,28,28,28,48,48,48,48],"current_hp_per_floor":[70,70,70,70,70,70,70,70,70,70,70,57,57,52,52,40,63,63,53,46,46,46,46,22,43,43,35,35,32,32,29,50,44,64,64,62,62,51,51,48,48,44,44,24,24,15,6,6,27,15,56,56,56,33,0],"gold":45,"neow_bonus":"THREE_ENEMY_KILL","is_prod":false,"is_daily":false,"chose_seed":false,"campfire_upgraded":8,"win_rate":0,"timestamp":1550511961,"path_taken":["M","?","$","M","?","R","E","R","T","R","M","E","?","M","R","BOSS","M","M","M","?","?","R","E","R","T","M","$","E","R","E","R","BOSS","M","M","$","?","?","E","R","M","T","E","R","M","?","?","R","BOSS","R","$","E","BOSS"],"build_version":"2019-01-23","purchased_purges":4,"victory":false,"max_hp_per_floor":[70,70,70,70,70,70,70,70,70,70,70,70,70,70,70,70,70,70,70,70,70,70,70,70,70,70,70,70,70,70,70,70,70,70,70,70,70,70,70,70,70,70,70,70,70,70,70,70,70,70,70,70,70,70,70],"card_choices":[{"not_picked":["Well Laid Plans","Blade Dance"],"picked":"Deadly Poison","floor":1.0},{"not_picked":["Eviscerate","Underhanded Strike"],"picked":"Dagger Throw","floor":4.0},{"not_picked":["Acrobatics","Finisher"],"picked":"Flying Knee","floor":7.0},{"not_picked":["Dash","Acrobatics"],"picked":"Calculated Gamble","floor":11.0},{"not_picked":["Deadly Poison","Bane"],"picked":"PiercingWail","floor":12.0},{"not_picked":["Choke","Flying Knee"],"picked":"Bane","floor":13.0},{"not_picked":["Flechettes","Bane"],"picked":"Malaise","floor":14.0},{"not_picked":["Storm of Steel","Phantasmal Killer"],"picked":"Corpse Explosion","floor":16.0},{"not_picked":["Underhanded Strike","Flying Knee+1"],"picked":"Prepared+1","floor":18.0},{"not_picked":["Poisoned Stab","Underhanded Strike"],"picked":"Sucker Punch","floor":19.0},{"not_picked":["Deadly Poison","Underhanded Strike"],"picked":"Terror+1","floor":20.0},{"not_picked":["Bouncing Flask","Unload"],"picked":"Adrenaline","floor":24.0},{"not_picked":["Blade Dance+1","Flying Knee","Dagger Spray"],"picked":"SKIP","floor":27.0},{"not_picked":["Dagger Throw","Terror"],"picked":"PiercingWail+1","floor":29.0},{"not_picked":["Cloak And Dagger+1","Heel Hook"],"picked":"Catalyst","floor":31.0},{"not_picked":["A Thousand Cuts","Malaise"],"picked":"Night Terror","floor":33.0},{"not_picked":["Outmaneuver+1","Prepared+1"],"picked":"Well Laid Plans+1","floor":35.0},{"not_picked":["Prepared","Sucker Punch+1"],"picked":"Deadly Poison+1","floor":36.0},{"not_picked":["Outmaneuver","PiercingWail","Flechettes"],"picked":"SKIP","floor":38.0},{"not_picked":["Infinite Blades+1","Slice"],"picked":"Dash+1","floor":40.0},{"not_picked":["Caltrops","Tactician+1"],"picked":"Leg Sweep+1","floor":42.0},{"not_picked":["Distraction+1","Well Laid Plans+1","Outmaneuver"],"picked":"SKIP","floor":44},{"not_picked":["Accuracy+1","Skewer"],"picked":"Tools of the Trade","floor":46},{"not_picked":["Poisoned Stab+1","Quick Slash+1"],"picked":"Malaise","floor":54}],"player_experience":354584,"relics_obtained":[{"floor":7.0,"key":"Potion Belt"},{"floor":9.0,"key":"MawBank"},{"floor":12.0,"key":"Bronze Scales"},{"floor":24.0,"key":"Boot"},{"floor":26.0,"key":"PreservedInsect"},{"floor":29.0,"key":"Vajra"},{"floor":31.0,"key":"Paper Crane"},{"floor":39.0,"key":"Bottled Tornado"},{"floor":40.0,"key":"Art of War"},{"floor":44,"key":"Whetstone"},{"floor":47,"key":"Prayer Wheel"},{"floor":54,"key":"Anchor"}],"event_choices":[{"damage_healed":0.0,"max_hp_gain":0.0,"max_hp_loss":0.0,"gold_gain":0.0,"event_name":"Golden Idol","player_choice":"Take Wound","floor":2.0,"gold_loss":0.0,"damage_taken":0.0,"relics_obtained":["Golden Idol"],"cards_obtained":["Injury"]},{"damage_healed":0.0,"max_hp_gain":0.0,"max_hp_loss":0.0,"gold_gain":0.0,"event_name":"Upgrade Shrine","player_choice":"Upgraded","floor":5.0,"gold_loss":0.0,"damage_taken":0.0,"cards_upgraded":["Neutralize"]},{"cards_removed":["Strike_G"],"damage_healed":0.0,"max_hp_gain":0.0,"max_hp_loss":0.0,"gold_gain":0.0,"event_name":"Back to Basics","player_choice":"Elegance","floor":21.0,"gold_loss":0.0,"damage_taken":0.0},{"damage_healed":0.0,"max_hp_gain":0.0,"max_hp_loss":0.0,"gold_gain":0.0,"event_name":"WeMeetAgain","player_choice":"Gave Potion","floor":22.0,"gold_loss":0.0,"damage_taken":0.0,"relics_obtained":["Centennial Puzzle"]},{"damage_healed":0,"gold_gain":0,"player_choice":"Fight","damage_taken":0,"max_hp_gain":0,"max_hp_loss":0,"event_name":"Mysterious Sphere","floor":47,"gold_loss":0}],"is_beta":false,"boss_relics":[{"not_picked":["Ectoplasm","Empty Cage"],"picked":"Astrolabe"},{"not_picked":["Pandora\u0027s Box","HoveringKite"],"picked":"Cursed Key"}],"items_purged_floors":[3,28,37,48],"is_endless":false,"potions_floor_spawned":[1,4,14,16,18,20,29,33,38,40,42,46,54],"killed_by":"The Heart","ascension_level":5}