{"gold_per_floor":[116,37,0,20,36,36,64,83,160,160,190,202,224,236,248,338,350,373,385,322,352,380,419,431,462,474,401,413,444,484,511,523,535],"floor_reached":33,"playtime":1491,"items_purged":[],"score":560,"play_id":"72a578fa-2b98-42e9-9214-0a25d869e5fc","local_time":"20180903221428","is_ascension_mode":true,"campfire_choices":[{"data":"Metallicize","floor":6,"key":"SMITH"},{"data":"Bash","floor":10,"key":"SMITH"},{"data":"Cleave","floor":12,"key":"SMITH"},{"data":"Reckless Charge","floor":15,"key":"SMITH"},{"data":"Demon Form","floor":24,"key":"SMITH"},{"data":"True Grit","floor":28,"key":"SMITH"},{"data":"Sword Boomerang","floor":32,"key":"SMITH"}],"neow_cost":"NONE","seed_source_timestamp":534474770213026,"circlet_count":0,"master_deck":["Defend_R","Defend_R+1","Defend_R","Bash+1","AscendersBane","Offering+1","Reckless Charge+1","Metallicize+1","Thunderclap","True Grit+1","Impervious","Iron Wave","Cleave+1","Shrug It Off","Demon Form+1","Clothesline","Bite","Bite","Bite","Bite","Bite","Uppercut","Sentinel","Sword Boomerang+1","Writhe","Warcry","Pommel Strike","Pummel"],"relics":["Burning Blood","Incense Burner","Bottled Flame","MawBank","Cursed Key","Bronze Scales","Vajra","Happy Flower","War Paint"],"potions_floor_usage":[7,7,23,23,30,33],"damage_taken":[{"damage":12,"enemies":"2 Louse","floor":1,"turns":3},{"damage":6,"enemies":"Cultist","floor":4,"turns":2},{"damage":7,"enemies":"Small Slimes","floor":5,"turns":3},{"damage":15,"enemies":"Lagavulin","floor":7,"turns":7},{"damage":13,"enemies":"Looter","floor":8,"turns":3},{"damage":14,"enemies":"3 Sentries","floor":11,"turns":10},{"damage":14,"enemies":"Blue Slaver","floor":13,"turns":3},{"damage":47,"enemies":"Slime Boss","floor":16,"turns":14},{"damage":34,"enemies":"2 Thieves","floor":18,"turns":4},{"damage":15,"enemies":"Spheric Guardian","floor":21,"turns":4},{"damage":9,"enemies":"3 Cultists","floor":22,"turns":5},{"damage":25,"enemies":"Gremlin Leader","floor":23,"turns":6},{"damage":10,"enemies":"Cultist and Chosen","floor":25,"turns":4},{"damage":6,"enemies":"Centurion and Healer","floor":29,"turns":5},{"damage":23,"enemies":"Slavers","floor":30,"turns":5},{"damage":3,"enemies":"Sentry and Sphere","floor":31,"turns":5},{"damage":67,"enemies":"Collector","floor":33,"turns":6}],"seed_played":"-2491040546426511310","potions_obtained":[{"floor":1,"key":"Fire Potion"},{"floor":4,"key":"Dexterity Potion"},{"floor":13,"key":"SpeedPotion"},{"floor":21,"key":"Energy Potion"},{"floor":23,"key":"Block Potion"},{"floor":31,"key":"LiquidBronze"}],"is_trial":false,"path_per_floor":["M","$","?","M","M","R","E","M","T","R","E","R","M","?","R","B",null,"M","?","?","M","M","E","R","M","T","?","R","M","E","M","R"],"character_chosen":"IRONCLAD","items_purchased":["Metallicize"],"campfire_rested":0,"item_purchase_floors":[2],"current_hp_per_floor":[62,62,62,62,61,61,52,45,45,45,37,37,29,75,75,34,65,37,37,37,38,45,34,34,36,36,36,36,46,39,52,52,0],"gold":535,"neow_bonus":"ONE_RANDOM_RARE_CARD","is_prod":false,"is_daily":false,"chose_seed":false,"campfire_upgraded":7,"win_rate":0,"timestamp":1536027268,"path_taken":["M","$","?","M","M","R","E","M","T","R","E","R","M","?","R","BOSS","M","?","?","M","M","E","R","?","T","?","R","M","E","M","R","BOSS"],"build_version":"2018-08-30","purchased_purges":0,"victory":false,"max_hp_per_floor":[75,75,75,75,75,75,75,75,75,75,75,75,75,75,75,75,75,75,52,52,52,52,52,52,52,52,52,52,52,52,52,52,52],"card_choices":[{"not_picked":["Sentinel","Entrench"],"picked":"Reckless Charge","floor":1},{"not_picked":["Perfected Strike","Bloodletting"],"picked":"Thunderclap","floor":4},{"not_picked":["Body Slam","Perfected Strike"],"picked":"True Grit","floor":5},{"not_picked":["Clash","True Grit"],"picked":"Impervious","floor":7},{"not_picked":["Clash","Carnage"],"picked":"Iron Wave","floor":8},{"not_picked":["Brutality","Iron Wave"],"picked":"Cleave","floor":11},{"not_picked":["Pommel Strike","Heavy Blade"],"picked":"Shrug It Off","floor":13},{"not_picked":["Barricade","Berserk"],"picked":"Demon Form","floor":16},{"not_picked":["Armaments","Cleave"],"picked":"Clothesline","floor":18},{"not_picked":["Carnage","True Grit"],"picked":"Uppercut","floor":21},{"not_picked":["Clash","Body Slam","Armaments"],"picked":"SKIP","floor":22},{"not_picked":["True Grit","Havoc"],"picked":"Sentinel","floor":23},{"not_picked":["Clothesline","Battle Trance"],"picked":"Sword Boomerang","floor":25},{"not_picked":["Rampage+1","Headbutt+1"],"picked":"Warcry","floor":29},{"not_picked":["Perfected Strike","Inflame"],"picked":"Pommel Strike","floor":30},{"not_picked":["Dropkick+1","Sever Soul"],"picked":"Pummel","floor":31}],"player_experience":485799,"relics_obtained":[{"floor":7,"key":"Incense Burner"},{"floor":9,"key":"Bottled Flame"},{"floor":11,"key":"MawBank"},{"floor":23,"key":"Bronze Scales"},{"floor":26,"key":"Vajra"},{"floor":30,"key":"War Paint"}],"event_choices":[{"event_name":"World of Goop","player_choice":"Left","floor":3,"damage_taken":0},{"event_name":"Wheel of Change","player_choice":"Full Heal","floor":14,"damage_taken":0},{"event_name":"Vampires","player_choice":"Became a vampire","floor":19,"damage_taken":0},{"event_name":"Beggar","player_choice":"Gave Gold","floor":20,"damage_taken":0},{"event_name":"Addict","player_choice":"Obtained Relic","floor":27,"damage_taken":0}],"is_beta":false,"boss_relics":[{"not_picked":["White Beast Statue","Ectoplasm"],"picked":"Cursed Key"}],"items_purged_floors":[],"is_endless":false,"potions_floor_spawned":[1,4,13,21,23,31],"killed_by":"Collector","ascension_level":16}