{"gold_per_floor":[110,129,142,153,10,41,52,72,144,144,109,109,65,76,76,148,148,168,184,184,184],"floor_reached":21,"playtime":744,"items_purged":[],"score":357,"play_id":"690b37a7-820b-4812-9748-7f331a3b7e9f","local_time":"20181019122130","is_ascension_mode":true,"campfire_choices":[{"floor":10,"key":"REST"},{"data":"Limit Break","floor":15,"key":"SMITH"}],"neow_cost":"NONE","seed_source_timestamp":141936928514381,"circlet_count":0,"master_deck":["Strike_R","Strike_R","Strike_R","Strike_R","Defend_R","Defend_R","Defend_R","Defend_R","Bash","AscendersBane","Blood for Blood","Spot Weakness","Clothesline","Combust","Power Through","Pummel","Limit Break+1","Whirlwind","True Grit","Impervious","Corruption","Pummel"],"relics":["Burning Blood","Vajra","Kunai","Fusion Hammer"],"potions_floor_usage":[4,4,16,16,21],"damage_taken":[{"damage":7,"enemies":"Cultist","floor":1,"turns":4},{"damage":5,"enemies":"Small Slimes","floor":2,"turns":4},{"damage":4,"enemies":"2 Louse","floor":3,"turns":4},{"damage":15,"enemies":"Gremlin Gang","floor":4,"turns":4},{"damage":46,"enemies":"Lagavulin","floor":6,"turns":8},{"damage":11,"enemies":"Lots of Slimes","floor":7,"turns":3},{"damage":14,"enemies":"3 Louse","floor":8,"turns":2},{"damage":10,"enemies":"Blue Slaver","floor":14,"turns":4},{"damage":48,"enemies":"The Guardian","floor":16,"turns":11},{"damage":22,"enemies":"Shell Parasite","floor":18,"turns":7},{"damage":3,"enemies":"3 Byrds","floor":19,"turns":7},{"damage":19,"enemies":"Colosseum Slavers","floor":21,"turns":4},{"damage":59,"enemies":"Colosseum Nobs","floor":21,"turns":3}],"seed_played":"-5400562857533757863","potions_obtained":[{"floor":1,"key":"AttackPotion"},{"floor":2,"key":"SteroidPotion"},{"floor":7,"key":"Weak Potion"},{"floor":19,"key":"Swift Potion"}],"is_trial":false,"path_per_floor":["M","M","M","M","$","E","M","M","T","R","?","?","$","M","R","B",null,"M","M","?"],"character_chosen":"IRONCLAD","items_purchased":["Power Through","Dexterity Potion","Whirlwind"],"campfire_rested":1,"item_purchase_floors":[5,5,13],"current_hp_per_floor":[74,75,77,68,68,28,23,15,15,39,59,59,59,55,55,13,65,49,52,68,0],"gold":184,"neow_bonus":"TEN_PERCENT_HP_BONUS","is_prod":false,"is_daily":false,"chose_seed":false,"campfire_upgraded":1,"win_rate":0,"timestamp":1539966090,"path_taken":["M","M","M","M","?","E","M","M","T","R","?","?","$","M","R","BOSS","M","M","?","?"],"build_version":"2018-10-18","purchased_purges":0,"victory":false,"max_hp_per_floor":[82,82,82,82,82,82,82,82,82,82,82,82,82,82,82,82,82,82,82,82,82],"card_choices":[{"not_picked":["Shockwave","Dual Wield"],"picked":"Blood for Blood","floor":1},{"not_picked":["Sword Boomerang","Cleave"],"picked":"Spot Weakness","floor":2},{"not_picked":["Carnage","Power Through"],"picked":"Clothesline","floor":3},{"not_picked":["Pommel Strike","Clash"],"picked":"Combust","floor":4},{"not_picked":["Clash","Anger"],"picked":"Pummel","floor":6},{"not_picked":["True Grit","Armaments"],"picked":"Limit Break","floor":7},{"not_picked":["Warcry","Havoc","Clothesline"],"picked":"SKIP","floor":8},{"not_picked":["Rage","Burning Pact"],"picked":"True Grit","floor":14},{"not_picked":["Immolate","Feed"],"picked":"Impervious","floor":16},{"not_picked":["Infernal Blade","Pommel Strike+1"],"picked":"Corruption","floor":18},{"not_picked":["Clothesline","Seeing Red"],"picked":"Pummel","floor":19}],"player_experience":576818,"relics_obtained":[{"floor":6,"key":"Vajra"},{"floor":9,"key":"Kunai"}],"event_choices":[{"damage_healed":20,"gold_gain":0,"player_choice":"Healed","damage_taken":0,"max_hp_gain":0,"max_hp_loss":0,"event_name":"The Cleric","floor":11,"gold_loss":35},{"cards_removed":["Strike_R"],"damage_healed":0,"gold_gain":0,"player_choice":"Purged","damage_taken":0,"max_hp_gain":0,"max_hp_loss":0,"event_name":"Purifier","floor":12,"gold_loss":0},{"damage_healed":16,"gold_gain":0,"player_choice":"Heal","damage_taken":0,"max_hp_gain":0,"max_hp_loss":0,"event_name":"The Library","floor":20,"gold_loss":0},{"damage_healed":0,"gold_gain":0,"player_choice":"Fight","damage_taken":0,"max_hp_gain":0,"max_hp_loss":0,"event_name":"Colosseum","floor":21,"gold_loss":0},{"damage_healed":0,"gold_gain":0,"player_choice":"Fought Nobs","damage_taken":0,"max_hp_gain":0,"max_hp_loss":0,"event_name":"Colosseum","floor":21,"gold_loss":0}],"is_beta":false,"boss_relics":[{"not_picked":["Coffee Dripper","Tiny House"],"picked":"Fusion Hammer"}],"items_purged_floors":[],"is_endless":false,"potions_floor_spawned":[1,2,7,8,19],"killed_by":"Colosseum Nobs","ascension_level":19}