{"gold_per_floor":[114,114,114,128,203,235,247,247,329,329,344,377,377,410,410,487,487,367,367,20,20,20],"floor_reached":22,"playtime":886,"items_purged":["Strike_G"],"score":508,"play_id":"27e17d38-b51a-42d8-8b2d-991bc5fb263f","local_time":"20190210163225","is_ascension_mode":true,"campfire_choices":[{"data":"Skewer","floor":8.0,"key":"SMITH"},{"floor":13.0,"key":"REST"},{"floor":15.0,"key":"REST"}],"neow_cost":"NONE","seed_source_timestamp":0,"circlet_count":0,"master_deck":["AscendersBane","Defend_G","Defend_G","Defend_G","Defend_G","Defend_G","Strike_G","Strike_G","Survivor","Neutralize","Skewer+1","Adrenaline","Blade Dance+1","Dagger Spray","Night Terror","Crippling Poison","Footwork","Noxious Fumes","Corpse Explosion","Catalyst","Deflect"],"special_seed":0,"relics":["Ring of the Snake","NeowsBlessing","Oddly Smooth Stone","Kunai","Shuriken","Sundial","Ectoplasm","Toy Ornithopter"],"potions_floor_usage":[21,21],"damage_taken":[{"damage":0.0,"enemies":"Jaw Worm","floor":1.0,"turns":1.0},{"damage":0.0,"enemies":"2 Louse","floor":4.0,"turns":1.0},{"damage":0.0,"enemies":"3 Sentries","floor":6.0,"turns":1.0},{"damage":0.0,"enemies":"Cultist","floor":7.0,"turns":3.0},{"damage":0.0,"enemies":"Blue Slaver","floor":11.0,"turns":4.0},{"damage":32.0,"enemies":"Lagavulin","floor":12.0,"turns":11.0},{"damage":11.0,"enemies":"Gremlin Nob","floor":14.0,"turns":3.0},{"damage":31.0,"enemies":"Slime Boss","floor":16.0,"turns":8.0},{"damage":25.0,"enemies":"2 Thieves","floor":18.0,"turns":5.0},{"damage":6.0,"enemies":"3 Byrds","floor":19.0,"turns":2.0},{"damage":15,"enemies":"Shelled Parasite and Fungi","floor":21,"turns":6},{"damage":16,"enemies":"Chosen and Byrds","floor":22,"turns":5}],"seed_played":"-7664955354976609702","potions_obtained":[{"floor":6.0,"key":"Explosive Potion"},{"floor":7.0,"key":"FearPotion"},{"floor":16.0,"key":"PowerPotion"},{"floor":19.0,"key":"SteroidPotion"}],"is_trial":false,"path_per_floor":["M","?","?","M","?","E","M","R","T","?","M","E","R","E","R","B",null,"M","M","$","M","M"],"character_chosen":"THE_SILENT","items_purchased":["Toy Ornithopter","Deflect"],"campfire_rested":2,"item_purchase_floors":[20,20],"current_hp_per_floor":[59,52,52,52,41,41,41,41,41,41,41,9,28,17,36,5,51,26,20,20,15,0],"gold":20,"neow_bonus":"THREE_ENEMY_KILL","is_prod":false,"is_daily":false,"chose_seed":false,"campfire_upgraded":1,"win_rate":0,"timestamp":1549834345,"path_taken":["M","?","?","?","?","E","M","R","T","?","M","E","R","E","R","BOSS","M","M","$","M","M"],"build_version":"2019-01-23","purchased_purges":1,"victory":false,"max_hp_per_floor":[66,66,66,66,66,66,66,66,66,66,66,66,66,66,66,66,66,66,66,66,66,66],"card_choices":[{"not_picked":["Poisoned Stab","Dodge and Roll"],"picked":"Skewer","floor":1.0},{"not_picked":["Deflect","Bane"],"picked":"Blade Dance","floor":4.0},{"not_picked":["Expertise","Outmaneuver"],"picked":"Dagger Spray","floor":6.0},{"not_picked":["Prepared","PiercingWail"],"picked":"Night Terror","floor":7.0},{"not_picked":["Flechettes","Bane"],"picked":"Crippling Poison","floor":11.0},{"not_picked":["Distraction","Flying Knee"],"picked":"Footwork","floor":12.0},{"not_picked":["Bouncing Flask","Corpse Explosion"],"picked":"Noxious Fumes","floor":14.0},{"not_picked":["Glass Knife","Phantasmal Killer"],"picked":"Corpse Explosion","floor":16.0},{"not_picked":["Underhanded Strike","Dagger Spray","Deadly Poison"],"picked":"SKIP","floor":18.0},{"not_picked":["Underhanded Strike","Calculated Gamble"],"picked":"Catalyst","floor":19.0},{"not_picked":["Bouncing Flask","Distraction","Outmaneuver"],"picked":"SKIP","floor":21}],"player_experience":815577,"relics_obtained":[{"floor":6.0,"key":"Oddly Smooth Stone"},{"floor":9.0,"key":"Kunai"},{"floor":12.0,"key":"Shuriken"},{"floor":14.0,"key":"Sundial"}],"event_choices":[{"cards_removed":["Strike_G"],"damage_healed":0.0,"max_hp_gain":0.0,"max_hp_loss":0.0,"gold_gain":0.0,"event_name":"Golden Wing","player_choice":"Card Removal","floor":2.0,"gold_loss":0.0,"damage_taken":7.0},{"damage_healed":0.0,"max_hp_gain":0.0,"max_hp_loss":0.0,"gold_gain":0.0,"cards_transformed":["Strike_G"],"event_name":"Transmorgrifier","player_choice":"Transformed","floor":3.0,"gold_loss":0.0,"damage_taken":0.0,"cards_obtained":["Adrenaline"]},{"damage_healed":0.0,"max_hp_gain":0.0,"max_hp_loss":0.0,"gold_gain":75.0,"event_name":"World of Goop","player_choice":"Gather Gold","floor":5.0,"gold_loss":0.0,"damage_taken":11.0},{"damage_healed":0.0,"max_hp_gain":0.0,"max_hp_loss":0.0,"gold_gain":0.0,"event_name":"Living Wall","player_choice":"Grow","floor":10.0,"gold_loss":0.0,"damage_taken":0.0,"cards_upgraded":["Blade Dance"]}],"is_beta":false,"boss_relics":[{"not_picked":["Orrery","Velvet Choker"],"picked":"Ectoplasm"}],"items_purged_floors":[20],"is_endless":false,"potions_floor_spawned":[6,7,11,16,19],"killed_by":"Chosen and Byrds","ascension_level":20}