{"gold_per_floor":[110,185,195,209,209,209,238,255,255,197,227,247,247,263,263,359,359,382,382,395,395,395,395,395],"floor_reached":24,"playtime":762,"items_purged":[],"score":412,"play_id":"4b2b8096-10e6-499b-b3ce-62ae1ac903c4","local_time":"20181212223943","is_ascension_mode":true,"campfire_choices":[{"data":"Bash","floor":6,"key":"SMITH"},{"data":"Clothesline","floor":15,"key":"SMITH"},{"data":"Shockwave","floor":23,"key":"SMITH"}],"neow_cost":"NONE","seed_source_timestamp":1594122618079376,"circlet_count":0,"master_deck":["AscendersBane","Strike_R","Strike_R","Strike_R","Strike_R","Strike_R","Defend_R","Defend_R","Defend_R","Defend_R","Bash+1","True Grit","Headbutt","Infernal Blade","Impervious","Anger","Battle Trance","Clothesline+1","Double Tap","Shockwave+1","Decay","Cleave+1"],"relics":["Burning Blood","Meat on the Bone","Pantograph","Self Forming Clay","Singing Bowl","Golden Idol","Black Star"],"potions_floor_usage":[7,24,24],"damage_taken":[{"damage":12,"enemies":"Jaw Worm","floor":1,"turns":4},{"damage":4,"enemies":"Small Slimes","floor":3,"turns":5},{"damage":2,"enemies":"2 Louse","floor":4,"turns":3},{"damage":52,"enemies":"Lagavulin","floor":7,"turns":7},{"damage":19,"enemies":"Red Slaver","floor":8,"turns":6},{"damage":11,"enemies":"Gremlin Nob","floor":11,"turns":3},{"damage":11,"enemies":"Looter","floor":12,"turns":3},{"damage":1,"enemies":"Blue Slaver","floor":14,"turns":4},{"damage":39,"enemies":"The Guardian","floor":16,"turns":11},{"damage":27,"enemies":"2 Thieves","floor":18,"turns":5},{"damage":43,"enemies":"Spheric Guardian","floor":20,"turns":8},{"damage":46,"enemies":"Slavers","floor":24,"turns":3}],"seed_played":"6431566290129712492","potions_obtained":[{"floor":0,"key":"Explosive Potion"},{"floor":0,"key":"Regen Potion"},{"floor":7,"key":"LiquidBronze"}],"is_trial":false,"path_per_floor":["M","?","M","M","?","R","E","M","T","?","E","M","?","M","R","B",null,"M","?","M","?","?","R","E"],"character_chosen":"IRONCLAD","items_purchased":[],"campfire_rested":0,"item_purchase_floors":[],"current_hp_per_floor":[62,51,53,57,62,62,31,30,30,30,37,46,18,35,35,39,71,50,50,25,25,41,41,0],"gold":395,"neow_bonus":"THREE_SMALL_POTIONS","is_prod":false,"is_daily":false,"chose_seed":false,"campfire_upgraded":3,"win_rate":0,"timestamp":1544672383,"path_taken":["M","?","M","M","?","R","E","M","T","?","E","?","?","M","R","BOSS","M","?","?","?","?","R","E"],"build_version":"2018-12-06","purchased_purges":0,"victory":false,"max_hp_per_floor":[75,75,75,75,80,80,80,80,80,80,80,82,82,82,82,82,82,82,82,82,82,82,82,82],"card_choices":[{"not_picked":["Corruption","Warcry"],"picked":"True Grit","floor":1},{"not_picked":["Havoc","Bloodletting"],"picked":"Headbutt","floor":3},{"not_picked":["Blood for Blood","Pummel"],"picked":"Infernal Blade","floor":4},{"not_picked":["Clash","Clothesline"],"picked":"Impervious","floor":7},{"not_picked":["Flex","Burning Pact"],"picked":"Anger","floor":8},{"not_picked":["Headbutt","Blood for Blood"],"picked":"Battle Trance","floor":11},{"not_picked":["Anger","Twin Strike","Perfected Strike"],"picked":"Singing Bowl","floor":12},{"not_picked":["Searing Blow","Rage"],"picked":"Clothesline","floor":14},{"not_picked":["Juggernaut","Demon Form"],"picked":"Double Tap","floor":16},{"not_picked":["Twin Strike","Rupture"],"picked":"Shockwave","floor":18},{"not_picked":["Wild Strike","Metallicize+1"],"picked":"Cleave+1","floor":20}],"player_experience":685440,"relics_obtained":[{"floor":7,"key":"Meat on the Bone"},{"floor":9,"key":"Pantograph"},{"floor":11,"key":"Singing Bowl"}],"event_choices":[{"damage_healed":0,"gold_gain":75,"player_choice":"Gather Gold","damage_taken":11,"max_hp_gain":0,"max_hp_loss":0,"event_name":"World of Goop","floor":2,"gold_loss":0},{"damage_healed":0,"gold_gain":0,"player_choice":"Donut","damage_taken":0,"max_hp_gain":5,"max_hp_loss":0,"event_name":"Big Fish","floor":5,"gold_loss":0},{"damage_healed":0,"gold_gain":0,"player_choice":"Paid Gold","damage_taken":0,"relics_obtained":["Self Forming Clay"],"max_hp_gain":0,"max_hp_loss":0,"event_name":"WeMeetAgain","floor":10,"gold_loss":58},{"damage_healed":0,"gold_gain":0,"player_choice":"Take Damage","damage_taken":28,"relics_obtained":["Golden Idol"],"max_hp_gain":0,"max_hp_loss":0,"event_name":"Golden Idol","floor":13,"gold_loss":0},{"damage_healed":0,"gold_gain":0,"player_choice":"Cursed","damage_taken":0,"max_hp_gain":0,"max_hp_loss":0,"event_name":"Wheel of Change","floor":19,"gold_loss":0,"cards_obtained":["Decay"]},{"damage_healed":0,"gold_gain":0,"player_choice":"Ignored","damage_taken":0,"max_hp_gain":0,"max_hp_loss":0,"event_name":"Ghosts","floor":21,"gold_loss":0},{"damage_healed":16,"gold_gain":0,"player_choice":"Heal","damage_taken":0,"max_hp_gain":0,"max_hp_loss":0,"event_name":"The Library","floor":22,"gold_loss":0}],"is_beta":false,"boss_relics":[{"not_picked":["Black Blood","Tiny House"],"picked":"Black Star"}],"items_purged_floors":[],"is_endless":false,"potions_floor_spawned":[1,7,8,16,20],"killed_by":"Slavers","ascension_level":20}