{"gold_per_floor":[109,127,127,139,152,152,167,224,224,224,224],"floor_reached":11,"playtime":619,"items_purged":[],"score":83,"play_id":"c977edab-6adf-43af-999e-9cb7af85d00a","local_time":"20181122034438","is_ascension_mode":true,"campfire_choices":[{"data":"Dualcast","floor":6,"key":"SMITH"}],"neow_cost":"NONE","seed_source_timestamp":304480620827398,"circlet_count":0,"master_deck":["Strike_B","Strike_B","Strike_B","Strike_B","Defend_B","Defend_B","Defend_B","Defend_B","Zap","Dualcast+1","Reprogram","Aggregate","Self Repair","Doom and Gloom","Conserve Battery","Decay"],"relics":["Cracked Core","DataDisk","Tiny Chest","Turnip"],"potions_floor_usage":[],"damage_taken":[{"damage":1,"enemies":"Cultist","floor":1,"turns":3},{"damage":12,"enemies":"Jaw Worm","floor":2,"turns":3},{"damage":13,"enemies":"Small Slimes","floor":4,"turns":2},{"damage":9,"enemies":"3 Louse","floor":5,"turns":3},{"damage":1,"enemies":"2 Fungi Beasts","floor":7,"turns":2},{"damage":40,"enemies":"3 Sentries","floor":8,"turns":5},{"damage":16,"enemies":"Gremlin Gang","floor":11,"turns":3}],"seed_played":"-1206536639662719422","potions_obtained":[{"floor":2,"key":"SpeedPotion"},{"floor":4,"key":"Energy Potion"},{"floor":7,"key":"GamblersBrew"}],"is_trial":false,"path_per_floor":["M","M","?","M","M","R","M","E","T","?","M"],"character_chosen":"DEFECT","items_purchased":[],"campfire_rested":0,"item_purchase_floors":[],"current_hp_per_floor":[74,62,62,49,47,47,46,13,13,13,0],"gold":224,"neow_bonus":"RANDOM_COMMON_RELIC","is_prod":false,"is_daily":false,"chose_seed":false,"campfire_upgraded":1,"win_rate":0,"timestamp":1542825878,"path_taken":["M","M","?","?","M","R","M","E","T","?","?"],"build_version":"2018-11-15","purchased_purges":0,"victory":false,"max_hp_per_floor":[75,75,75,75,75,75,75,75,75,75,75],"card_choices":[{"not_picked":["Barrage","Ball Lightning"],"picked":"Reprogram","floor":1},{"not_picked":["Redo","Streamline"],"picked":"Aggregate","floor":2},{"not_picked":["Sweeping Beam","Ball Lightning"],"picked":"Self Repair","floor":4},{"not_picked":["Rainbow","Stack"],"picked":"Doom and Gloom","floor":5},{"not_picked":["Static Discharge","Sweeping Beam","Hello World"],"picked":"SKIP","floor":7},{"not_picked":["Doom and Gloom","Gash"],"picked":"Conserve Battery","floor":8}],"player_experience":81552,"relics_obtained":[{"floor":8,"key":"Tiny Chest"},{"floor":9,"key":"Turnip"}],"event_choices":[{"damage_healed":0,"gold_gain":0,"player_choice":"Bought 0 Potions","damage_taken":0,"max_hp_gain":0,"max_hp_loss":0,"event_name":"The Woman in Blue","floor":3,"gold_loss":0},{"damage_healed":0,"gold_gain":0,"player_choice":"Cursed","damage_taken":0,"max_hp_gain":0,"max_hp_loss":0,"event_name":"Wheel of Change","floor":10,"gold_loss":0,"cards_obtained":["Decay"]}],"is_beta":false,"boss_relics":[],"items_purged_floors":[],"is_endless":false,"potions_floor_spawned":[2,4,7,8],"killed_by":"Gremlin Gang","ascension_level":2}