{"path_per_floor":["M","$","M","?","$","R","E","M","T","M","E","?","M","M","R","B",null,"M","M","M"],"character_chosen":"THE_SILENT","items_purchased":["Footwork"],"gold_per_floor":[111,32,43,43,43,43,77,90,115,130,171,121,145,161,161,286,286,305,330,349],"floor_reached":21,"campfire_rested":2,"playtime":1798,"current_hp_per_floor":[67,67,62,45,45,66,46,46,46,40,27,27,18,18,54,29,70,48,38,4],"items_purged":[],"gold":349,"score":193,"play_id":"12884d1b-c491-460d-8bc5-208b98a63a64","is_prod":false,"is_daily":false,"is_ascension_mode":false,"campfire_upgraded":0,"path_taken":["M","$","M","?","$","R","E","M","T","M","E","?","M","M","R","BOSS","M","M","M","M"],"build_version":"2018-02-08-PROD1","purchased_purges":0,"victory":false,"master_deck":["Defend_G","Defend_G","Defend_G","Defend_G","Defend_G","Strike_G","Strike_G","Strike_G","Strike_G","Survivor","Neutralize","Terror","Footwork","Cloak And Dagger","Footwork","Infinite Blades","Die Die Die","Flechettes","Outmaneuver","Blur","Terror","Well Laid Plans","Cloak And Dagger"],"max_hp_per_floor":[70,70,70,70,70,70,70,70,70,70,70,70,70,70,70,70,70,70,70,70],"relics":["Ring of the Snake","Golden Idol","Vajra","Regal Pillow","Happy Flower","Orrery"],"card_choices":[{"not_picked":["Backflip","Distraction"],"picked":"Terror"},{"not_picked":["Outmaneuver","Calculated Gamble"],"picked":"Cloak And Dagger"},{"not_picked":["Dodge and Roll","PiercingWail"],"picked":"Footwork"},{"not_picked":["Slice","Bane"],"picked":"Infinite Blades"},{"not_picked":["Corpse Explosion","Storm of Steel"],"picked":"Die Die Die"},{"not_picked":["Predator","Dash"],"picked":"Flechettes"},{"not_picked":["PiercingWail","Poisoned Stab"],"picked":"Outmaneuver"},{"not_picked":["Predator","Footwork"],"picked":"Blur"},{"not_picked":["Sucker Punch","Deadly Poison"],"picked":"Terror"},{"not_picked":["PiercingWail","Deadly Poison"],"picked":"Well Laid Plans"},{"not_picked":["Calculated Gamble","Dagger Throw"],"picked":"Cloak And Dagger"}],"player_experience":186513,"potions_floor_usage":[14,20,21,21],"damage_taken":[{"damage":3,"enemies":"Cultist","floor":1,"turns":5},{"damage":5,"enemies":"Jaw Worm","floor":3,"turns":5},{"damage":20,"enemies":"Lagavulin","floor":7,"turns":11},{"damage":0,"enemies":"2 Louse","floor":8,"turns":2},{"damage":6,"enemies":"Exordium Wildlife","floor":10,"turns":7},{"damage":13,"enemies":"3 Sentries","floor":11,"turns":14},{"damage":9,"enemies":"3 Louse","floor":13,"turns":5},{"damage":0,"enemies":"Gremlin Gang","floor":14,"turns":6},{"damage":25,"enemies":"Hexaghost","floor":16,"turns":12},{"damage":22,"enemies":"2 Thieves","floor":18,"turns":4},{"damage":10,"enemies":"Chosen","floor":19,"turns":4},{"damage":34,"enemies":"Snake Plant","floor":20,"turns":5},{"damage":4,"enemies":"3 Cultists","floor":21,"turns":2}],"event_choices":[{"event_name":"Golden Idol","player_choice":"Take Damage","floor":4,"damage_taken":0},{"event_name":"The Cleric","player_choice":"Card Removal","floor":12,"damage_taken":0}],"boss_relics":[{"not_picked":["Velvet Choker","Calling Bell"],"picked":"Orrery"}],"potions_floor_spawned":[1,3,7,8,14,16],"seed_played":"1225998634108173457","killed_by":"3 Cultists","ascension_level":0,"is_trial":false}