{"path_per_floor":["M","?","?","M","?","R","E","R","T","M","R","M","R","?","R","B",null,"M","?","M","M","$","E","R","E","T","M","R","$","E","T","R","B",null,"M","?","?","M","M","M","$","E","T","R","M","M","M","M","R","B"],"character_chosen":"IRONCLAD","items_purchased":["Blood Vial","Oddly Smooth Stone","Metallicize","Dropkick","Omamori","Dramatic Entrance","Flash of Steel","Bag of Marbles"],"gold_per_floor":[16,16,91,111,111,111,177,177,177,202,202,221,221,221,221,350,350,375,375,399,420,57,390,390,430,502,523,523,20,60,108,108,228,228,247,313,313,331,345,365,115,159,159,159,179,197,216,231,231,231],"floor_reached":51,"campfire_rested":0,"playtime":2020,"current_hp_per_floor":[96,77,66,72,72,72,50,50,50,52,52,58,58,58,58,22,89,89,89,80,62,62,63,63,43,43,62,62,62,62,62,62,55,99,99,99,87,95,94,99,99,98,98,98,80,99,97,99,99,79],"items_purged":["Writhe","Strike_R"],"gold":231,"score":662,"play_id":"367083b0-3d38-4f11-b6b1-4e3482566007","is_prod":false,"is_daily":false,"is_ascension_mode":false,"campfire_upgraded":7,"path_taken":["M","?","?","M","?","R","E","R","T","?","R","?","R","?","R","BOSS","M","?","M","M","$","E","R","E","T","M","R","$","E","?","R","BOSS","M","?","?","M","M","M","$","E","T","R","M","?","?","M","R","BOSS"],"build_version":"2018-02-12-PROD1","purchased_purges":3,"victory":true,"master_deck":["Strike_R","Strike_R+1","Strike_R","Strike_R","Defend_R+1","Defend_R","Defend_R","Defend_R","Bash","Anger+1","Clash+1","Iron Wave+1","Seeing Red","Pommel Strike+1","Limit Break+1","Sword Boomerang+1","Clash+1","Whirlwind+1","Clash+1","Thunderclap","Heavy Blade+1","Metallicize+1","Dropkick","Dramatic Entrance","Battle Trance+1","Reaper","Cleave+1","Madness","Madness","Spot Weakness+1","Sword Boomerang","Berserk","Flash of Steel","Sword Boomerang+1","Rage+1"],"max_hp_per_floor":[96,96,96,96,89,89,89,89,89,89,89,89,89,89,89,89,89,89,89,89,89,89,89,89,89,89,89,89,89,99,99,99,99,99,99,99,99,99,99,99,99,99,99,99,99,99,99,99,99,99],"relics":["Burning Blood","Golden Idol","Tiny Chest","Girya","White Beast Statue","Gremlin Horn","Blood Vial","Oddly Smooth Stone","Old Coin","Toolbox","Meat on the Bone","Omamori","Pear","Vajra","Runic Dome","Ice Cream","Bag of Marbles","Lantern","Charon\u0027s Ashes"],"card_choices":[{"not_picked":["Twin Strike","Havoc"],"picked":"Anger"},{"not_picked":["Wild Strike","Dark Embrace"],"picked":"Clash"},{"not_picked":["Wild Strike","Infernal Blade"],"picked":"Iron Wave"},{"not_picked":["Havoc","Perfected Strike"],"picked":"Seeing Red"},{"not_picked":["Cleave","Reckless Charge"],"picked":"Pommel Strike"},{"not_picked":["Brutality","Juggernaut"],"picked":"Limit Break"},{"not_picked":["Headbutt","Clothesline"],"picked":"Sword Boomerang"},{"not_picked":["Rampage","Evolve"],"picked":"Clash"},{"not_picked":["Pommel Strike","Sentinel"],"picked":"Whirlwind"},{"not_picked":["Heavy Blade","Sword Boomerang"],"picked":"Clash"},{"not_picked":["Rampage","Immolate"],"picked":"Thunderclap"},{"not_picked":["Rage","Cleave"],"picked":"Heavy Blade"},{"not_picked":["Clothesline","Pommel Strike"],"picked":"Battle Trance"},{"not_picked":["Bludgeon","Feed"],"picked":"Reaper"},{"not_picked":["Shrug It Off","Thunderclap"],"picked":"Cleave"},{"not_picked":["Clothesline","Evolve"],"picked":"Spot Weakness"},{"not_picked":["Searing Blow","Anger"],"picked":"Sword Boomerang"},{"not_picked":["Pommel Strike","Combust"],"picked":"Berserk"},{"not_picked":["Hemokinesis","Clash"],"picked":"Sword Boomerang"},{"not_picked":["Uppercut","Spot Weakness"],"picked":"Rage"}],"player_experience":70733,"potions_floor_usage":[20,20,21,23,23,25,30,33,42,42,50,50,50],"damage_taken":[{"damage":5,"enemies":"Cultist","floor":1,"turns":4},{"damage":0,"enemies":"Small Slimes","floor":4,"turns":3},{"damage":28,"enemies":"3 Sentries","floor":7,"turns":10},{"damage":4,"enemies":"Blue Slaver","floor":10,"turns":3},{"damage":0,"enemies":"2 Fungi Beasts","floor":12,"turns":2},{"damage":42,"enemies":"The Guardian","floor":16,"turns":8},{"damage":0,"enemies":"Spheric Guardian","floor":18,"turns":3},{"damage":15,"enemies":"2 Thieves","floor":20,"turns":3},{"damage":24,"enemies":"Snake Plant","floor":21,"turns":4},{"damage":7,"enemies":"Slavers","floor":23,"turns":4},{"damage":28,"enemies":"Gremlin Leader","floor":25,"turns":3},{"damage":1,"enemies":"Sentry and Sphere","floor":27,"turns":3},{"damage":30,"enemies":"Book of Stabbing","floor":30,"turns":3},{"damage":27,"enemies":"Champ","floor":33,"turns":6},{"damage":0,"enemies":"3 Shapes","floor":35,"turns":1},{"damage":24,"enemies":"Mysterious Sphere","floor":36,"turns":3},{"damage":0,"enemies":"3 Darklings","floor":38,"turns":2},{"damage":9,"enemies":"4 Shapes","floor":39,"turns":1},{"damage":1,"enemies":"Sphere and 2 Shapes","floor":40,"turns":3},{"damage":7,"enemies":"Giant Head","floor":42,"turns":5},{"damage":25,"enemies":"Maw","floor":45,"turns":3},{"damage":0,"enemies":"3 Darklings","floor":46,"turns":2},{"damage":16,"enemies":"Sphere and 2 Shapes","floor":47,"turns":1},{"damage":0,"enemies":"4 Shapes","floor":48,"turns":1},{"damage":26,"enemies":"Donu and Deca","floor":50,"turns":5}],"event_choices":[{"event_name":"Shining Light","player_choice":"Entered Light","floor":2,"damage_taken":0},{"event_name":"World of Goop","player_choice":"Gather Gold","floor":3,"damage_taken":0},{"event_name":"Golden Idol","player_choice":"Lose Max HP","floor":5,"damage_taken":0},{"event_name":"Match and Keep!","player_choice":"0 cards matched","floor":14,"damage_taken":0},{"event_name":"The Mausoleum","player_choice":"Yes","floor":19,"damage_taken":0},{"event_name":"Mysterious Sphere","player_choice":"Fight","floor":36,"damage_taken":0},{"event_name":"Winding Halls","player_choice":"Embrace Madness","floor":37,"damage_taken":0}],"boss_relics":[{"not_picked":["Tiny House","Runic Cube"],"picked":"White Beast Statue"},{"not_picked":["Velvet Choker","Orrery"],"picked":"Runic Dome"}],"potions_floor_spawned":[10,12,18,20,21,23,25,27,30,33,35,36,38,39,40,42,45,46,47,48],"seed_played":"-1577506956206899435","ascension_level":0,"is_trial":false}