{"path_per_floor":["M","?","M","$","?","M","M","E","T","M","M","T","E","M","R","B",null,"M","$","?","?","T","M","R","M","T","M","M","$","E","M","R","B",null,"M","M","$","?","?","R","?","M","T","?","?","R","E","M","R","B"],"character_chosen":"IRONCLAD","items_purchased":["Spot Weakness","Bandage Up","Oddly Smooth Stone","Uppercut"],"gold_per_floor":[119,219,235,30,30,48,62,95,125,139,152,199,231,244,244,343,343,359,67,67,67,67,77,77,97,97,117,131,6,37,55,55,154,154,167,187,37,87,87,87,87,104,185,0,0,0,29,45,45,45],"floor_reached":51,"campfire_rested":2,"playtime":2997,"current_hp_per_floor":[71,71,63,63,68,67,68,46,46,45,49,49,53,55,55,55,85,85,85,85,85,85,70,70,79,79,85,83,83,60,59,59,16,92,92,80,80,80,69,69,69,54,54,54,54,80,63,34,60,68],"items_purged":["Regret","Decay","Injury","Parasite"],"gold":45,"score":558,"play_id":"17920305-2dfb-4f40-ade9-7ff2876d9bbd","is_prod":false,"is_daily":false,"is_ascension_mode":false,"campfire_upgraded":4,"path_taken":["M","?","M","$","?","M","M","E","T","?","M","?","E","M","R","BOSS","M","$","?","?","?","M","R","M","T","M","M","?","E","M","R","BOSS","M","M","$","?","?","R","?","M","T","?","?","R","E","M","R","BOSS"],"build_version":"2018-02-12-PROD1","purchased_purges":4,"victory":true,"master_deck":["Strike_R","Strike_R","Strike_R","Strike_R","Defend_R","Defend_R","Defend_R","Bash","Anger","Offering","Armaments","Headbutt","Spot Weakness+1","Bandage Up","Cleave","Shrug It Off","Infernal Blade+1","True Grit+1","Intimidate+1","Flex","Disarm","Reaper","Feel No Pain+1","Uppercut+1","Havoc+1","Heavy Blade+1","Pummel","Spot Weakness","Seeing Red","Exhume","Warcry","Madness","Madness","Armaments+1"],"max_hp_per_floor":[80,80,80,80,85,85,85,85,85,85,85,85,85,85,85,85,85,85,85,85,85,85,85,85,85,85,85,85,85,92,92,92,92,92,92,92,89,89,89,89,89,89,89,89,89,89,89,89,89,89],"relics":["Burning Blood","Letter Opener","Tiny Chest","Juzu Bracelet","Ancient Tea Set","Calling Bell","Centennial Puzzle","Thread and Needle","Dream Catcher","Oddly Smooth Stone","Sundial","War Paint","Strawberry","Mark of Pain","Gambling Chip","Frozen Eye","Shuriken","Red Mask","Spirit Poop","Vajra"],"card_choices":[{"not_picked":["Twin Strike","True Grit"],"picked":"Armaments"},{"not_picked":["Twin Strike","Blood for Blood"],"picked":"Headbutt"},{"not_picked":["Perfected Strike","Battle Trance"],"picked":"Cleave"},{"not_picked":["Whirlwind","Power Through"],"picked":"Shrug It Off"},{"not_picked":["Feel No Pain","Shrug It Off"],"picked":"Infernal Blade"},{"not_picked":["Searing Blow","Perfected Strike"],"picked":"True Grit"},{"not_picked":["Body Slam","Iron Wave"],"picked":"Intimidate"},{"not_picked":["Headbutt","Warcry"],"picked":"Flex"},{"not_picked":["Sword Boomerang","Whirlwind"],"picked":"Disarm"},{"not_picked":["Berserk","Barricade"],"picked":"Reaper"},{"not_picked":["Hemokinesis","Shockwave"],"picked":"Feel No Pain"},{"not_picked":["Rage","Armaments"],"picked":"Havoc"},{"not_picked":["Clash","Armaments"],"picked":"Heavy Blade"},{"not_picked":["Rupture","True Grit"],"picked":"Pummel"},{"not_picked":["Armaments","Pommel Strike"],"picked":"Spot Weakness"},{"not_picked":["True Grit","Headbutt"],"picked":"Seeing Red"},{"not_picked":["Dark Embrace","Barricade"],"picked":"Exhume"},{"not_picked":["Clash","Body Slam"],"picked":"Warcry"},{"not_picked":["Clash","Twin Strike"],"picked":"Armaments"}],"player_experience":73865,"potions_floor_usage":[13,16,25,30,33,38,50,50],"damage_taken":[{"damage":15,"enemies":"Small Slimes","floor":1,"turns":3},{"damage":14,"enemies":"Blue Slaver","floor":3,"turns":3},{"damage":7,"enemies":"2 Louse","floor":6,"turns":2},{"damage":9,"enemies":"Looter","floor":7,"turns":3},{"damage":32,"enemies":"Gremlin Nob","floor":8,"turns":4},{"damage":11,"enemies":"3 Louse","floor":10,"turns":2},{"damage":6,"enemies":"Exordium Thugs","floor":11,"turns":3},{"damage":6,"enemies":"3 Sentries","floor":13,"turns":4},{"damage":4,"enemies":"Gremlin Gang","floor":14,"turns":2},{"damage":10,"enemies":"Slime Boss","floor":16,"turns":9},{"damage":5,"enemies":"Shell Parasite","floor":18,"turns":5},{"damage":25,"enemies":"3 Byrds","floor":23,"turns":7},{"damage":4,"enemies":"Snake Plant","floor":25,"turns":6},{"damage":5,"enemies":"3 Cultists","floor":27,"turns":5},{"damage":10,"enemies":"Snecko","floor":28,"turns":6},{"damage":36,"enemies":"Gremlin Leader","floor":30,"turns":5},{"damage":10,"enemies":"Snake Plant","floor":31,"turns":4},{"damage":82,"enemies":"Collector","floor":33,"turns":11},{"damage":17,"enemies":"3 Darklings","floor":35,"turns":5},{"damage":24,"enemies":"3 Shapes","floor":36,"turns":4},{"damage":24,"enemies":"Mysterious Sphere","floor":38,"turns":5},{"damage":41,"enemies":"3 Darklings","floor":42,"turns":3},{"damage":35,"enemies":"Nemesis","floor":47,"turns":10},{"damage":39,"enemies":"Sphere and 2 Shapes","floor":48,"turns":6},{"damage":44,"enemies":"Time Eater","floor":50,"turns":9}],"event_choices":[{"event_name":"Golden Shrine","player_choice":"Pray","floor":2,"damage_taken":0},{"event_name":"Big Fish","player_choice":"Donut","floor":5,"damage_taken":0},{"event_name":"Addict","player_choice":"Ignored","floor":20,"damage_taken":0},{"event_name":"Drug Dealer","player_choice":"Ignored","floor":21,"damage_taken":0},{"event_name":"Mysterious Sphere","player_choice":"Fight","floor":38,"damage_taken":0},{"event_name":"Winding Halls","player_choice":"Embrace Madness","floor":39,"damage_taken":0},{"event_name":"Accursed Blacksmith","player_choice":"Rummage","floor":41,"damage_taken":0},{"event_name":"Tomb of Lord Red Mask","player_choice":"Paid","floor":44,"damage_taken":0},{"event_name":"Bonfire Elementals","player_choice":"CURSE","floor":45,"damage_taken":0}],"boss_relics":[{"not_picked":["Eternal Feather","Black Blood"],"picked":"Calling Bell"},{"not_picked":["White Beast Statue","Snecko Eye"],"picked":"Mark of Pain"}],"potions_floor_spawned":[1,6,10,13,23,27,31,36,38,48],"seed_played":"-5565682421000244594","ascension_level":0,"is_trial":false}