{"gold_per_floor":[112,112,124,49,49,49,68,68,68,79,108,121,9,32,32,106,106,117,136,136],"floor_reached":20,"playtime":573,"items_purged":[],"score":331,"play_id":"4fe729d0-788c-4a0b-a1c9-6825069d5dc1","local_time":"20181015225744","is_ascension_mode":true,"campfire_choices":[{"data":"Zap","floor":6,"key":"SMITH"},{"data":"Streamline","floor":8,"key":"SMITH"},{"data":"Defragment","floor":15,"key":"SMITH"}],"neow_cost":"NONE","seed_source_timestamp":686945853472104,"circlet_count":0,"master_deck":["Strike_B","Strike_B","Strike_B","Strike_B","Defend_B","Defend_B","Defend_B","Zap+1","Dualcast","AscendersBane","Creative AI","Sweeping Beam","Reinforced Body","Streamline+1","Compile Driver","Double Energy","Go for the Eyes","Defragment+1","Conserve Battery","Electrodynamics","Self Repair+1","Barrage"],"relics":["Cracked Core","Oddly Smooth Stone","Bronze Scales","Smiling Mask","Black Star"],"potions_floor_usage":[16,18],"damage_taken":[{"damage":2,"enemies":"Jaw Worm","floor":1,"turns":3},{"damage":0,"enemies":"2 Louse","floor":3,"turns":3},{"damage":1,"enemies":"Cultist","floor":7,"turns":3},{"damage":3,"enemies":"2 Fungi Beasts","floor":10,"turns":2},{"damage":32,"enemies":"Gremlin Nob","floor":11,"turns":4},{"damage":13,"enemies":"Blue Slaver","floor":12,"turns":2},{"damage":6,"enemies":"The Guardian","floor":16,"turns":12},{"damage":14,"enemies":"Chosen","floor":18,"turns":4},{"damage":29,"enemies":"Spheric Guardian","floor":19,"turns":6},{"damage":35,"enemies":"Snecko","floor":20,"turns":4}],"seed_played":"5450582205009422308","potions_obtained":[{"floor":10,"key":"EssenceOfSteel"},{"floor":11,"key":"Weak Potion"},{"floor":16,"key":"Dexterity Potion"}],"is_trial":false,"path_per_floor":["M","?","M","?","?","R","M","R","T","M","E","M","$","T","R","B",null,"M","M"],"character_chosen":"DEFECT","items_purchased":["Defragment","Conserve Battery"],"campfire_rested":0,"item_purchase_floors":[13,13],"current_hp_per_floor":[62,62,62,62,67,67,66,66,66,63,31,18,18,18,18,12,60,46,27,0],"gold":136,"neow_bonus":"ONE_RANDOM_RARE_CARD","is_prod":false,"is_daily":false,"chose_seed":false,"campfire_upgraded":3,"win_rate":0,"timestamp":1539658664,"path_taken":["M","?","M","?","?","R","M","R","T","M","E","M","$","?","R","BOSS","M","?","M"],"build_version":"2018-10-11","purchased_purges":0,"victory":false,"max_hp_per_floor":[71,71,71,71,76,76,76,76,76,76,76,76,76,76,76,76,76,76,76,76],"card_choices":[{"not_picked":["Hologram","Conserve Battery"],"picked":"Sweeping Beam","floor":1},{"not_picked":["Turbo","Steam"],"picked":"Reinforced Body","floor":3},{"not_picked":["Hologram","Conserve Battery"],"picked":"Streamline","floor":7},{"not_picked":["Steam","Fusion"],"picked":"Compile Driver","floor":10},{"not_picked":["BootSequence","Sweeping Beam"],"picked":"Double Energy","floor":11},{"not_picked":["Glacier","Capacitor"],"picked":"Go for the Eyes","floor":12},{"not_picked":["Creative AI","Fission"],"picked":"Electrodynamics","floor":16},{"not_picked":["Gash+1","Sunder"],"picked":"Self Repair+1","floor":18},{"not_picked":["Tempest+1","Leap"],"picked":"Barrage","floor":19}],"player_experience":568900,"relics_obtained":[{"floor":9,"key":"Oddly Smooth Stone"},{"floor":11,"key":"Bronze Scales"},{"floor":14,"key":"Smiling Mask"}],"event_choices":[{"event_name":"Liars Game","player_choice":"disagreed","floor":2,"damage_taken":0},{"event_name":"The Cleric","player_choice":"Card Removal","floor":4,"damage_taken":0},{"event_name":"Big Fish","player_choice":"Donut","floor":5,"damage_taken":0}],"is_beta":false,"boss_relics":[{"not_picked":["FrozenCore","Orrery"],"picked":"Black Star"}],"items_purged_floors":[],"is_endless":false,"potions_floor_spawned":[10,11,16],"killed_by":"Snecko","ascension_level":18}