{"gold_per_floor":[11,11,11,23,41,72,72,87,134,134,134,43,56,89,89,164,164,178,12,24,24,24,24,24],"floor_reached":24,"playtime":813,"items_purged":["Strike_B"],"score":388,"play_id":"b38a546b-fd9d-49a0-bfad-4e4371cfedd1","local_time":"20181014181943","is_ascension_mode":true,"campfire_choices":[{"floor":7,"key":"REST"},{"floor":11,"key":"REST"},{"data":"Defragment","floor":15,"key":"SMITH"},{"data":"Sunder","floor":23,"key":"SMITH"}],"neow_cost":"NO_GOLD","seed_source_timestamp":583628483168530,"circlet_count":0,"master_deck":["Strike_B","Defend_B","Defend_B","Defend_B","Defend_B","Zap","Dualcast","AscendersBane","Go for the Eyes","Rebound","Chaos","Ball Lightning","Sunder+1","Defragment+1","Compile Driver","All For One","Defragment+1","Glacier","Sweeping Beam+1"],"relics":["Cracked Core","Ornamental Fan","Pantograph","Bag of Marbles","Lantern","Blue Candle","Inserter"],"potions_floor_usage":[6,16,24],"damage_taken":[{"damage":1,"enemies":"2 Louse","floor":1,"turns":2},{"damage":7,"enemies":"Small Slimes","floor":4,"turns":3},{"damage":0,"enemies":"Cultist","floor":5,"turns":3},{"damage":50,"enemies":"3 Sentries","floor":6,"turns":9},{"damage":5,"enemies":"Exordium Wildlife","floor":8,"turns":3},{"damage":10,"enemies":"Gremlin Gang","floor":13,"turns":3},{"damage":6,"enemies":"Lagavulin","floor":14,"turns":7},{"damage":30,"enemies":"Hexaghost","floor":16,"turns":7},{"damage":16,"enemies":"3 Byrds","floor":18,"turns":4},{"damage":22,"enemies":"2 Thieves","floor":20,"turns":3},{"damage":45,"enemies":"Slavers","floor":24,"turns":3}],"seed_played":"-909674620291416272","potions_obtained":[{"floor":1,"key":"Energy Potion"},{"floor":8,"key":"GamblersBrew"},{"floor":16,"key":"Fire Potion"},{"floor":20,"key":"LiquidBronze"}],"is_trial":false,"path_per_floor":["M","?","T","M","M","E","R","M","T","?","R","$","M","E","R","B",null,"M","$","M","?","$","R"],"character_chosen":"DEFECT","items_purchased":["Sunder","Glacier"],"campfire_rested":2,"item_purchase_floors":[12,19],"current_hp_per_floor":[63,68,68,61,61,11,33,28,28,28,50,50,40,34,34,29,64,48,48,26,41,41,41,0],"gold":24,"neow_bonus":"REMOVE_TWO","is_prod":false,"is_daily":false,"chose_seed":false,"campfire_upgraded":2,"win_rate":0,"timestamp":1539555583,"path_taken":["M","?","?","M","?","E","R","M","T","?","R","?","M","E","R","BOSS","M","$","M","?","?","R","E"],"build_version":"2018-10-11","purchased_purges":1,"victory":false,"max_hp_per_floor":[71,76,76,76,76,76,76,76,76,76,76,76,76,76,76,76,76,76,76,76,76,76,76,76],"card_choices":[{"not_picked":["Undo","Redo"],"picked":"Go for the Eyes","floor":1},{"not_picked":["BootSequence","Coolheaded"],"picked":"Rebound","floor":4},{"not_picked":["Coolheaded","Go for the Eyes"],"picked":"Chaos","floor":5},{"not_picked":["Fission","Leap"],"picked":"Ball Lightning","floor":6},{"not_picked":["Lockon","Hologram"],"picked":"Chill","floor":8},{"not_picked":["Scrape","Darkness"],"picked":"Defragment","floor":13},{"not_picked":["Genetic Algorithm","Sweeping Beam"],"picked":"Compile Driver","floor":14},{"not_picked":["Meteor Strike","Multi-Cast"],"picked":"All For One","floor":16},{"not_picked":["Ball Lightning","Aggregate"],"picked":"Defragment+1","floor":18},{"not_picked":["Sweeping Beam+1","Steam Power","Coolheaded"],"picked":"SKIP","floor":20},{"not_picked":["Steam Power","Coolheaded"],"picked":"Sweeping Beam+1","floor":20}],"player_experience":567152,"relics_obtained":[{"floor":3,"key":"Ornamental Fan"},{"floor":6,"key":"Pantograph"},{"floor":9,"key":"Bag of Marbles"},{"floor":14,"key":"Blue Candle"}],"event_choices":[{"event_name":"Big Fish","player_choice":"Donut","floor":2,"damage_taken":0},{"event_name":"WeMeetAgain","player_choice":"Card","floor":10,"damage_taken":0},{"event_name":"The Library","player_choice":"Heal","floor":21,"damage_taken":0}],"is_beta":false,"boss_relics":[{"not_picked":["Runic Dome","White Beast Statue"],"picked":"Inserter"}],"items_purged_floors":[19],"is_endless":false,"potions_floor_spawned":[1,8,16,20],"killed_by":"Slavers","ascension_level":18}