{"gold_per_floor":[119,132,282,30,30,30,55,55,106,125,153,153,184,201,201,274,274,292,292,270,287,287,313,313,345,345,17,67,84,84,95,95,166,166,181,181,192,192,206,206,258,258,283,317,317,329,329,346,346,346],"floor_reached":50,"playtime":3751,"items_purged":["Doubt","Strike_G"],"score":1003,"play_id":"03b794a0-634f-4bb9-bdea-1053c2c9c56f","local_time":"20181012225018","is_ascension_mode":true,"campfire_choices":[{"data":"Footwork","floor":6,"key":"SMITH"},{"data":"Noxious Fumes","floor":8,"key":"SMITH"},{"floor":12,"key":"REST"},{"floor":15,"key":"REST"},{"data":"Burst","floor":24,"key":"SMITH"},{"floor":30,"key":"REST"},{"floor":32,"key":"REST"},{"floor":40,"key":"REST"},{"floor":42,"key":"REST"},{"floor":47,"key":"REST"},{"floor":49,"key":"REST"}],"neow_cost":"TEN_PERCENT_HP_LOSS","seed_source_timestamp":423128175055000,"circlet_count":0,"master_deck":["Defend_G","Defend_G","Defend_G","Defend_G","Defend_G","Strike_G","Strike_G","Strike_G","Strike_G","Survivor","Neutralize","AscendersBane","After Image","Footwork+1","Noxious Fumes+1","PiercingWail","Footwork","Dagger Spray","Adrenaline","Malaise+1","Sucker Punch+1","Burst+1","Dodge and Roll","Deadly Poison","Deflect","After Image","Quick Slash+1","Bandage Up","Mind Blast","Poisoned Stab","Crippling Poison","Injury","Leg Sweep"],"relics":["Ring of the Snake","Snake Skull","The Courier","Ancient Tea Set","Oddly Smooth Stone","Busted Crown","Bag of Preparation","Art of War","Blue Candle","Anchor","Cursed Key","Ginger","Orichalcum","Centennial Puzzle"],"potions_floor_usage":[11,23,25,29,39,41,44],"damage_taken":[{"damage":1,"enemies":"Cultist","floor":1,"turns":4},{"damage":0,"enemies":"Small Slimes","floor":2,"turns":4},{"damage":24,"enemies":"3 Sentries","floor":7,"turns":8},{"damage":1,"enemies":"Jaw Worm","floor":10,"turns":5},{"damage":45,"enemies":"Gremlin Nob","floor":11,"turns":8},{"damage":15,"enemies":"3 Sentries","floor":13,"turns":7},{"damage":0,"enemies":"Looter","floor":14,"turns":4},{"damage":27,"enemies":"Slime Boss","floor":16,"turns":11},{"damage":6,"enemies":"Chosen","floor":18,"turns":7},{"damage":0,"enemies":"2 Thieves","floor":20,"turns":5},{"damage":19,"enemies":"Centurion and Healer","floor":21,"turns":7},{"damage":3,"enemies":"Book of Stabbing","floor":23,"turns":8},{"damage":5,"enemies":"Gremlin Leader","floor":25,"turns":7},{"damage":0,"enemies":"3 Cultists","floor":29,"turns":5},{"damage":18,"enemies":"Cultist and Chosen","floor":31,"turns":6},{"damage":30,"enemies":"Collector","floor":33,"turns":12},{"damage":4,"enemies":"3 Shapes","floor":35,"turns":5},{"damage":1,"enemies":"Orb Walker","floor":37,"turns":6},{"damage":28,"enemies":"Reptomancer","floor":39,"turns":7},{"damage":9,"enemies":"Mysterious Sphere","floor":41,"turns":5},{"damage":46,"enemies":"2 Orb Walkers","floor":44,"turns":6},{"damage":4,"enemies":"Transient","floor":46,"turns":6},{"damage":1,"enemies":"Maw","floor":48,"turns":9},{"damage":43,"enemies":"Time Eater","floor":50,"turns":11}],"seed_played":"5772940673999642814","potions_obtained":[{"floor":1,"key":"Dexterity Potion"},{"floor":7,"key":"FairyPotion"},{"floor":21,"key":"SkillPotion"},{"floor":23,"key":"Poison Potion"},{"floor":33,"key":"GhostInAJar"},{"floor":39,"key":"SteroidPotion"},{"floor":41,"key":"LiquidBronze"},{"floor":46,"key":"EssenceOfSteel"}],"is_trial":false,"path_per_floor":["M","M","?","$","?","R","E","R","T","M","E","R","E","M","R","B",null,"M","?","M","M","?","E","R","E","T","$","?","M","R","M","R","B",null,"M","?","M","?","M","R","?","R","T","E","?","M","R","M","R"],"character_chosen":"THE_SILENT","items_purchased":["Snake Skull","Deadly Poison","SkillPotion","Anchor","Deflect"],"campfire_rested":8,"item_purchase_floors":[4,27,27,27,27],"current_hp_per_floor":[58,58,58,58,63,63,39,39,39,38,6,25,10,10,29,2,49,43,43,43,24,24,21,21,16,16,16,16,16,35,17,36,6,50,46,36,39,39,15,33,28,46,46,4,4,4,22,25,43,0],"gold":346,"neow_bonus":"THREE_RARE_CARDS","is_prod":false,"is_daily":false,"chose_seed":false,"campfire_upgraded":3,"win_rate":0,"timestamp":1539399018,"path_taken":["M","M","?","$","?","R","E","R","T","M","E","R","E","M","R","BOSS","M","?","M","M","?","E","R","E","T","$","?","?","R","M","R","BOSS","M","?","?","?","?","R","?","R","T","E","?","M","R","M","R","BOSS"],"build_version":"2018-10-11","purchased_purges":2,"victory":false,"max_hp_per_floor":[60,60,60,60,65,65,65,65,65,65,65,65,65,65,65,65,65,65,65,65,65,65,65,65,65,65,65,65,65,65,65,65,65,65,65,65,65,62,62,62,62,62,62,62,62,62,62,62,62,62],"card_choices":[{"not_picked":["Wraith Form v2","Phantasmal Killer"],"picked":"After Image","floor":0},{"not_picked":["Tactician","Flying Knee"],"picked":"Footwork","floor":1},{"not_picked":["Infinite Blades","Footwork"],"picked":"Noxious Fumes","floor":2},{"not_picked":["Eviscerate","Quick Slash"],"picked":"PiercingWail","floor":7},{"not_picked":["Endless Agony","Bane"],"picked":"Footwork","floor":10},{"not_picked":["Distraction","Heel Hook"],"picked":"Dagger Spray","floor":11},{"not_picked":["Footwork","Poisoned Stab"],"picked":"Adrenaline","floor":13},{"not_picked":["Heel Hook","Outmaneuver","Acrobatics"],"picked":"SKIP","floor":14},{"not_picked":["Bullet Time","Night Terror"],"picked":"Malaise","floor":16},{"not_picked":[],"picked":"Sucker Punch+1","floor":18},{"not_picked":["Setup+1"],"picked":"SKIP","floor":20},{"not_picked":["Prepared"],"picked":"SKIP","floor":21},{"not_picked":[],"picked":"Burst","floor":23},{"not_picked":[],"picked":"Dodge and Roll","floor":25},{"not_picked":["Tactician"],"picked":"SKIP","floor":29},{"not_picked":["Setup"],"picked":"SKIP","floor":31},{"not_picked":[],"picked":"After Image","floor":33},{"not_picked":[],"picked":"Quick Slash+1","floor":35},{"not_picked":[],"picked":"Bandage Up","floor":36},{"not_picked":[],"picked":"Mind Blast","floor":36},{"not_picked":[],"picked":"Poisoned Stab","floor":37},{"not_picked":[],"picked":"Predator","floor":39},{"not_picked":[],"picked":"Crippling Poison","floor":41},{"not_picked":["Eviscerate"],"picked":"SKIP","floor":44},{"not_picked":["Quick Slash"],"picked":"SKIP","floor":46},{"not_picked":[],"picked":"Leg Sweep","floor":48}],"player_experience":552518,"relics_obtained":[{"floor":7,"key":"The Courier"},{"floor":9,"key":"Ancient Tea Set"},{"floor":13,"key":"Oddly Smooth Stone"},{"floor":23,"key":"Bag of Preparation"},{"floor":25,"key":"Art of War"},{"floor":26,"key":"Blue Candle"},{"floor":41,"key":"Ginger"},{"floor":43,"key":"Orichalcum"},{"floor":44,"key":"Centennial Puzzle"}],"event_choices":[{"event_name":"Liars Game","player_choice":"agreed","floor":3,"damage_taken":0},{"event_name":"Big Fish","player_choice":"Donut","floor":5,"damage_taken":0},{"event_name":"Match and Keep!","player_choice":"0 cards matched","floor":19,"damage_taken":0},{"event_name":"Upgrade Shrine","player_choice":"Upgraded","floor":22,"damage_taken":0},{"event_name":"Nest","player_choice":"Stole From Cult","floor":28,"damage_taken":0},{"event_name":"SensoryStone","player_choice":"Memory 3","floor":36,"damage_taken":0},{"event_name":"Winding Halls","player_choice":"Max HP","floor":38,"damage_taken":0},{"event_name":"Mysterious Sphere","player_choice":"Fight","floor":41,"damage_taken":0},{"event_name":"Falling","player_choice":"Removed Attack","floor":45,"damage_taken":0}],"is_beta":false,"boss_relics":[{"not_picked":["WristBlade","Fusion Hammer"],"picked":"Busted Crown"},{"not_picked":["Sozu","White Beast Statue"],"picked":"Cursed Key"}],"items_purged_floors":[4,27],"is_endless":false,"potions_floor_spawned":[1,7,21,23,33,39,41,46],"killed_by":"Time Eater","ascension_level":18}