{"gold_per_floor":[113,63,9,9,24,59,59,91,91,122,52,71,71,86,86,181,181,197,197,297,316,241,241,270,270,270,298,310,310,337,337,337,439,439,458,558,605,623,668,668,668,668,694,733,745,776,34,44,44,44],"floor_reached":51,"playtime":2245,"items_purged":[],"score":1155,"play_id":"50f14f37-a16b-400a-80a2-9cd108127e6f","local_time":"20180818184845","is_ascension_mode":true,"campfire_choices":[{"floor":7,"key":"REST"},{"floor":13,"key":"REST"},{"data":"Storm","floor":15,"key":"SMITH"},{"data":"Go for the Eyes","floor":23,"key":"SMITH"},{"floor":25,"key":"REST"},{"floor":29,"key":"REST"},{"floor":32,"key":"REST"},{"floor":40,"key":"REST"},{"data":"Seek","floor":42,"key":"SMITH"},{"floor":49,"key":"REST"}],"neow_cost":"","seed_source_timestamp":519835826107251,"circlet_count":0,"master_deck":["Defend_B+1","Defend_B","Defend_B","Defend_B","Zap","Dualcast+1","AscendersBane","White Noise","Cold Snap","Barrage","Stack","Sweeping Beam","Biased Cognition","Storm+1","Compile Driver","Auto Shields","Seek+1","Biased Cognition+1","Genetic Algorithm+1","Coolheaded+1","Go for the Eyes+1","Leap","FTL","Go for the Eyes+1","Core Surge","Compile Driver+1","Storm+1","Stack+1","Writhe","Rainbow","White Noise+1"],"relics":["Cracked Core","Mercury Hourglass","Regal Pillow","War Paint","Pantograph","Singing Bowl","Astrolabe","Art of War","Gremlin Horn","Blood Vial","Sundial","Philosopher\u0027s Stone","Juzu Bracelet","Incense Burner","MawBank","Blue Candle","Runic Capacitor","Gambling Chip","Symbiotic Virus"],"potions_floor_usage":[6,8,24,30,33,39,50,50],"damage_taken":[{"damage":5,"enemies":"2 Louse","floor":1,"turns":3},{"damage":5,"enemies":"Small Slimes","floor":5,"turns":2},{"damage":27,"enemies":"Lagavulin","floor":6,"turns":6},{"damage":35,"enemies":"Gremlin Nob","floor":8,"turns":3},{"damage":24,"enemies":"3 Sentries","floor":10,"turns":6},{"damage":2,"enemies":"Jaw Worm","floor":12,"turns":3},{"damage":5,"enemies":"Exordium Thugs","floor":14,"turns":3},{"damage":38,"enemies":"Hexaghost","floor":16,"turns":8},{"damage":0,"enemies":"Spheric Guardian","floor":18,"turns":2},{"damage":17,"enemies":"2 Thieves","floor":21,"turns":3},{"damage":40,"enemies":"Gremlin Leader","floor":24,"turns":6},{"damage":23,"enemies":"Book of Stabbing","floor":27,"turns":4},{"damage":22,"enemies":"Snake Plant","floor":28,"turns":3},{"damage":32,"enemies":"Slavers","floor":30,"turns":5},{"damage":74,"enemies":"Champ","floor":33,"turns":18},{"damage":13,"enemies":"Orb Walker","floor":35,"turns":3},{"damage":3,"enemies":"Flame Bruiser 1 Orb","floor":38,"turns":4},{"damage":22,"floor":39,"turns":3},{"damage":24,"enemies":"Giant Head","floor":44,"turns":9},{"damage":13,"enemies":"Maw","floor":46,"turns":6},{"damage":21,"enemies":"Spire Growth","floor":48,"turns":3},{"damage":11,"enemies":"Awakened One","floor":50,"turns":13}],"seed_played":"-9060142010923861656","potions_obtained":[{"floor":1,"key":"Weak Potion"},{"floor":6,"key":"PowerPotion"},{"floor":10,"key":"Strength Potion"},{"floor":16,"key":"EssenceOfSteel"},{"floor":18,"key":"Ancient Potion"},{"floor":27,"key":"Ancient Potion"},{"floor":30,"key":"Strength Potion"},{"floor":33,"key":"PowerPotion"},{"floor":46,"key":"SkillPotion"}],"is_trial":false,"path_per_floor":["M","?","$","?","M","E","R","E","T","E","$","M","R","M","R","B",null,"M","?","?","M","?","R","E","R","T","E","M","R","E","?","R","B",null,"M","?","T","M","?","R","?","R","T","E","?","M","$","M","R","B"],"character_chosen":"DEFECT","items_purchased":["Cold Snap","Storm","Runic Capacitor","Gambling Chip","Symbiotic Virus"],"campfire_rested":7,"item_purchase_floors":[3,11,47,47,47],"current_hp_per_floor":[63,63,63,63,58,31,68,33,33,9,9,7,44,39,39,26,63,65,65,65,48,48,48,8,46,46,23,5,43,13,13,51,4,60,49,49,49,48,28,66,79,79,79,55,55,46,46,27,66,70],"gold":44,"neow_bonus":"","is_prod":false,"is_daily":false,"chose_seed":false,"campfire_upgraded":3,"win_rate":0,"timestamp":1534632525,"path_taken":["M","?","?","?","M","E","R","E","T","E","$","M","R","M","R","BOSS","M","?","?","M","?","R","E","R","T","E","?","R","E","?","R","BOSS","M","?","?","M","?","R","?","R","T","E","?","M","$","M","R","BOSS"],"build_version":"2018-08-16","purchased_purges":0,"victory":true,"max_hp_per_floor":[75,75,75,75,75,75,75,75,75,75,75,75,75,75,75,75,75,77,77,77,77,77,77,77,77,77,77,79,79,79,79,79,79,79,79,79,79,79,79,79,79,79,79,79,79,81,81,81,81,81],"card_choices":[{"not_picked":["Redo","Streamline"],"picked":"White Noise","floor":1},{"not_picked":["Fusion","Hologram"],"picked":"Barrage","floor":5},{"not_picked":["Steam Power","Force Field"],"picked":"Stack","floor":6},{"not_picked":["Steam","Cold Snap"],"picked":"Sweeping Beam","floor":8},{"not_picked":["Scrape","Seek"],"picked":"Biased Cognition","floor":10},{"not_picked":["Fusion","Coolheaded"],"picked":"Compile Driver","floor":12},{"not_picked":["Turbo","Stack"],"picked":"Auto Shields","floor":14},{"not_picked":["Reboot","Multi-Cast"],"picked":"Seek","floor":16},{"not_picked":["Chaos","Streamline+1","Sweeping Beam"],"picked":"Singing Bowl","floor":18},{"not_picked":["Self Repair","Rip and Tear"],"picked":"Go for the Eyes","floor":21},{"not_picked":["Darkness","Redo"],"picked":"Leap","floor":24},{"not_picked":["Fusion","Doom and Gloom"],"picked":"FTL","floor":27},{"not_picked":["Coolheaded","Cold Snap+1","Sweeping Beam+1"],"picked":"Singing Bowl","floor":28},{"not_picked":["Storm","Ball Lightning"],"picked":"Go for the Eyes+1","floor":30},{"not_picked":["All For One","Thunder Strike"],"picked":"Core Surge","floor":33},{"not_picked":["Darkness","Steam+1"],"picked":"Compile Driver+1","floor":35},{"not_picked":["Coolheaded+1","Leap"],"picked":"Storm+1","floor":38},{"not_picked":["Ball Lightning+1","Redo"],"picked":"Stack+1","floor":39},{"not_picked":["Consume","Barrage"],"picked":"Rainbow","floor":44},{"not_picked":["Storm","White Noise","Cold Snap"],"picked":"Singing Bowl","floor":46},{"not_picked":["Gash+1","BootSequence+1"],"picked":"White Noise+1","floor":48}],"player_experience":455705,"relics_obtained":[{"floor":6,"key":"Regal Pillow"},{"floor":8,"key":"War Paint"},{"floor":9,"key":"Pantograph"},{"floor":10,"key":"Singing Bowl"},{"floor":24,"key":"Art of War"},{"floor":26,"key":"Gremlin Horn"},{"floor":27,"key":"Blood Vial"},{"floor":30,"key":"Sundial"},{"floor":37,"key":"Juzu Bracelet"},{"floor":39,"key":"Incense Burner"},{"floor":43,"key":"MawBank"},{"floor":44,"key":"Blue Candle"}],"event_choices":[{"event_name":"The Cleric","player_choice":"Card Removal","floor":2,"damage_taken":0},{"event_name":"Big Fish","player_choice":"Box","floor":4,"damage_taken":0},{"event_name":"Drug Dealer","player_choice":"Ignored","floor":19,"damage_taken":0},{"event_name":"Golden Shrine","player_choice":"Pray","floor":20,"damage_taken":0},{"event_name":"Beggar","player_choice":"Gave Gold","floor":22,"damage_taken":0},{"event_name":"Ghosts","player_choice":"Ignored","floor":31,"damage_taken":0},{"event_name":"Golden Shrine","player_choice":"Pray","floor":36,"damage_taken":0},{"event_name":"Mysterious Sphere","player_choice":"Fight","floor":39,"damage_taken":0},{"event_name":"Winding Halls","player_choice":"Writhe","floor":41,"damage_taken":0},{"event_name":"Tomb of Lord Red Mask","player_choice":"Ignored","floor":45,"damage_taken":0}],"is_beta":false,"boss_relics":[{"not_picked":["Tiny House","FrozenCore"],"picked":"Astrolabe"},{"not_picked":["Lizard Tail","Eternal Feather"],"picked":"Philosopher\u0027s Stone"}],"items_purged_floors":[],"is_endless":false,"potions_floor_spawned":[1,6,10,16,18,27,30,33,38,46],"ascension_level":11}