{"gold_per_floor":[111,131,131,131,143,143,143,156,183,193,210,210,210,230,230,335,335,345,345,362,376,376],"floor_reached":22,"playtime":1216,"items_purged":[],"score":198,"play_id":"8ac42d91-78ac-45cc-b033-e21feb246ab4","local_time":"20190111021917","is_ascension_mode":true,"campfire_choices":[{"data":"Footwork","floor":6,"key":"SMITH"},{"data":"Neutralize","floor":12,"key":"SMITH"},{"floor":15,"key":"REST"}],"neow_cost":"NONE","seed_source_timestamp":92086593894981,"circlet_count":0,"master_deck":["Defend_G","Defend_G","Defend_G","Defend_G","Defend_G","Strike_G","Strike_G","Strike_G","Strike_G","Survivor","Neutralize+1","Flying Knee","Footwork+1","PiercingWail","Flying Knee","Prepared","Adrenaline","Finisher+1","Finisher","Cloak And Dagger"],"relics":["Ring of the Serpent","Snake Skull","Regal Pillow"],"potions_floor_usage":[16,16,20],"damage_taken":[{"damage":2,"enemies":"2 Louse","floor":1,"turns":4},{"damage":7,"enemies":"Small Slimes","floor":2,"turns":5},{"damage":3,"enemies":"Jaw Worm","floor":5,"turns":8},{"damage":0,"enemies":"2 Fungi Beasts","floor":8,"turns":5},{"damage":8,"enemies":"Blue Slaver","floor":10,"turns":5},{"damage":5,"enemies":"Looter","floor":11,"turns":4},{"damage":1,"enemies":"3 Louse","floor":14,"turns":4},{"damage":53,"enemies":"Hexaghost","floor":16,"turns":15},{"damage":11,"enemies":"Shell Parasite","floor":18,"turns":11},{"damage":35,"enemies":"Colosseum Slavers","floor":19,"turns":8},{"damage":2,"enemies":"Chosen","floor":20,"turns":7},{"damage":13,"enemies":"Snake Plant","floor":21,"turns":6},{"damage":14,"enemies":"Sentry and Sphere","floor":22,"turns":7}],"seed_played":"3410205080769047480","potions_obtained":[{"floor":1,"key":"Energy Potion"},{"floor":10,"key":"LiquidBronze"},{"floor":11,"key":"Poison Potion"},{"floor":18,"key":"Ancient Potion"}],"is_trial":false,"path_per_floor":["M","M","?","?","M","R","$","M","T","M","M","R","?","M","R","B",null,"M","?","M","M","M"],"character_chosen":"THE_SILENT","items_purchased":[],"campfire_rested":1,"item_purchase_floors":[],"current_hp_per_floor":[68,61,66,59,56,56,56,56,56,48,43,43,40,39,75,22,75,64,29,27,14,0],"gold":376,"neow_bonus":"THREE_CARDS","is_prod":false,"is_daily":false,"chose_seed":false,"campfire_upgraded":2,"win_rate":0,"timestamp":1547144357,"path_taken":["M","M","?","?","M","R","$","M","T","M","M","R","?","M","R","BOSS","M","?","M","M","M"],"build_version":"2019-01-03v4","purchased_purges":0,"victory":false,"max_hp_per_floor":[70,70,75,75,75,75,75,75,75,75,75,75,75,75,75,75,75,75,75,75,75,75],"card_choices":[{"not_picked":["Deflect","Acrobatics"],"picked":"Flying Knee","floor":0},{"not_picked":["Dagger Throw","Blade Dance"],"picked":"Footwork","floor":1},{"not_picked":["Acrobatics","Calculated Gamble","Choke"],"picked":"SKIP","floor":2},{"not_picked":["Calculated Gamble","Bane"],"picked":"PiercingWail","floor":5},{"not_picked":["Bane","Skewer"],"picked":"Flying Knee","floor":8},{"not_picked":["Bane","Outmaneuver"],"picked":"Prepared","floor":10},{"not_picked":["Underhanded Strike","Poisoned Stab","Deflect"],"picked":"SKIP","floor":11},{"not_picked":["All Out Attack","Dagger Spray","Blade Dance"],"picked":"SKIP","floor":14},{"not_picked":["Tools of the Trade","Night Terror"],"picked":"Adrenaline","floor":16},{"not_picked":["Choke","Dagger Throw"],"picked":"Finisher+1","floor":18},{"not_picked":["Infinite Blades","Dagger Spray+1"],"picked":"Finisher","floor":20},{"not_picked":["Dagger Spray","Prepared+1"],"picked":"Cloak And Dagger","floor":21}],"player_experience":259327,"relics_obtained":[{"floor":9,"key":"Snake Skull"}],"event_choices":[{"damage_healed":0,"gold_gain":0,"player_choice":"Donut","damage_taken":0,"max_hp_gain":5,"max_hp_loss":0,"event_name":"Big Fish","floor":3,"gold_loss":0},{"cards_removed":["Strike_G"],"damage_healed":0,"gold_gain":0,"player_choice":"Card Removal","damage_taken":7,"max_hp_gain":0,"max_hp_loss":0,"event_name":"Golden Wing","floor":4,"gold_loss":0},{"damage_healed":0,"gold_gain":0,"player_choice":"Success","damage_taken":3,"relics_obtained":["Regal Pillow"],"max_hp_gain":0,"max_hp_loss":0,"event_name":"Scrap Ooze","floor":13,"gold_loss":0},{"damage_healed":0,"gold_gain":0,"player_choice":"Fight","damage_taken":0,"max_hp_gain":0,"max_hp_loss":0,"event_name":"Colosseum","floor":19,"gold_loss":0},{"damage_healed":0,"gold_gain":0,"player_choice":"Fled From Nobs","damage_taken":0,"max_hp_gain":0,"max_hp_loss":0,"event_name":"Colosseum","floor":19,"gold_loss":0}],"is_beta":false,"boss_relics":[{"not_picked":["Lizard Tail","Ectoplasm"],"picked":"Ring of the Serpent"}],"items_purged_floors":[],"is_endless":false,"potions_floor_spawned":[1,10,11,18],"killed_by":"Sentry and Sphere","ascension_level":2}