{"path_per_floor":["M","$","M","M","?","E","?","E","T","R","M","M","M","M","R","B",null,"M","?","M","$","M","R","M","M","T"],"character_chosen":"IRONCLAD","items_purchased":["Flame Barrier","Letter Opener","Seeing Red"],"gold_per_floor":[118,9,25,43,43,69,69,99,125,125,144,161,178,193,193,292,292,308,308,319,39,51,51,61,71,71],"floor_reached":27,"campfire_rested":0,"playtime":1347,"current_hp_per_floor":[71,71,69,69,69,56,48,69,76,76,70,62,55,52,52,29,90,90,72,63,63,39,39,18,11,11],"items_purged":["Defend_R"],"gold":71,"score":254,"play_id":"60cb2764-044d-431f-a4ad-2e69a118027b","is_prod":false,"is_daily":false,"is_ascension_mode":false,"campfire_upgraded":3,"path_taken":["M","$","?","?","?","E","?","E","T","R","?","M","M","M","R","BOSS","M","?","?","$","M","R","M","M","T","E"],"build_version":"2018-02-08-PROD1","purchased_purges":2,"victory":false,"master_deck":["Strike_R+1","Strike_R","Strike_R","Strike_R","Defend_R","Defend_R","Defend_R","Bash","Infernal Blade","Flame Barrier+1","Iron Wave+1","Rampage+1","Iron Wave","Infernal Blade","Wild Strike","Headbutt","Warcry+1","Immolate","Headbutt+1","Pommel Strike","Seeing Red","Pommel Strike+1","Uppercut+1","Shrug It Off"],"max_hp_per_floor":[80,80,80,80,80,83,83,83,90,90,90,90,90,90,90,90,90,90,95,95,95,95,95,95,95,95],"relics":["Mark of Pain","Shuriken","Whetstone","Strawberry","Sozu","Letter Opener","Juzu Bracelet"],"card_choices":[{"not_picked":["Battle Trance","Fire Breathing"],"picked":"Infernal Blade"},{"not_picked":["Sword Boomerang","Clash"],"picked":"Iron Wave"},{"not_picked":["Shrug It Off","Heavy Blade"],"picked":"Rampage"},{"not_picked":["Pommel Strike","Limit Break"],"picked":"Iron Wave"},{"not_picked":["Sword Boomerang","Feel No Pain"],"picked":"Infernal Blade"},{"not_picked":["Body Slam","Metallicize"],"picked":"Wild Strike"},{"not_picked":["Heavy Blade","Searing Blow"],"picked":"Headbutt"},{"not_picked":["Wild Strike","Searing Blow"],"picked":"Warcry"},{"not_picked":["Impervious","Double Tap"],"picked":"Immolate"},{"not_picked":["Sword Boomerang","Blood for Blood"],"picked":"Headbutt"},{"not_picked":["Sever Soul","Corruption"],"picked":"Pommel Strike"},{"not_picked":["Cleave","Shockwave"],"picked":"Pommel Strike"},{"not_picked":["Burning Pact","Clash"],"picked":"Uppercut"},{"not_picked":["Perfected Strike","Wild Strike"],"picked":"Shrug It Off"}],"player_experience":40462,"potions_floor_usage":[8,16],"damage_taken":[{"damage":9,"enemies":"Blue Slaver","floor":1,"turns":4},{"damage":2,"enemies":"Small Slimes","floor":3,"turns":2},{"damage":0,"enemies":"Cultist","floor":4,"turns":3},{"damage":16,"enemies":"Gremlin Nob","floor":6,"turns":5},{"damage":9,"enemies":"3 Sentries","floor":8,"turns":7},{"damage":6,"enemies":"Large Slime","floor":11,"turns":4},{"damage":8,"enemies":"Gremlin Gang","floor":12,"turns":4},{"damage":7,"enemies":"2 Fungi Beasts","floor":13,"turns":2},{"damage":3,"enemies":"Red Slaver","floor":14,"turns":2},{"damage":23,"enemies":"The Guardian","floor":16,"turns":7},{"damage":0,"enemies":"Spheric Guardian","floor":18,"turns":3},{"damage":9,"enemies":"3 Byrds","floor":20,"turns":3},{"damage":24,"enemies":"Centurion and Healer","floor":22,"turns":4},{"damage":21,"enemies":"Snake Plant","floor":24,"turns":2},{"damage":7,"enemies":"Sentry and Sphere","floor":25,"turns":4},{"damage":16,"enemies":"Slavers","floor":27,"turns":1}],"event_choices":[{"event_name":"Purifier","player_choice":"One Purge","floor":5,"damage_taken":0},{"event_name":"Wheel of Change","player_choice":"Damage","floor":7,"damage_taken":0},{"event_name":"Forgotten Altar","player_choice":"Shed Blood","floor":19,"damage_taken":0}],"boss_relics":[{"not_picked":["Orrery","Cursed Key"],"picked":"Sozu"}],"potions_floor_spawned":[1,4,12,13,14,16,20,25],"seed_played":"-6225251819613216075","killed_by":"Slavers","ascension_level":0,"is_trial":false}