{"path_per_floor":["M","?","?","M","?","E","R","M","T","M","?","E","$","M","R","B",null,"M","M","?","?","M","R","E","R","T","E","R","E","?","$","R","B",null,"M","?","M","M","M","R","E","R","T","E","M","R","M","M","R","B"],"character_chosen":"IRONCLAD","items_purchased":["Mummified Hand","Brutality"],"gold_per_floor":[111,111,111,129,204,234,234,249,249,269,369,404,2,15,15,87,87,103,120,120,35,51,51,82,82,82,108,108,141,141,91,91,166,166,176,0,14,32,52,52,386,386,386,418,431,431,442,453,453,453],"floor_reached":51,"campfire_rested":5,"playtime":1986,"current_hp_per_floor":[71,71,55,54,43,13,37,43,43,37,37,12,12,17,41,13,63,66,69,53,53,44,44,37,63,63,78,78,63,87,87,87,69,83,81,81,84,77,75,75,42,68,68,67,73,73,71,55,81,53],"items_purged":["Sword Boomerang"],"gold":453,"score":1271,"play_id":"bcbaad64-ae1a-4dda-b697-25952fce35e1","local_time":"20180429172636","is_prod":false,"is_daily":false,"chose_seed":false,"is_ascension_mode":true,"campfire_upgraded":2,"timestamp":1525040796,"path_taken":["M","?","?","?","?","E","R","M","T","M","?","E","$","M","R","BOSS","M","M","?","?","?","R","E","R","T","E","R","E","?","?","R","BOSS","M","?","M","?","M","R","E","R","T","E","M","R","M","M","R","BOSS"],"build_version":"2018-04-28v2","seed_source_timestamp":2352177508103358,"purchased_purges":1,"victory":true,"master_deck":["Bash","AscendersBane","Thunderclap","Cleave","Intimidate","Ghostly Armor","Fire Breathing","Spot Weakness","Brutality","Rupture","Immolate+1","Body Slam+1","Anger","Iron Wave","Twin Strike","Power Through","Burning Pact","Thunderclap+1","Fire Breathing","Metallicize+1","Dual Wield+1","Necronomicurse","Reaper","Flame Barrier","Evolve+1","Clumsy","Burning Pact+1","Whirlwind+1"],"max_hp_per_floor":[80,80,80,80,80,80,80,80,80,80,80,80,80,80,80,80,80,80,80,80,80,80,80,87,87,87,87,87,87,87,87,87,87,87,87,87,87,87,87,87,87,87,87,87,87,87,87,87,87,87],"relics":["Burning Blood","Smiling Mask","Ancient Tea Set","Thread and Needle","Mummified Hand","Pandora\u0027s Box","Necronomicon","Prayer Wheel","Strawberry","Whetstone","Girya","Dream Catcher","Cursed Key","Red Mask","Old Coin","Paper Frog","Molten Egg 2"],"card_choices":[{"not_picked":["Sword Boomerang","Twin Strike"],"picked":"Thunderclap","floor":1},{"not_picked":["Perfected Strike","Bloodletting"],"picked":"Cleave","floor":4},{"not_picked":["Havoc","Perfected Strike"],"picked":"Intimidate","floor":6},{"not_picked":["Pommel Strike","True Grit"],"picked":"Ghostly Armor","floor":8},{"not_picked":["Wild Strike","Cleave"],"picked":"Fire Breathing","floor":10},{"not_picked":["Shrug It Off","Second Wind"],"picked":"Spot Weakness","floor":12},{"not_picked":["Ghostly Armor","True Grit"],"picked":"Rupture","floor":14},{"not_picked":["Exhume","Brutality"],"picked":"Immolate","floor":16},{"not_picked":["Twin Strike","Shockwave"],"picked":"Metallicize","floor":18},{"not_picked":["Clothesline","Iron Wave"],"picked":"Dual Wield","floor":19},{"not_picked":["Spot Weakness","Rupture"],"picked":"Reaper","floor":22},{"not_picked":["Carnage","Bloodletting"],"picked":"Flame Barrier","floor":26},{"not_picked":["Spot Weakness","Reckless Charge"],"picked":"Evolve","floor":27},{"not_picked":["Hemokinesis","Power Through"],"picked":"Burning Pact","floor":43},{"not_picked":["Clothesline","Flame Barrier"],"picked":"Whirlwind","floor":47}],"player_experience":297596,"potions_floor_usage":[10,16,18,18,24,33,44,50,50,50],"damage_taken":[{"damage":7,"enemies":"Jaw Worm","floor":1,"turns":3},{"damage":7,"enemies":"Small Slimes","floor":4,"turns":3},{"damage":36,"enemies":"Gremlin Nob","floor":6,"turns":5},{"damage":0,"enemies":"2 Louse","floor":8,"turns":2},{"damage":12,"enemies":"Large Slime","floor":10,"turns":7},{"damage":31,"enemies":"3 Sentries","floor":12,"turns":7},{"damage":1,"enemies":"Looter","floor":14,"turns":3},{"damage":34,"enemies":"Hexaghost","floor":16,"turns":8},{"damage":3,"enemies":"3 Byrds","floor":18,"turns":3},{"damage":3,"enemies":"Spheric Guardian","floor":19,"turns":3},{"damage":15,"enemies":"Centurion and Healer","floor":22,"turns":3},{"damage":20,"enemies":"Slavers","floor":24,"turns":3},{"damage":15,"enemies":"Gremlin Leader","floor":27,"turns":6},{"damage":30,"enemies":"Slavers","floor":29,"turns":4},{"damage":24,"enemies":"Champ","floor":33,"turns":8},{"damage":12,"enemies":"Orb Walker","floor":35,"turns":3},{"damage":3,"enemies":"3 Darklings","floor":37,"turns":2},{"damage":38,"enemies":"Sphere and 2 Shapes","floor":38,"turns":4},{"damage":8,"enemies":"4 Shapes","floor":39,"turns":1},{"damage":56,"enemies":"Giant Head","floor":41,"turns":7},{"damage":7,"enemies":"Nemesis","floor":44,"turns":3},{"damage":0,"enemies":"3 Darklings","floor":45,"turns":1},{"damage":23,"enemies":"Maw","floor":47,"turns":5},{"damage":49,"enemies":"Sphere and 2 Shapes","floor":48,"turns":3},{"damage":112,"enemies":"Awakened One","floor":50,"turns":9}],"event_choices":[{"event_name":"Liars Game","player_choice":"disagreed","floor":2,"damage_taken":0},{"event_name":"Shining Light","player_choice":"Entered Light","floor":3,"damage_taken":0},{"event_name":"World of Goop","player_choice":"Gather Gold","floor":5,"damage_taken":0},{"event_name":"Golden Shrine","player_choice":"Pray","floor":11,"damage_taken":0},{"event_name":"Cursed Tome","player_choice":"Obtained Book","floor":20,"damage_taken":0},{"event_name":"Addict","player_choice":"Obtained Relic","floor":21,"damage_taken":0},{"event_name":"The Library","player_choice":"Heal","floor":30,"damage_taken":0},{"event_name":"Tomb of Lord Red Mask","player_choice":"Paid","floor":36,"damage_taken":0}],"boss_relics":[{"not_picked":["White Beast Statue","Tiny House"],"picked":"Pandora\u0027s Box"},{"not_picked":["Calling Bell","Astrolabe"],"picked":"Cursed Key"}],"potions_floor_spawned":[6,8,12,16,18,24,27,38,41,44,45,48],"seed_played":"7546358459946732465","ascension_level":13,"is_trial":false}