{"gold_per_floor":[112,123,141,154,154,154,172,206,229,229,243,258,281,300,300,395,395,408,408,408,507,507,507,551,571,571,214,214,214,39,80,80,80],"floor_reached":33,"playtime":1762,"items_purged":["Injury"],"score":540,"play_id":"66a63441-4afe-4231-8c2c-73972edf3c19","local_time":"20190210230616","is_ascension_mode":true,"campfire_choices":[{"data":"Zap","floor":6,"key":"SMITH"},{"floor":10,"key":"REST"},{"floor":15,"key":"REST"},{"data":"Sunder","floor":23,"key":"SMITH"},{"data":"Streamline","floor":29,"key":"SMITH"},{"floor":32,"key":"REST"}],"neow_cost":"NONE","seed_source_timestamp":24559863047276,"circlet_count":0,"master_deck":["AscendersBane","Strike_B+1","Strike_B+1","Strike_B+1","Strike_B+1","Defend_B+1","Defend_B+1","Defend_B+1","Defend_B+1","Zap+1","Dualcast","Steam Power","Streamline+1","Hologram","Sunder+1","Go for the Eyes","Hologram","Coolheaded","Coolheaded","Beam Cell","Ghostly","Ghostly","Ghostly","Ghostly","Ghostly","Ghostly","Ghostly","Heatsinks+1"],"relics":["Cracked Core","Orichalcum","Golden Idol","Bronze Scales","Regal Pillow","Sozu","Enchiridion","Vajra","Frozen Egg 2","Membership Card","Bottled Lightning","Strawberry","DollysMirror","Bag of Preparation"],"potions_floor_usage":[4,7,8,16,31,31],"damage_taken":[{"damage":1,"enemies":"Cultist","floor":1,"turns":4},{"damage":2,"enemies":"Jaw Worm","floor":2,"turns":4},{"damage":9,"enemies":"2 Louse","floor":3,"turns":3},{"damage":8,"enemies":"Exordium Wildlife","floor":4,"turns":3},{"damage":10,"enemies":"3 Louse","floor":7,"turns":3},{"damage":21,"enemies":"3 Sentries","floor":8,"turns":5},{"damage":12,"enemies":"Large Slime","floor":11,"turns":4},{"damage":1,"enemies":"2 Fungi Beasts","floor":12,"turns":2},{"damage":13,"enemies":"Gremlin Gang","floor":13,"turns":4},{"damage":2,"enemies":"Red Slaver","floor":14,"turns":3},{"damage":33,"enemies":"Hexaghost","floor":16,"turns":9},{"damage":1,"enemies":"Spheric Guardian","floor":18,"turns":3},{"damage":18,"enemies":"Book of Stabbing","floor":24,"turns":5},{"damage":0,"enemies":"Shell Parasite","floor":25,"turns":2},{"damage":0,"enemies":"Slavers","floor":31,"turns":9},{"damage":45,"enemies":"Collector","floor":33,"turns":10}],"seed_played":"224124284179079381","potions_obtained":[{"floor":1,"key":"SteroidPotion"},{"floor":3,"key":"SpeedPotion"},{"floor":7,"key":"Strength Potion"},{"floor":13,"key":"PowerPotion"},{"floor":14,"key":"Fire Potion"},{"floor":16,"key":"Energy Potion"}],"is_trial":false,"path_per_floor":["M","M","M","M","?","R","M","E","T","R","M","M","M","M","R","B",null,"M","?","?","?","?","R","E","M","T","$","?","R","$","E","R","B"],"character_chosen":"DEFECT","items_purchased":["Membership Card","Bottled Lightning","Strawberry","DollysMirror"],"campfire_rested":3,"item_purchase_floors":[27,27,30,30],"current_hp_per_floor":[67,65,56,48,48,48,38,17,17,54,42,41,28,26,63,30,64,63,47,47,47,37,37,19,19,19,19,19,19,26,26,44,0],"gold":80,"neow_bonus":"RANDOM_COMMON_RELIC","is_prod":false,"is_daily":false,"chose_seed":false,"campfire_upgraded":3,"win_rate":0,"timestamp":1549814776,"path_taken":["M","M","M","?","?","R","M","E","T","R","M","M","M","M","R","BOSS","M","?","?","?","?","R","E","M","T","$","?","R","$","E","R","BOSS"],"build_version":"2019-01-23","purchased_purges":1,"victory":false,"max_hp_per_floor":[75,75,75,75,75,75,75,75,75,75,75,75,75,75,75,75,75,75,75,75,75,37,37,37,37,37,37,37,37,44,44,44,44],"card_choices":[{"not_picked":["Darkness","Storm"],"picked":"Steam Power","floor":1},{"not_picked":["Genetic Algorithm","Stack","Barrage"],"picked":"SKIP","floor":2},{"not_picked":["Gash","Leap"],"picked":"Streamline","floor":3},{"not_picked":["Leap","Storm"],"picked":"Hologram","floor":4},{"not_picked":["Stack","Genetic Algorithm"],"picked":"Sunder","floor":7},{"not_picked":["Compile Driver","Barrage"],"picked":"Go for the Eyes","floor":8},{"not_picked":["Reinforced Body","Gash"],"picked":"Hologram","floor":11},{"not_picked":["Steam Power","Beam Cell"],"picked":"Coolheaded","floor":12},{"not_picked":["Gash","Rebound"],"picked":"Coolheaded","floor":13},{"not_picked":["Cold Snap","Gash"],"picked":"Beam Cell","floor":14},{"not_picked":["Auto Shields","Rebound","Sunder"],"picked":"SKIP","floor":18},{"not_picked":["Gash","Cold Snap","Genetic Algorithm"],"picked":"SKIP","floor":24},{"not_picked":["Hello World","Darkness+1","Redo"],"picked":"SKIP","floor":25},{"not_picked":["Hello World+1","Aggregate"],"picked":"Heatsinks+1","floor":31}],"player_experience":335264,"relics_obtained":[{"floor":8,"key":"Bronze Scales"},{"floor":9,"key":"Regal Pillow"},{"floor":19,"key":"Enchiridion"},{"floor":24,"key":"Vajra"},{"floor":26,"key":"Frozen Egg 2"},{"floor":31,"key":"Bag of Preparation"}],"event_choices":[{"damage_healed":0,"gold_gain":0,"player_choice":"Take Wound","damage_taken":0,"relics_obtained":["Golden Idol"],"max_hp_gain":0,"max_hp_loss":0,"event_name":"Golden Idol","floor":5,"gold_loss":0,"cards_obtained":["Injury"]},{"damage_healed":0,"gold_gain":0,"player_choice":"Obtained Book","damage_taken":16,"max_hp_gain":0,"max_hp_loss":0,"event_name":"Cursed Tome","floor":19,"gold_loss":0},{"damage_healed":0,"gold_gain":0,"player_choice":"Simplicity","damage_taken":0,"max_hp_gain":0,"max_hp_loss":0,"event_name":"Back to Basics","floor":20,"gold_loss":0,"cards_upgraded":["Strike_B","Strike_B","Strike_B","Strike_B","Defend_B","Defend_B","Defend_B","Defend_B"]},{"damage_healed":0,"gold_gain":99,"player_choice":"Stole From Cult","damage_taken":0,"max_hp_gain":0,"max_hp_loss":0,"event_name":"Nest","floor":21,"gold_loss":0},{"damage_healed":0,"gold_gain":0,"player_choice":"Became a Ghost","damage_taken":0,"max_hp_gain":0,"max_hp_loss":38,"event_name":"Ghosts","floor":22,"gold_loss":0,"cards_obtained":["Ghostly","Ghostly","Ghostly","Ghostly","Ghostly"]},{"damage_healed":0,"gold_gain":0,"player_choice":"Copied","damage_taken":0,"max_hp_gain":0,"max_hp_loss":0,"event_name":"Duplicator","floor":28,"gold_loss":0,"cards_obtained":["Ghostly"]}],"is_beta":false,"boss_relics":[{"not_picked":["Tiny House","Fusion Hammer"],"picked":"Sozu"}],"items_purged_floors":[27],"is_endless":false,"potions_floor_spawned":[1,3,7,13,14,16,18,25],"killed_by":"Collector","ascension_level":13}