{"gold_per_floor":[111,124,137,149,149,149,187,187,187,187,220,236,236,84,84,182,182,196,217,217,231,246,246,371,371],"floor_reached":25,"playtime":1367,"items_purged":["Strike_R"],"score":426,"play_id":"6e0c6e70-904b-4814-b987-829f4bf98df7","local_time":"20190214130604","is_ascension_mode":true,"campfire_choices":[{"data":"Bash","floor":6.0,"key":"SMITH"},{"data":"Clothesline","floor":8.0,"key":"SMITH"},{"data":"Anger","floor":10.0,"key":"SMITH"},{"data":"Combust","floor":15.0,"key":"SMITH"},{"floor":23.0,"key":"REST"}],"neow_cost":"PERCENT_DAMAGE","seed_source_timestamp":0,"circlet_count":0,"master_deck":["AscendersBane","Strike_R","Strike_R","Strike_R","Strike_R","Defend_R","Defend_R","Defend_R","Defend_R","Bash+1","Impervious","True Grit","Twin Strike","Anger+1","Clothesline+1","Rampage","Ghostly Armor","Fiend Fire","Combust+1","Reaper","Metallicize","Feed","Inflame+1","Shrug It Off"],"special_seed":0,"relics":["Burning Blood","Golden Idol","Meat on the Bone","Gremlin Horn","Mark of Pain","Nloth\u0027s Gift","Charon\u0027s Ashes","Bottled Tornado"],"potions_floor_usage":[24,25],"damage_taken":[{"damage":9.0,"enemies":"Jaw Worm","floor":1.0,"turns":4.0},{"damage":1.0,"enemies":"Cultist","floor":2.0,"turns":3.0},{"damage":1.0,"enemies":"Small Slimes","floor":3.0,"turns":4.0},{"damage":4.0,"enemies":"Red Slaver","floor":4.0,"turns":3.0},{"damage":31.0,"enemies":"3 Sentries","floor":7.0,"turns":10.0},{"damage":26.0,"enemies":"Gremlin Nob","floor":11.0,"turns":4.0},{"damage":0.0,"enemies":"Exordium Wildlife","floor":12.0,"turns":2.0},{"damage":34.0,"enemies":"The Guardian","floor":16.0,"turns":11.0},{"damage":30.0,"enemies":"Shell Parasite","floor":18.0,"turns":8.0},{"damage":32.0,"enemies":"Chosen","floor":19.0,"turns":4.0},{"damage":30.0,"enemies":"Snake Plant","floor":21.0,"turns":6.0},{"damage":21.0,"enemies":"Shelled Parasite and Fungi","floor":22.0,"turns":7.0},{"damage":34,"enemies":"Colosseum Slavers","floor":24,"turns":5},{"damage":29,"enemies":"Colosseum Nobs","floor":24,"turns":6},{"damage":59,"enemies":"Book of Stabbing","floor":25,"turns":5}],"seed_played":"-1205864574545143389","potions_obtained":[{"floor":2.0,"key":"Poison Potion"},{"floor":4.0,"key":"Dexterity Potion"},{"floor":11.0,"key":"SpeedPotion"},{"floor":18.0,"key":"Swift Potion"},{"floor":24,"key":"Energy Potion"}],"is_trial":false,"path_per_floor":["M","M","M","M","?","R","E","R","T","R","E","M","?","$","R","B",null,"M","M","?","M","M","R","?","E"],"character_chosen":"IRONCLAD","items_purchased":["Combust"],"campfire_rested":1,"item_purchase_floors":[14],"current_hp_per_floor":[47,52,57,59,59,59,34,34,34,34,26,44,44,44,44,28,58,52,44,44,35,32,52,46,0],"gold":371,"neow_bonus":"THREE_RARE_CARDS","is_prod":false,"is_daily":false,"chose_seed":false,"campfire_upgraded":4,"win_rate":0,"timestamp":1550167564,"path_taken":["M","M","M","M","?","R","E","R","T","R","E","M","?","$","R","BOSS","M","?","?","M","?","R","?","E"],"build_version":"2019-01-23","purchased_purges":1,"victory":false,"max_hp_per_floor":[75,75,75,75,68,68,68,68,68,68,68,68,68,68,68,68,68,68,68,68,68,68,68,71,71],"card_choices":[{"not_picked":["Brutality","Limit Break"],"picked":"Impervious","floor":0.0},{"not_picked":["Iron Wave","Clash"],"picked":"True Grit","floor":1.0},{"not_picked":["Wild Strike","Cleave"],"picked":"Twin Strike","floor":2.0},{"not_picked":["Entrench","Cleave"],"picked":"Anger","floor":3.0},{"not_picked":["Ghostly Armor","Anger"],"picked":"Clothesline","floor":4.0},{"not_picked":["Body Slam","Pommel Strike"],"picked":"Rampage","floor":7.0},{"not_picked":["Fire Breathing","Entrench","Clash"],"picked":"SKIP","floor":11.0},{"not_picked":["Bludgeon","Cleave"],"picked":"Ghostly Armor","floor":12.0},{"not_picked":["Bludgeon","Double Tap"],"picked":"Reaper","floor":16.0},{"not_picked":["Clash","Sword Boomerang"],"picked":"Metallicize","floor":18.0},{"not_picked":["Twin Strike","Cleave"],"picked":"Feed","floor":19.0},{"not_picked":["Dropkick","Clothesline","Combust"],"picked":"SKIP","floor":21.0},{"not_picked":["Flex+1","Body Slam"],"picked":"Inflame+1","floor":22.0},{"not_picked":["Warcry+1","Pommel Strike"],"picked":"Shrug It Off","floor":24}],"player_experience":823149,"relics_obtained":[{"floor":7.0,"key":"Bottled Flame"},{"floor":9.0,"key":"Meat on the Bone"},{"floor":11.0,"key":"Gremlin Horn"},{"floor":24,"key":"Charon\u0027s Ashes"},{"floor":24,"key":"Bottled Tornado"}],"event_choices":[{"damage_healed":0.0,"max_hp_gain":0.0,"max_hp_loss":7.0,"gold_gain":0.0,"event_name":"Golden Idol","player_choice":"Lose Max HP","floor":5.0,"gold_loss":0.0,"damage_taken":0.0,"relics_obtained":["Golden Idol"]},{"damage_healed":0.0,"max_hp_gain":0.0,"max_hp_loss":0.0,"gold_gain":0.0,"event_name":"Match and Keep!","player_choice":"1 cards matched","floor":13.0,"gold_loss":0.0,"damage_taken":0.0,"cards_obtained":["Fiend Fire"]},{"damage_healed":0.0,"max_hp_gain":0.0,"max_hp_loss":0.0,"gold_gain":0.0,"event_name":"N\u0027loth","player_choice":"Traded Relic","floor":20.0,"relics_lost":["Bottled Flame"],"gold_loss":0.0,"damage_taken":0.0,"relics_obtained":["Nloth\u0027s Gift"]},{"damage_healed":0,"gold_gain":0,"player_choice":"Fight","damage_taken":0,"max_hp_gain":0,"max_hp_loss":0,"event_name":"Colosseum","floor":24,"gold_loss":0},{"damage_healed":0,"gold_gain":0,"player_choice":"Fought Nobs","damage_taken":0,"max_hp_gain":0,"max_hp_loss":0,"event_name":"Colosseum","floor":24,"gold_loss":0}],"is_beta":false,"boss_relics":[{"not_picked":["Calling Bell","Busted Crown"],"picked":"Mark of Pain"}],"items_purged_floors":[14],"is_endless":false,"potions_floor_spawned":[2,4,11,12,18,22,24],"killed_by":"Book of Stabbing","ascension_level":20}