{"gold_per_floor":[113,14,14,28,48,48,48,78,78,97,140,140,140,156,156,286,286,286,286,241,241,21,21,21,21,21,21,21,21,21,21,21,21,21,21,21,21,21,21,21],"floor_reached":40,"playtime":3072,"items_purged":["Strike_R+1"],"score":386,"play_id":"86020587-f099-4583-b421-eb839ffd14ee","local_time":"20190109125028","is_ascension_mode":false,"campfire_choices":[{"data":"Twin Strike","floor":6.0,"key":"SMITH"},{"floor":12.0,"key":"REST"},{"data":"Inflame","floor":15.0,"key":"SMITH"},{"data":"Demon Form","floor":23.0,"key":"SMITH"},{"floor":25.0,"key":"REST"},{"data":"Offering","floor":27.0,"key":"SMITH"},{"floor":32.0,"key":"REST"}],"neow_cost":"","seed_source_timestamp":0,"circlet_count":0,"master_deck":["Strike_R+1","Strike_R+1","Strike_R+1","Strike_R+1","Defend_R+1","Defend_R+1","Defend_R+1","Defend_R+1","Bash","Anger","Sword Boomerang","Inflame+1","Intimidate","Twin Strike+1","Pommel Strike","Rage","Headbutt","Demon Form+1","Pommel Strike+1","Sword Boomerang+1","Offering+1","Feed","RitualDagger","Thunderclap+1","Rage+1","Feed","Shrug It Off+1","Sword Boomerang+1","Apotheosis","Anger+1"],"special_seed":0,"relics":["Burning Blood","Golden Idol","Boot","Paper Frog","Calipers","Ectoplasm","MutagenicStrength","Dodecahedron","Regal Pillow","Black Star"],"potions_floor_usage":[40,40,40],"damage_taken":[{"damage":8.0,"enemies":"Cultist","floor":1.0,"turns":5.0},{"damage":2.0,"enemies":"2 Louse","floor":4.0,"turns":2.0},{"damage":3.0,"enemies":"Small Slimes","floor":5.0,"turns":2.0},{"damage":5.0,"enemies":"Looter","floor":10.0,"turns":3.0},{"damage":21.0,"enemies":"Lagavulin","floor":11.0,"turns":5.0},{"damage":6.0,"enemies":"Blue Slaver","floor":14.0,"turns":4.0},{"damage":40.0,"enemies":"The Guardian","floor":16.0,"turns":8.0},{"damage":8.0,"enemies":"3 Byrds","floor":18.0,"turns":5.0},{"damage":19.0,"enemies":"2 Thieves","floor":20.0,"turns":3.0},{"damage":6.0,"enemies":"3 Cultists","floor":28.0,"turns":3.0},{"damage":12.0,"enemies":"Snecko","floor":30.0,"turns":4.0},{"damage":6.0,"enemies":"Cultist and Chosen","floor":31.0,"turns":1.0},{"damage":12.0,"enemies":"Champ","floor":33.0,"turns":5.0},{"damage":27.0,"enemies":"3 Darklings","floor":35.0,"turns":4.0},{"damage":10.0,"enemies":"Orb Walker","floor":36.0,"turns":2.0},{"damage":30.0,"enemies":"4 Shapes","floor":39.0,"turns":3.0},{"damage":37,"enemies":"Reptomancer","floor":40,"turns":2}],"seed_played":"-5123335951093222481","potions_obtained":[{"floor":1.0,"key":"GamblersBrew"},{"floor":4.0,"key":"SneckoOil"},{"floor":11.0,"key":"Swift Potion"},{"floor":16.0,"key":"Weak Potion"},{"floor":28.0,"key":"SteroidPotion"},{"floor":36.0,"key":"EssenceOfSteel"}],"is_trial":false,"path_per_floor":["M","$","$","M","M","R","?","?","T","M","E","R","T","M","R","B",null,"M","?","M","?","$","R","T","R","T","R","M","?","M","M","R","B",null,"M","M","?","?","M","E"],"character_chosen":"IRONCLAD","items_purchased":["Sword Boomerang","Inflame","Offering"],"campfire_rested":3,"item_purchase_floors":[2,2,22],"current_hp_per_floor":[78,78,78,80,80,80,60,60,60,61,46,70,70,70,70,36,80,78,78,65,65,65,65,65,80,80,80,80,74,68,68,80,77,83,62,58,58,58,37,0],"gold":21,"neow_bonus":"","is_prod":false,"is_daily":false,"chose_seed":false,"campfire_upgraded":4,"win_rate":0.0,"timestamp":1547056228,"path_taken":["M","?","$","M","M","R","?","?","T","M","E","R","?","M","R","BOSS","M","?","M","?","$","R","?","R","T","R","?","?","M","M","R","BOSS","M","M","?","?","M","E"],"build_version":"2019-01-03v4","purchased_purges":1,"victory":false,"max_hp_per_floor":[80,80,80,80,80,80,80,80,80,80,80,80,80,80,80,80,80,80,80,80,80,80,80,80,80,80,80,80,80,80,80,80,83,83,83,83,83,83,86,86],"card_choices":[{"not_picked":["Reckless Charge","Sever Soul"],"picked":"Anger","floor":1.0},{"not_picked":["Sever Soul","Combust"],"picked":"Intimidate","floor":4.0},{"not_picked":["Body Slam","Flex"],"picked":"Twin Strike","floor":5.0},{"not_picked":["Perfected Strike","Reckless Charge"],"picked":"Pommel Strike","floor":10.0},{"not_picked":["Blood for Blood","Warcry"],"picked":"Rage","floor":11.0},{"not_picked":["Feel No Pain","Clash"],"picked":"Headbutt","floor":14.0},{"not_picked":["Offering","Brutality"],"picked":"Demon Form","floor":16.0},{"not_picked":["Flame Barrier","Anger+1"],"picked":"Pommel Strike+1","floor":18.0},{"not_picked":["Body Slam+1","Iron Wave"],"picked":"Sword Boomerang+1","floor":20.0},{"not_picked":["Iron Wave","Rupture"],"picked":"Feed","floor":28.0},{"not_picked":["Disarm","Shrug It Off"],"picked":"Thunderclap+1","floor":30.0},{"not_picked":["Body Slam","Clash"],"picked":"Rage+1","floor":31.0},{"not_picked":["Berserk","Dark Embrace"],"picked":"Feed","floor":33.0},{"not_picked":["Sword Boomerang+1","Clash+1"],"picked":"Shrug It Off+1","floor":35.0},{"not_picked":["True Grit","Pommel Strike"],"picked":"Sword Boomerang+1","floor":36.0},{"not_picked":["Good Instincts","Panacea"],"picked":"Apotheosis","floor":38.0},{"not_picked":["Blood for Blood+1","Headbutt"],"picked":"Anger+1","floor":39.0}],"player_experience":0,"relics_obtained":[{"floor":9.0,"key":"Boot"},{"floor":11.0,"key":"Paper Frog"},{"floor":13.0,"key":"Calipers"},{"floor":24.0,"key":"Dodecahedron"},{"floor":26.0,"key":"Regal Pillow"}],"event_choices":[{"damage_healed":0.0,"max_hp_gain":0.0,"max_hp_loss":0.0,"gold_gain":0.0,"event_name":"Golden Idol","player_choice":"Take Damage","floor":7.0,"gold_loss":0.0,"damage_taken":20.0,"relics_obtained":["Golden Idol"]},{"damage_healed":0.0,"max_hp_gain":0.0,"max_hp_loss":0.0,"gold_gain":30.0,"event_name":"Dead Adventurer","player_choice":"Searched \u00272\u0027 times","floor":8.0,"gold_loss":0.0,"damage_taken":0.0},{"damage_healed":0.0,"max_hp_gain":0.0,"max_hp_loss":0.0,"gold_gain":0.0,"event_name":"Back to Basics","player_choice":"Simplicity","floor":19.0,"gold_loss":0.0,"damage_taken":0.0,"cards_upgraded":["Strike_R","Strike_R","Strike_R","Strike_R","Strike_R","Defend_R","Defend_R","Defend_R","Defend_R"]},{"damage_healed":0.0,"max_hp_gain":0.0,"max_hp_loss":0.0,"gold_gain":0.0,"event_name":"Drug Dealer","player_choice":"Inject Mutagens","floor":21.0,"gold_loss":0.0,"damage_taken":0.0,"relics_obtained":["MutagenicStrength"]},{"damage_healed":0.0,"max_hp_gain":0.0,"max_hp_loss":0.0,"gold_gain":0.0,"event_name":"Nest","player_choice":"Joined the Cult","floor":29.0,"gold_loss":0.0,"damage_taken":6.0,"cards_obtained":["RitualDagger"]},{"damage_healed":0.0,"max_hp_gain":0.0,"max_hp_loss":0.0,"gold_gain":0.0,"event_name":"The Moai Head","player_choice":"Ignored","floor":37.0,"gold_loss":0.0,"damage_taken":0.0},{"damage_healed":0.0,"max_hp_gain":0.0,"max_hp_loss":0.0,"gold_gain":0.0,"event_name":"SensoryStone","player_choice":"Memory 1","floor":38.0,"gold_loss":0.0,"damage_taken":0.0}],"is_beta":false,"boss_relics":[{"not_picked":["White Beast Statue","Velvet Choker"],"picked":"Ectoplasm"},{"not_picked":["Runic Dome","Snecko Eye"],"picked":"Black Star"}],"items_purged_floors":[22],"is_endless":false,"potions_floor_spawned":[1,4,11,16,18,28,33,36],"killed_by":"Reptomancer","ascension_level":0}