{"gold_per_floor":[12,25,25,37,55,55,55,88,88,88,88,88,100,115,115,194,194,214,214,214,214,227,227,255,255,255,267,267],"floor_reached":28,"playtime":914,"items_purged":[],"score":476,"play_id":"aa0f89b0-2c69-41a5-9808-3c15bb8c7297","local_time":"20190218164632","is_ascension_mode":true,"campfire_choices":[{"floor":6.0,"key":"REST"},{"floor":7.0,"key":"REST"},{"floor":12,"key":"REST"},{"floor":15,"key":"REST"},{"floor":23,"key":"REST"},{"floor":25,"key":"REST"}],"neow_cost":"NO_GOLD","seed_source_timestamp":0,"circlet_count":0,"master_deck":["AscendersBane","Defend_B","Defend_B","Defend_B","Defend_B","Zap","Dualcast","White Noise","Streamline","Beam Cell","Go for the Eyes+1","BootSequence","Cold Snap","Static Discharge","Amplify","Hologram","Undo","Lockon","Coolheaded","Leap","Conserve Battery"],"special_seed":0,"relics":["Cracked Core","WingedGreaves","Sundial","Gambling Chip","Mercury Hourglass","Sozu","Pen Nib","Gremlin Horn"],"potions_floor_usage":[16],"damage_taken":[{"damage":1.0,"enemies":"Cultist","floor":1.0,"turns":3.0},{"damage":3.0,"enemies":"2 Louse","floor":2.0,"turns":2.0},{"damage":3.0,"enemies":"Jaw Worm","floor":4.0,"turns":3.0},{"damage":16.0,"enemies":"Lots of Slimes","floor":5.0,"turns":4.0},{"damage":60.0,"enemies":"3 Sentries","floor":8.0,"turns":9.0},{"damage":9,"enemies":"Exordium Thugs","floor":13,"turns":5},{"damage":0,"enemies":"Blue Slaver","floor":14,"turns":2},{"damage":17,"enemies":"Hexaghost","floor":16,"turns":8},{"damage":6,"enemies":"Spheric Guardian","floor":18,"turns":3},{"damage":12,"enemies":"Shell Parasite","floor":22,"turns":4},{"damage":47,"enemies":"Slavers","floor":24,"turns":5},{"damage":6,"enemies":"Snecko","floor":27,"turns":4},{"damage":25,"enemies":"Shelled Parasite and Fungi","floor":28,"turns":3}],"seed_played":"81196773151295598","potions_obtained":[{"floor":1.0,"key":"EssenceOfSteel"},{"floor":13,"key":"Dexterity Potion"},{"floor":16,"key":"FairyPotion"}],"is_trial":false,"path_per_floor":["M","M","?","M","M","R","R","E","T","?","?","R","M","M","R","B",null,"M","?","?","?","M","R","E","R","T","M","M"],"character_chosen":"DEFECT","items_purchased":[],"campfire_rested":6,"item_purchase_floors":[],"current_hp_per_floor":[63,60,42,39,23,44,65,5,5,5,5,26,17,17,38,21,59,53,53,53,33,21,43,7,29,29,23,0],"gold":267,"neow_bonus":"REMOVE_TWO","is_prod":false,"is_daily":false,"chose_seed":false,"campfire_upgraded":0,"win_rate":0,"timestamp":1550526392,"path_taken":["M","M","?","M","M","R","R","E","T","?","?","R","M","?","R","BOSS","M","?","?","?","?","R","E","R","T","M","M"],"build_version":"2019-01-23","purchased_purges":0,"victory":false,"max_hp_per_floor":[71,71,71,71,71,71,71,71,71,71,71,71,71,71,71,71,71,71,71,71,76,76,76,76,76,76,76,76],"card_choices":[{"not_picked":["Double Energy","Steam"],"picked":"White Noise","floor":1.0},{"not_picked":["Chaos","Turbo"],"picked":"Streamline","floor":2.0},{"not_picked":["Steam Power","Cold Snap"],"picked":"Beam Cell","floor":4.0},{"not_picked":["Streamline","Coolheaded"],"picked":"Go for the Eyes","floor":5.0},{"not_picked":["Steam Power","Compile Driver"],"picked":"BootSequence","floor":8.0},{"not_picked":["White Noise","Static Discharge"],"picked":"Cold Snap","floor":13},{"not_picked":["Chaos","Coolheaded"],"picked":"Static Discharge","floor":14},{"not_picked":["Meteor Strike","All For One"],"picked":"Amplify","floor":16},{"not_picked":["Stack","Sweeping Beam"],"picked":"Hologram","floor":18},{"not_picked":["Barrage","Go for the Eyes"],"picked":"Coolheaded","floor":22},{"not_picked":["Steam","Turbo"],"picked":"Leap","floor":24},{"not_picked":["Gash","Stack"],"picked":"Conserve Battery","floor":27}],"player_experience":303935,"relics_obtained":[{"floor":8.0,"key":"Sundial"},{"floor":9.0,"key":"Gambling Chip"},{"floor":24,"key":"Pen Nib"},{"floor":26,"key":"Gremlin Horn"}],"event_choices":[{"damage_healed":0.0,"max_hp_gain":0.0,"max_hp_loss":0.0,"gold_gain":0.0,"event_name":"Scrap Ooze","player_choice":"Success","floor":3.0,"gold_loss":0.0,"damage_taken":18.0,"relics_obtained":["WingedGreaves"]},{"damage_healed":0,"gold_gain":0,"player_choice":"Searched \u00271\u0027 times","damage_taken":0,"relics_obtained":["Mercury Hourglass"],"max_hp_gain":0,"max_hp_loss":0,"event_name":"Dead Adventurer","floor":10,"gold_loss":0},{"damage_healed":0,"gold_gain":0,"player_choice":"Upgraded","damage_taken":0,"max_hp_gain":0,"max_hp_loss":0,"event_name":"Upgrade Shrine","floor":11,"gold_loss":0,"cards_upgraded":["Go for the Eyes"]},{"damage_healed":0,"gold_gain":0,"cards_transformed":["Strike_B","Strike_B"],"player_choice":"Became Test Subject","damage_taken":0,"max_hp_gain":0,"max_hp_loss":0,"event_name":"Drug Dealer","floor":19,"gold_loss":0,"cards_obtained":["Undo","Lockon"]},{"damage_healed":0,"gold_gain":0,"player_choice":"Ignored","damage_taken":0,"max_hp_gain":0,"max_hp_loss":0,"event_name":"The Mausoleum","floor":20,"gold_loss":0},{"damage_healed":0,"gold_gain":0,"player_choice":"Shed Blood","damage_taken":25,"max_hp_gain":5,"max_hp_loss":0,"event_name":"Forgotten Altar","floor":21,"gold_loss":0}],"is_beta":false,"boss_relics":[{"not_picked":["Empty Cage","Tiny House"],"picked":"Sozu"}],"items_purged_floors":[],"is_endless":false,"potions_floor_spawned":[1,13,16,18,27],"killed_by":"Shelled Parasite and Fungi","ascension_level":20}