{"gold_per_floor":[116,136,146,146,146,174,174],"floor_reached":7,"playtime":306,"items_purged":[],"score":102,"play_id":"313a9e04-f60f-40e0-80bc-e19342d3c2be","local_time":"20190109192107","is_ascension_mode":true,"campfire_choices":[],"neow_cost":"NONE","seed_source_timestamp":729731318202698,"circlet_count":0,"master_deck":["AscendersBane","Strike_B","Strike_B","Strike_B","Strike_B","Defend_B","Defend_B","Defend_B","Defend_B","Zap","Dualcast","Self Repair","Streamline+1","Genetic Algorithm","Defragment"],"relics":["Cracked Core","Juzu Bracelet","Dodecahedron"],"potions_floor_usage":[],"damage_taken":[{"damage":1,"enemies":"Cultist","floor":1,"turns":4},{"damage":4,"enemies":"Small Slimes","floor":2,"turns":4},{"damage":1,"enemies":"2 Louse","floor":3,"turns":3},{"damage":31,"enemies":"Lagavulin","floor":6,"turns":8},{"damage":32,"enemies":"Gremlin Gang","floor":7,"turns":3}],"seed_played":"-8033039097950271186","potions_obtained":[{"floor":0,"key":"Ancient Potion"},{"floor":0,"key":"FearPotion"}],"is_trial":false,"path_per_floor":["M","M","M","?","?","E","M"],"character_chosen":"DEFECT","items_purchased":[],"campfire_rested":0,"item_purchase_floors":[],"current_hp_per_floor":[63,66,71,53,53,29,0],"gold":174,"neow_bonus":"THREE_SMALL_POTIONS","is_prod":false,"is_daily":false,"chose_seed":false,"campfire_upgraded":0,"win_rate":0,"timestamp":1547079667,"path_taken":["M","?","M","?","?","E","M"],"build_version":"2019-01-03v4","purchased_purges":0,"victory":false,"max_hp_per_floor":[71,71,71,71,71,71,71],"card_choices":[{"not_picked":["Leap","Go for the Eyes"],"picked":"Self Repair","floor":1},{"not_picked":["Redo","Coolheaded"],"picked":"Streamline","floor":2},{"not_picked":["Sweeping Beam","Auto Shields"],"picked":"Genetic Algorithm","floor":3},{"not_picked":["Conserve Battery","Compile Driver"],"picked":"Defragment","floor":6}],"player_experience":718914,"relics_obtained":[{"floor":6,"key":"Dodecahedron"}],"event_choices":[{"damage_healed":0,"gold_gain":0,"player_choice":"Success","damage_taken":18,"relics_obtained":["Juzu Bracelet"],"max_hp_gain":0,"max_hp_loss":0,"event_name":"Scrap Ooze","floor":4,"gold_loss":0},{"damage_healed":0,"gold_gain":0,"player_choice":"Forge","damage_taken":0,"max_hp_gain":0,"max_hp_loss":0,"event_name":"Accursed Blacksmith","floor":5,"gold_loss":0,"cards_upgraded":["Streamline"]}],"is_beta":false,"boss_relics":[],"items_purged_floors":[],"is_endless":false,"potions_floor_spawned":[1,6],"killed_by":"Gremlin Gang","ascension_level":20}