{"path_per_floor":["M","?","M","$","?","R","M","M","T","M","?","$","M","?","R","B",null,"M","?","?","?","?","E","R","$","T","M","M","M","M","M","R","B",null,"M","?","M","M"],"character_chosen":"IRONCLAD","items_purchased":["Paper Frog"],"gold_per_floor":[115,115,126,51,51,51,70,82,82,98,98,98,114,174,174,279,279,293,293,293,293,293,318,318,72,152,167,180,191,201,217,217,318,318,338,338,357,371],"floor_reached":39,"campfire_rested":2,"playtime":3373,"current_hp_per_floor":[80,80,80,80,80,80,80,80,80,80,80,80,79,70,70,53,80,75,75,75,75,75,39,63,63,63,67,33,34,36,25,49,17,80,76,66,52,31],"items_purged":["Regret"],"gold":371,"play_id":"448a96d0-e3dc-4bed-b4b4-53b83c2a74f2","is_prod":false,"is_daily":false,"is_ascension_mode":false,"campfire_upgraded":2,"path_taken":["M","?","M","$","?","R","M","M","T","M","?","?","M","?","R","BOSS","M","?","?","?","?","E","R","$","T","M","M","M","M","M","R","BOSS","M","?","M","M","M"],"build_version":"2018-01-25-PROD3","purchased_purges":1,"victory":false,"master_deck":["Strike_R+1","Strike_R+1","Strike_R+1","Strike_R+1","Defend_R+1","Defend_R+1","Defend_R+1","Defend_R+1","Bash+1","Iron Wave+1","Spot Weakness+1","Shrug It Off","Heavy Blade","Armaments+1","Limit Break+1","Heavy Blade","Shockwave","Iron Wave","Twin Strike","Writhe","Twin Strike","Battle Trance","Thunderclap","Searing Blow+1","Metallicize","Iron Wave+1","Double Tap","Madness","Madness","Spot Weakness+1"],"max_hp_per_floor":[80,80,80,80,80,80,80,80,80,80,80,80,80,80,80,80,80,80,80,80,80,80,80,80,80,80,80,80,80,80,80,80,80,80,80,80,80,80],"relics":["Black Blood","Dream Catcher","Ginger","Self Forming Clay","Orrery","Kunai","Toxic Egg","Paper Frog","Bottled Lightning"],"card_choices":[{"not_picked":["Anger","Cleave"],"picked":"Iron Wave"},{"not_picked":["Second Wind","Wild Strike"],"picked":"Spot Weakness"},{"not_picked":["Rage","Dual Wield"],"picked":"Shrug It Off"},{"not_picked":["Sword Boomerang","Iron Wave"],"picked":"Heavy Blade"},{"not_picked":["Dual Wield","Searing Blow"],"picked":"Armaments"},{"not_picked":["Bludgeon","Exhume"],"picked":"Limit Break"},{"not_picked":["Sever Soul","Reckless Charge"],"picked":"Heavy Blade"},{"not_picked":["Bloodletting","Shrug It Off"],"picked":"Shockwave"},{"not_picked":["Whirlwind","Thunderclap"],"picked":"Iron Wave"},{"not_picked":["Clash","Fiend Fire"],"picked":"Twin Strike"},{"not_picked":["Perfected Strike","True Grit"],"picked":"Twin Strike"},{"not_picked":["Power Through","Dropkick"],"picked":"Battle Trance"},{"not_picked":["Perfected Strike","Cleave"],"picked":"Thunderclap"},{"not_picked":["Body Slam","Havoc"],"picked":"Searing Blow"},{"not_picked":["Clothesline","Dual Wield"],"picked":"Metallicize"},{"not_picked":["Perfected Strike","Power Through"],"picked":"Iron Wave"},{"not_picked":["Brutality","Berserk"],"picked":"Double Tap"},{"not_picked":["Clothesline","Anger"],"picked":"Spot Weakness"}],"player_experience":109622,"potions_floor_usage":[16,28,30,31,31,33,38,39,39],"damage_taken":[{"damage":4,"enemies":"2 Louse","floor":1,"turns":4},{"damage":5,"enemies":"Jaw Worm","floor":3,"turns":4},{"damage":5,"enemies":"Small Slimes","floor":7,"turns":4},{"damage":5,"enemies":"2 Fungi Beasts","floor":8,"turns":4},{"damage":5,"enemies":"Looter","floor":10,"turns":3},{"damage":7,"enemies":"3 Louse","floor":13,"turns":4},{"damage":15,"enemies":"3 Sentries","floor":14,"turns":7},{"damage":23,"enemies":"Slime Boss","floor":16,"turns":10},{"damage":11,"enemies":"Shell Parasite","floor":18,"turns":5},{"damage":42,"enemies":"Slavers","floor":23,"turns":8},{"damage":2,"enemies":"Chosen","floor":27,"turns":3},{"damage":55,"enemies":"Slaver and Parasite","floor":28,"turns":7},{"damage":5,"enemies":"Centurion and Healer","floor":29,"turns":6},{"damage":4,"enemies":"Snecko","floor":30,"turns":4},{"damage":17,"enemies":"Sentry and Sphere","floor":31,"turns":8},{"damage":38,"enemies":"Champ","floor":33,"turns":16},{"damage":14,"enemies":"Orb Walker","floor":35,"turns":5},{"damage":24,"enemies":"3 Darklings","floor":37,"turns":6},{"damage":31,"enemies":"4 Shapes","floor":38,"turns":7},{"damage":39,"enemies":"Sphere and 2 Shapes","floor":39,"turns":5}],"event_choices":[{"event_name":"Big Fish","player_choice":"Box","floor":2,"damage_taken":0},{"event_name":"Living Wall","player_choice":"Grow","floor":5,"damage_taken":0},{"event_name":"Purifier","player_choice":"One Purge","floor":11,"damage_taken":0},{"event_name":"Dead Adventurer","player_choice":"Searched \u00273\u0027 times","floor":14,"damage_taken":0},{"event_name":"The Lab","player_choice":"Got Potions","floor":19,"damage_taken":0},{"event_name":"The Mausoleum","player_choice":"Yes","floor":20,"damage_taken":0},{"event_name":"Back to Basics","player_choice":"Simplicity","floor":21,"damage_taken":0},{"event_name":"Vampires","player_choice":"Ignored","floor":22,"damage_taken":0},{"event_name":"Winding Halls","player_choice":"Embrace Madness","floor":36,"damage_taken":0}],"boss_relics":[{"not_picked":["Black Star","Eternal Feather"],"picked":"Orrery"},{"not_picked":["Question Card","White Beast Statue"],"picked":"Black Blood"}],"potions_floor_spawned":[7,10,13,16,23,28,31,33,37,38],"seed_played":"-8006952647208955838","killed_by":"Sphere and 2 Shapes","ascension_level":0,"is_trial":false}