{"path_per_floor":["M","?","?","?","M","R","E","R","T","M","E","?","$","T","R","B",null,"M","?","?","M","M","R","E","R","T","M","?","M","E","?","R","B",null,"M","M","?","$","M","T","$","M","T","M","R","M","R","$","R","B"],"character_chosen":"DEFECT","items_purchased":["Melter","Anchor"],"gold_per_floor":[119,119,119,119,131,131,161,161,161,179,204,204,60,109,109,209,209,228,143,143,162,177,177,233,233,233,249,249,259,286,286,286,381,381,398,415,415,159,175,175,50,66,66,82,82,95,95,95,95,95],"floor_reached":51,"campfire_rested":6,"playtime":2315,"item_purchase_floors":[],"current_hp_per_floor":[70,70,67,72,59,59,30,54,54,53,32,16,16,16,55,38,80,65,65,65,64,57,57,28,67,67,59,59,54,46,30,73,41,94,83,82,70,70,37,37,37,37,37,12,55,54,54,54,94,31],"items_purged":["Strike_B","Strike_B","Strike_B"],"gold":95,"score":814,"play_id":"32f5af8e-b41e-4cc7-ac18-2d1a4e36ff87","local_time":"20180611124856","is_prod":false,"is_daily":false,"chose_seed":false,"is_ascension_mode":true,"campfire_upgraded":3,"win_rate":0,"timestamp":1528739336,"campfire_choices":[{"data":"Chaos","floor":6.0,"key":"SMITH"},{"floor":8.0,"key":"REST"},{"floor":15.0,"key":"REST"},{"data":"Capacitor","floor":23,"key":"SMITH"},{"floor":25,"key":"REST"},{"floor":32,"key":"REST"},{"floor":45,"key":"REST"},{"data":"Thunder Strike","floor":47,"key":"SMITH"},{"floor":49,"key":"REST"}],"path_taken":["M","?","?","?","M","R","E","R","T","M","E","?","?","?","R","BOSS","M","?","?","M","?","R","E","R","T","M","?","M","E","?","R","BOSS","M","M","?","$","M","?","$","M","T","?","R","M","R","$","R","BOSS"],"build_version":"2018-06-07v3","seed_source_timestamp":0,"purchased_purges":3,"victory":true,"master_deck":["Strike_B","Defend_B","Defend_B","Defend_B","Defend_B","Zap","Dualcast+1","Static Discharge","Decay","Chaos+1","Machine Learning","Conserve Battery","Glacier+1","Melter","Electrodynamics","Hologram","RitualDagger","Capacitor+1","Cold Snap","Reprogram+1","Defragment","Blizzard","Storm","Thunder Strike+1","Defragment+1","White Noise","Madness","Madness","Compile Driver","Force Field","Hologram+1","Ball Lightning+1"],"max_hp_per_floor":[75,75,75,80,80,80,80,80,80,80,80,80,80,80,80,80,80,80,80,80,80,80,80,80,80,80,80,80,80,94,94,94,94,94,94,94,94,94,94,94,94,94,94,94,94,94,94,94,94,94],"relics":["Nuclear Battery","Question Card","Blue Candle","Toolbox","Letter Opener","Regal Pillow","Runic Dome","Bronze Scales","Tiny Chest","Art of War","Mango","Nilry\u0027s Codex","Inserter","Anchor","Darkstone Periapt","Symbiotic Virus"],"card_choices":[{"not_picked":["Compile Driver","Coolheaded"],"picked":"Static Discharge","floor":1.0},{"not_picked":["Doom and Gloom","Undo","Gash"],"picked":"Chaos","floor":5.0},{"not_picked":["Force Field","Self Repair","Cold Snap"],"picked":"Machine Learning","floor":7.0},{"not_picked":["Rebound","Cold Snap","Static Discharge"],"picked":"Conserve Battery","floor":10.0},{"not_picked":["Leap","Hologram","FTL"],"picked":"Glacier","floor":11.0},{"not_picked":["Seek","Creative AI","Echo Form"],"picked":"Electrodynamics","floor":16.0},{"not_picked":["Beam Cell","Glacier","Skim"],"picked":"Hologram+1","floor":18},{"not_picked":["Doom and Gloom+1","Redo","Rip and Tear"],"picked":"Capacitor","floor":21},{"not_picked":["Gash","Coolheaded","Streamline"],"picked":"Cold Snap","floor":22},{"not_picked":["Sunder","Ball Lightning","Darkness"],"picked":"Reprogram+1","floor":24},{"not_picked":["Leap","Hologram+1","Stack"],"picked":"Defragment","floor":27},{"not_picked":["Cold Snap","Heatsinks","Lockon"],"picked":"Blizzard","floor":29},{"not_picked":["Skim","Heatsinks+1","Conserve Battery"],"picked":"Storm","floor":30},{"not_picked":["Meteor Strike","All For One","Reboot"],"picked":"Thunder Strike","floor":33},{"not_picked":["Streamline","Sweeping Beam+1","Hologram+1"],"picked":"Defragment+1","floor":35},{"not_picked":["Doom and Gloom+1","Gash+1","Aggregate+1"],"picked":"White Noise","floor":36},{"not_picked":["Blizzard","Rip and Tear+1","Ball Lightning+1"],"picked":"Compile Driver","floor":39},{"not_picked":["Storm+1","Leap+1","FTL+1"],"picked":"Force Field","floor":42},{"not_picked":["Gash","Beam Cell+1","Heatsinks"],"picked":"Hologram+1","floor":44},{"not_picked":["Sunder+1","Aggregate","Leap+1"],"picked":"Ball Lightning+1","floor":46}],"player_experience":364176,"potions_floor_usage":[24,30,33,33,36,39,50,50],"damage_taken":[{"damage":5.0,"enemies":"Cultist","floor":1.0,"turns":4.0},{"damage":13.0,"enemies":"Small Slimes","floor":5.0,"turns":3.0},{"damage":29.0,"enemies":"Lagavulin","floor":7.0,"turns":6.0},{"damage":1.0,"enemies":"2 Louse","floor":10.0,"turns":3.0},{"damage":21.0,"enemies":"Gremlin Nob","floor":11.0,"turns":4.0},{"damage":17.0,"enemies":"Hexaghost","floor":16.0,"turns":9.0},{"damage":15,"enemies":"Chosen","floor":18,"turns":4},{"damage":1,"enemies":"Spheric Guardian","floor":21,"turns":4},{"damage":7,"enemies":"Centurion and Healer","floor":22,"turns":7},{"damage":29,"enemies":"Gremlin Leader","floor":24,"turns":8},{"damage":12,"enemies":"Snecko","floor":27,"turns":5},{"damage":5,"enemies":"3 Cultists","floor":29,"turns":5},{"damage":22,"enemies":"Slavers","floor":30,"turns":3},{"damage":32,"enemies":"Automaton","floor":33,"turns":8},{"damage":11,"enemies":"Orb Walker","floor":35,"turns":4},{"damage":1,"enemies":"3 Darklings","floor":36,"turns":3},{"damage":33,"enemies":"Sphere and 2 Shapes","floor":39,"turns":4},{"damage":7,"enemies":"4 Shapes","floor":42,"turns":4},{"damage":25,"enemies":"Maw","floor":44,"turns":5},{"damage":1,"enemies":"Sphere and 2 Shapes","floor":46,"turns":4},{"damage":78,"enemies":"Time Eater","floor":50,"turns":9}],"relics_obtained":[{"floor":7.0,"key":"Blue Candle"},{"floor":9.0,"key":"Toolbox"},{"floor":11.0,"key":"Letter Opener"},{"floor":14.0,"key":"Regal Pillow"},{"floor":24,"key":"Tiny Chest"},{"floor":26,"key":"Art of War"},{"floor":30,"key":"Mango"},{"floor":31,"key":"Nilry\u0027s Codex"},{"floor":40,"key":"Darkstone Periapt"},{"floor":43,"key":"Symbiotic Virus"}],"event_choices":[{"event_name":"Wheel of Change","player_choice":"Curse","floor":2.0,"damage_taken":0.0},{"event_name":"Scrap Ooze","player_choice":"success","floor":3.0,"damage_taken":3.0},{"event_name":"Big Fish","player_choice":"Donut","floor":4.0,"damage_taken":0.0},{"event_name":"Shining Light","player_choice":"Entered Light","floor":12.0,"damage_taken":0.0},{"event_name":"Addict","player_choice":"Obtained Relic","floor":19,"damage_taken":0},{"event_name":"Nest","player_choice":"Joined the Cult","floor":20,"damage_taken":0},{"event_name":"Drug Dealer","player_choice":"Ignored","floor":28,"damage_taken":0},{"event_name":"Cursed Tome","player_choice":"Obtained Book","floor":31,"damage_taken":0},{"event_name":"Winding Halls","player_choice":"Embrace Madness","floor":37,"damage_taken":0}],"boss_relics":[{"not_picked":["Snecko Eye","Runic Pyramid"],"picked":"Runic Dome"},{"not_picked":["Sozu","White Beast Statue"],"picked":"Inserter"}],"items_purged_floors":[],"potions_floor_spawned":[5,11,18,21,29,30,35,44,46],"seed_played":"-901250161516223079","ascension_level":3,"potions_obtained":[{"floor":5.0,"key":"Strength Potion"},{"floor":11.0,"key":"Energy Potion"},{"floor":18,"key":"EssenceOfSteel"},{"floor":21,"key":"Block Potion"},{"floor":29,"key":"PowerPotion"},{"floor":30,"key":"Explosive Potion"},{"floor":35,"key":"Fire Potion"},{"floor":44,"key":"FocusPotion"},{"floor":46,"key":"Regen Potion"}],"is_trial":false}