{"gold_per_floor":[118,136,136,4,21,21,48,68,68,68,93,73,44,44,44,44],"floor_reached":16,"playtime":624,"items_purged":["Pain"],"score":220,"play_id":"3980c83b-50d3-44da-9530-75f408ad74ff","local_time":"20181212222652","is_ascension_mode":true,"campfire_choices":[{"data":"Bash","floor":6,"key":"SMITH"},{"floor":10,"key":"REST"},{"data":"True Grit","floor":15,"key":"SMITH"}],"neow_cost":"NONE","seed_source_timestamp":1593490829863962,"circlet_count":0,"master_deck":["AscendersBane","Strike_R","Strike_R","Strike_R","Strike_R","Strike_R","Defend_R","Defend_R","Defend_R","Defend_R","Bash+1","Rampage","Feel No Pain","Headbutt","Uppercut","Cleave","True Grit+1"],"relics":["Burning Blood","WarpedTongs","Shuriken","Pear","Sundial"],"potions_floor_usage":[11,16],"damage_taken":[{"damage":2,"enemies":"Cultist","floor":1,"turns":4},{"damage":9,"enemies":"2 Louse","floor":2,"turns":4},{"damage":6,"enemies":"Small Slimes","floor":5,"turns":4},{"damage":32,"enemies":"Gremlin Nob","floor":7,"turns":4},{"damage":9,"enemies":"Blue Slaver","floor":8,"turns":4},{"damage":30,"enemies":"Lagavulin","floor":11,"turns":5},{"damage":13,"enemies":"Exordium Thugs","floor":13,"turns":4},{"damage":59,"enemies":"Slime Boss","floor":16,"turns":10}],"seed_played":"-8700833159446803897","potions_obtained":[{"floor":5,"key":"EssenceOfSteel"},{"floor":12,"key":"SmokeBomb"}],"is_trial":false,"path_per_floor":["M","M","?","$","M","R","E","M","T","R","E","?","M","T","R","B"],"character_chosen":"IRONCLAD","items_purchased":["Strength Potion"],"campfire_rested":1,"item_purchase_floors":[4],"current_hp_per_floor":[79,76,76,76,76,76,50,47,47,71,57,57,50,50,50,0],"gold":44,"neow_bonus":"TEN_PERCENT_HP_BONUS","is_prod":false,"is_daily":false,"chose_seed":false,"campfire_upgraded":2,"win_rate":0,"timestamp":1544671612,"path_taken":["M","M","?","$","?","R","E","M","T","R","E","?","?","?","R","BOSS"],"build_version":"2018-12-06","purchased_purges":1,"victory":false,"max_hp_per_floor":[82,82,82,82,82,82,82,82,82,82,92,92,92,92,92,92],"card_choices":[{"not_picked":["Perfected Strike","Warcry"],"picked":"Rampage","floor":1},{"not_picked":["Inflame","Clothesline"],"picked":"Feel No Pain","floor":2},{"not_picked":["Armaments","Spot Weakness"],"picked":"Headbutt","floor":5},{"not_picked":["Evolve","Cleave"],"picked":"Uppercut","floor":7},{"not_picked":["Pommel Strike","Intimidate"],"picked":"Cleave","floor":8},{"not_picked":["Rupture","Clash"],"picked":"True Grit","floor":11},{"not_picked":["Clash","Pommel Strike","Armaments"],"picked":"SKIP","floor":13}],"player_experience":684816,"relics_obtained":[{"floor":7,"key":"Shuriken"},{"floor":11,"key":"Pear"},{"floor":14,"key":"Sundial"}],"event_choices":[{"damage_healed":0,"gold_gain":0,"player_choice":"Rummage","damage_taken":0,"relics_obtained":["WarpedTongs"],"max_hp_gain":0,"max_hp_loss":0,"event_name":"Accursed Blacksmith","floor":3,"gold_loss":0,"cards_obtained":["Pain"]},{"damage_healed":0,"gold_gain":0,"player_choice":"Bought 1 Potion","damage_taken":0,"max_hp_gain":0,"max_hp_loss":0,"event_name":"The Woman in Blue","floor":12,"gold_loss":0}],"is_beta":false,"boss_relics":[],"items_purged_floors":[4],"is_endless":false,"potions_floor_spawned":[5,7,13],"killed_by":"Slime Boss","ascension_level":20}