{"gold_per_floor":[143,158,158,174,349,349,379,379,405,16,41,41,41,61,61,61],"floor_reached":16,"playtime":589,"items_purged":[],"score":198,"play_id":"00209626-8045-4a1d-a1fc-42854dcfaa8d","local_time":"20190218230033","is_ascension_mode":false,"campfire_choices":[{"data":"Cold Snap","floor":6,"key":"SMITH"},{"floor":13,"key":"REST"},{"floor":15,"key":"DIG"}],"neow_cost":"NONE","seed_source_timestamp":333896462708600,"circlet_count":0,"master_deck":["Strike_B","Strike_B","Strike_B","Strike_B","Defend_B","Defend_B","Defend_B","Defend_B","Zap","Dualcast","Parasite","Doubt","Regret","Cold Snap+1","Regret","Go for the Eyes","Doubt","Rebound","Parasite","Glacier","Genetic Algorithm"],"relics":["Calling Bell","Tiny Chest","Shuriken","Thread and Needle","Potion Belt","Oddly Smooth Stone","Juzu Bracelet","Shovel","DataDisk","Bag of Preparation","Regal Pillow"],"potions_floor_usage":[],"damage_taken":[{"damage":2,"enemies":"2 Louse","floor":1,"turns":3},{"damage":2,"enemies":"Jaw Worm","floor":2,"turns":3},{"damage":4,"enemies":"Small Slimes","floor":4,"turns":5},{"damage":53,"enemies":"3 Sentries","floor":7,"turns":12},{"damage":5,"enemies":"Looter","floor":14,"turns":4},{"damage":44,"enemies":"The Guardian","floor":16,"turns":13}],"seed_played":"-2153993542789032943","potions_obtained":[{"floor":7,"key":"SpeedPotion"}],"is_trial":false,"path_per_floor":["M","M","?","M","?","R","E","?","T","$","T","?","R","M","R","B"],"character_chosen":"DEFECT","items_purchased":["Shovel","Glacier"],"campfire_rested":1,"item_purchase_floors":[10,10],"current_hp_per_floor":[73,71,71,67,67,67,14,32,32,32,32,25,47,42,42,0],"gold":61,"neow_bonus":"BOSS_RELIC","is_prod":false,"is_daily":false,"chose_seed":false,"campfire_upgraded":1,"win_rate":0,"timestamp":1550527233,"path_taken":["M","M","?","M","?","R","E","?","T","$","?","?","R","M","R","BOSS"],"build_version":"2019-02-06","purchased_purges":0,"victory":false,"max_hp_per_floor":[75,75,75,75,75,75,75,75,75,75,75,75,75,75,75,75],"card_choices":[{"not_picked":["Steam","Compile Driver","Consume"],"picked":"SKIP","floor":1},{"not_picked":["Compile Driver","Force Field"],"picked":"Cold Snap","floor":2},{"not_picked":["Turbo","Steam"],"picked":"Go for the Eyes","floor":4},{"not_picked":["Loop","Heatsinks"],"picked":"Rebound","floor":7},{"not_picked":["Glacier","Rip and Tear"],"picked":"Genetic Algorithm","floor":14}],"player_experience":232766,"relics_obtained":[{"floor":0,"key":"Tiny Chest"},{"floor":0,"key":"Shuriken"},{"floor":0,"key":"Thread and Needle"},{"floor":7,"key":"Oddly Smooth Stone"},{"floor":9,"key":"Juzu Bracelet"},{"floor":11,"key":"DataDisk"},{"floor":15,"key":"Regal Pillow"}],"event_choices":[{"damage_healed":0,"gold_gain":0,"player_choice":"Box","damage_taken":0,"relics_obtained":["Potion Belt"],"max_hp_gain":0,"max_hp_loss":0,"event_name":"Big Fish","floor":3,"gold_loss":0,"cards_obtained":["Regret"]},{"damage_healed":0,"gold_gain":175,"player_choice":"AGREE","damage_taken":0,"max_hp_gain":0,"max_hp_loss":0,"event_name":"Liars Game","floor":5,"gold_loss":0,"cards_obtained":["Doubt"]},{"damage_healed":18,"gold_gain":0,"player_choice":"Healed and dodged fight","damage_taken":0,"max_hp_gain":0,"max_hp_loss":0,"event_name":"Mushrooms","floor":8,"gold_loss":0,"cards_obtained":["Parasite"]},{"damage_healed":0,"gold_gain":0,"player_choice":"Success","damage_taken":7,"relics_obtained":["Bag of Preparation"],"max_hp_gain":0,"max_hp_loss":0,"event_name":"Scrap Ooze","floor":12,"gold_loss":0}],"is_beta":true,"boss_relics":[],"items_purged_floors":[],"is_endless":false,"potions_floor_spawned":[7],"killed_by":"The Guardian","ascension_level":0}