{"gold_per_floor":[119,131,131,149,149,149,180,180,207,237,237,312,337,349,349,445,445,464,464,464,5,31,63,73,102,128,128],"floor_reached":27,"playtime":1022,"items_purged":[],"score":374,"play_id":"78753404-091f-4653-9ef1-54a828d8e7b3","local_time":"20180704104512","is_ascension_mode":true,"campfire_choices":[{"data":"Zap","floor":6,"key":"SMITH"},{"data":"Dualcast","floor":8,"key":"SMITH"},{"data":"Defragment","floor":15,"key":"SMITH"}],"neow_cost":"","seed_source_timestamp":837955264370688,"circlet_count":0,"master_deck":["Defend_B","Defend_B","Defend_B","Zap+1","Dualcast+1","Self Repair+1","Conserve Battery","Melter","Force Field","Ball Lightning","Defragment+1","Cold Snap","Rainbow","Blizzard+1","Core Surge+1","Steam Power+1","Defragment","RitualDagger","Apotheosis","Leap"],"relics":["Cracked Core","Happy Flower","Singing Bowl","Smiling Mask","Potion Belt","Ancient Tea Set","Astrolabe","Cables","Red Mask","Dream Catcher","Question Card","Regal Pillow"],"potions_floor_usage":[10,13,16,23,23,25],"damage_taken":[{"damage":0,"enemies":"2 Louse","floor":1,"turns":2},{"damage":11,"enemies":"Small Slimes","floor":2,"turns":4},{"damage":4,"enemies":"Jaw Worm","floor":4,"turns":4},{"damage":18,"enemies":"Lagavulin","floor":7,"turns":6},{"damage":12,"enemies":"3 Sentries","floor":10,"turns":10},{"damage":5,"enemies":"Gremlin Nob","floor":13,"turns":4},{"damage":10,"enemies":"2 Fungi Beasts","floor":14,"turns":3},{"damage":11,"enemies":"Slime Boss","floor":16,"turns":8},{"damage":0,"enemies":"Spheric Guardian","floor":18,"turns":2},{"damage":17,"floor":22,"turns":3},{"damage":41,"enemies":"Gremlin Leader","floor":23,"turns":8},{"damage":0,"enemies":"Chosen","floor":24,"turns":4},{"damage":34,"enemies":"Book of Stabbing","floor":25,"turns":5},{"damage":28,"enemies":"3 Cultists","floor":27,"turns":3}],"seed_played":"-2353583550204308769","potions_obtained":[{"floor":1,"key":"Block Potion"},{"floor":7,"key":"Weak Potion"},{"floor":13,"key":"Explosive Potion"},{"floor":16,"key":"Poison Potion"},{"floor":18,"key":"Regen Potion"},{"floor":22,"key":"Weak Potion"},{"floor":25,"key":"SpeedPotion"}],"is_trial":false,"path_per_floor":["M","M","?","M","?","R","E","R","T","E","T","?","E","M","R","B",null,"M","?","?","$","?","E","M","E","T"],"character_chosen":"DEFECT","items_purchased":["Apotheosis","Cables"],"campfire_rested":0,"item_purchase_floors":[21,21],"current_hp_per_floor":[68,64,57,60,60,60,52,52,52,50,50,39,44,44,44,43,67,75,69,69,69,54,25,35,27,27,0],"gold":128,"neow_bonus":"","is_prod":false,"is_daily":false,"chose_seed":false,"campfire_upgraded":3,"win_rate":0,"timestamp":1530719112,"path_taken":["M","M","?","M","?","R","E","R","T","E","?","?","E","?","R","BOSS","M","?","?","$","?","E","M","E","T","M"],"build_version":"2018-06-28","purchased_purges":0,"victory":false,"max_hp_per_floor":[75,75,75,75,75,75,75,75,75,75,75,75,75,75,75,75,75,75,75,75,75,77,79,79,81,81,81],"card_choices":[{"not_picked":["Fusion","Heatsinks"],"picked":"Self Repair","floor":1},{"not_picked":["Consume","Streamline"],"picked":"Conserve Battery","floor":2},{"not_picked":["Streamline","Doom and Gloom"],"picked":"Melter","floor":4},{"not_picked":["Compile Driver","Steam"],"picked":"Force Field","floor":7},{"not_picked":["Coolheaded","Rebound"],"picked":"Ball Lightning","floor":10},{"not_picked":["Seek","Doom and Gloom"],"picked":"Defragment","floor":13},{"not_picked":["Conserve Battery","Rebound"],"picked":"Cold Snap","floor":14},{"not_picked":["Fission","All For One"],"picked":"Rainbow","floor":16},{"not_picked":["Turbo","Conserve Battery"],"picked":"Defragment","floor":18},{"not_picked":["Scrape","Go for the Eyes","Ball Lightning"],"picked":"Singing Bowl","floor":22},{"not_picked":["Gash","FTL+1","Go for the Eyes"],"picked":"Singing Bowl","floor":23},{"not_picked":["Steam","Ball Lightning"],"picked":"Leap","floor":24},{"not_picked":["Rebound","Steam","Conserve Battery"],"picked":"Singing Bowl","floor":25}],"player_experience":416489,"relics_obtained":[{"floor":7,"key":"Happy Flower"},{"floor":9,"key":"Singing Bowl"},{"floor":10,"key":"Smiling Mask"},{"floor":11,"key":"Potion Belt"},{"floor":13,"key":"Ancient Tea Set"},{"floor":22,"key":"Red Mask"},{"floor":23,"key":"Dream Catcher"},{"floor":25,"key":"Question Card"},{"floor":26,"key":"Regal Pillow"}],"event_choices":[{"event_name":"Golden Wing","player_choice":"Card Removal","floor":3,"damage_taken":0},{"event_name":"Upgrade Shrine","player_choice":"Upgraded","floor":5,"damage_taken":0},{"event_name":"World of Goop","player_choice":"Gather Gold","floor":12,"damage_taken":0},{"event_name":"Nest","player_choice":"Joined the Cult","floor":19,"damage_taken":0},{"event_name":"Back to Basics","player_choice":"Elegance","floor":20,"damage_taken":0},{"event_name":"Masked Bandits","player_choice":"Fought over 5 gold","floor":22,"damage_taken":0}],"boss_relics":[{"not_picked":["Calling Bell","Runic Dome"],"picked":"Astrolabe"}],"items_purged_floors":[],"is_endless":false,"potions_floor_spawned":[1,7,13,16,18,22,25],"killed_by":"3 Cultists","ascension_level":8}