{"gold_per_floor":[114,114,87,87,101,136,136,166,166,179,179,205,216,236,236,337,337,356,373,393,403,33,33,60,60,60,60,60,60,33,43,43,138,138,154,31,85,85,95,128,128,142,192,223,223,255,255,255,255,255],"floor_reached":50,"playtime":3518,"items_purged":["Writhe"],"score":912,"play_id":"ae6c85ee-6ca8-48db-95df-a45187b49aa6","local_time":"20190224232222","is_ascension_mode":true,"campfire_choices":[{"data":"Adrenaline","floor":7.0,"key":"SMITH"},{"data":"Footwork","floor":11.0,"key":"SMITH"},{"floor":15.0,"key":"REST"},{"data":"After Image","floor":23.0,"key":"SMITH"},{"data":"Footwork","floor":25.0,"key":"SMITH"},{"data":"Accuracy","floor":27.0,"key":"SMITH"},{"data":"Cloak And Dagger","floor":29.0,"key":"SMITH"},{"floor":32.0,"key":"REST"},{"floor":41.0,"key":"REST"},{"data":"Neutralize","floor":45.0,"key":"SMITH"},{"data":"Panache","floor":49.0,"key":"SMITH"}],"neow_cost":"NONE","seed_source_timestamp":88575263349969,"circlet_count":0,"master_deck":["Survivor","Neutralize+1","Dagger Spray","Slice","Sucker Punch","Footwork+1","Adrenaline+1","Cloak And Dagger+1","Accuracy+1","Escape Plan","Bouncing Flask","Corpse Explosion","Terror","Malaise","Riddle With Holes","Poisoned Stab","Escape Plan","After Image+1","Calculated Gamble","Heel Hook","Venomology","Accuracy+1","Blade Dance","Dash+1","Footwork+1","Accuracy","Blade Dance+1","Accuracy","Accuracy","PiercingWail","Escape Plan+1","Cloak And Dagger+1","Leg Sweep+1","Panache+1"],"special_seed":0,"relics":["Ring of the Snake","NeowsBlessing","Bottled Lightning","Kunai","Shuriken","Mango","Pandora\u0027s Box","Bird Faced Urn","The Courier","Pear","Bag of Preparation","WristBlade","Ginger","Bottled Tornado","Unceasing Top","Ninja Scroll","Prayer Wheel"],"potions_floor_usage":[50,50],"damage_taken":[{"damage":0.0,"enemies":"Small Slimes","floor":1.0,"turns":1.0},{"damage":0.0,"enemies":"Cultist","floor":5.0,"turns":1.0},{"damage":0.0,"enemies":"Gremlin Nob","floor":6.0,"turns":1.0},{"damage":34.0,"enemies":"Lagavulin","floor":8.0,"turns":9.0},{"damage":3.0,"enemies":"Jaw Worm","floor":10.0,"turns":2.0},{"damage":12.0,"enemies":"3 Sentries","floor":12.0,"turns":8.0},{"damage":12.0,"enemies":"Exordium Wildlife","floor":13.0,"turns":5.0},{"damage":1.0,"enemies":"2 Fungi Beasts","floor":14.0,"turns":3.0},{"damage":11.0,"enemies":"The Guardian","floor":16.0,"turns":12.0},{"damage":5.0,"enemies":"Spheric Guardian","floor":18.0,"turns":6.0},{"damage":0.0,"enemies":"Shell Parasite","floor":19.0,"turns":5.0},{"damage":24.0,"enemies":"Chosen and Byrds","floor":20.0,"turns":5.0},{"damage":23.0,"enemies":"Sentry and Sphere","floor":21.0,"turns":4.0},{"damage":4.0,"enemies":"Book of Stabbing","floor":24.0,"turns":6.0},{"damage":9.0,"enemies":"Shelled Parasite and Fungi","floor":31.0,"turns":5.0},{"damage":24.0,"enemies":"Champ","floor":33.0,"turns":10.0},{"damage":0.0,"enemies":"Orb Walker","floor":35.0,"turns":3.0},{"damage":27.0,"enemies":"2 Orb Walkers","floor":37.0,"turns":3.0},{"damage":11.0,"enemies":"3 Darklings","floor":39.0,"turns":3.0},{"damage":69.0,"enemies":"Reptomancer","floor":40.0,"turns":5.0},{"damage":17.0,"enemies":"Sphere and 2 Shapes","floor":42.0,"turns":6.0},{"damage":0.0,"enemies":"Nemesis","floor":44.0,"turns":7.0},{"damage":1.0,"enemies":"Reptomancer","floor":46.0,"turns":6.0},{"damage":94,"enemies":"Donu and Deca","floor":50,"turns":7}],"seed_played":"-1171753653664806749","potions_obtained":[{"floor":5.0,"key":"GhostInAJar"},{"floor":6.0,"key":"Explosive Potion"},{"floor":10.0,"key":"PowerPotion"},{"floor":13.0,"key":"Regen Potion"},{"floor":14.0,"key":"Explosive Potion"},{"floor":33.0,"key":"Poison Potion"},{"floor":37.0,"key":"Fire Potion"},{"floor":42.0,"key":"GhostInAJar"},{"floor":46.0,"key":"Ancient Potion"}],"is_trial":false,"path_per_floor":["M","?","$","?","M","E","R","E","T","M","R","E","M","M","R","B",null,"M","M","M","M","$","R","E","R","T","R","?","R","$","M","R","B",null,"M","$","?","?","M","E","R","M","T","E","R","E","?","T","R","B"],"character_chosen":"THE_SILENT","items_purchased":["Slice","Bird Faced Urn","Footwork","Accuracy","Accuracy"],"campfire_rested":3,"item_purchase_floors":[3,22,22,30,36],"current_hp_per_floor":[63,63,63,63,63,63,63,29,29,26,26,28,16,15,40,29,70,65,65,41,30,30,30,36,36,46,46,46,46,46,49,77,65,87,94,94,78,78,77,24,52,51,51,65,65,78,78,78,78,0],"gold":255,"neow_bonus":"THREE_ENEMY_KILL","is_prod":false,"is_daily":false,"chose_seed":false,"campfire_upgraded":8,"win_rate":0,"timestamp":1551025342,"path_taken":["M","?","$","?","?","E","R","E","T","?","R","E","?","M","R","BOSS","M","M","M","M","$","R","E","R","T","R","?","R","$","M","R","BOSS","M","$","?","?","M","E","R","M","T","E","R","E","?","?","R","BOSS"],"build_version":"2019-01-23","purchased_purges":1,"victory":false,"max_hp_per_floor":[70,70,70,70,70,70,70,70,70,70,70,84,84,84,84,84,84,84,84,84,84,84,84,84,84,94,94,94,94,94,94,94,94,94,94,94,94,94,94,94,94,94,94,94,94,94,94,94,94,94],"card_choices":[{"not_picked":["Choke","Poisoned Stab"],"picked":"Dagger Spray","floor":1.0},{"not_picked":["Underhanded Strike","Expertise"],"picked":"Footwork","floor":5.0},{"not_picked":["Deadly Poison","Choke"],"picked":"Adrenaline","floor":6.0},{"not_picked":["Blade Dance","Grand Finale"],"picked":"Cloak And Dagger","floor":8.0},{"not_picked":["Slice","Backflip"],"picked":"Accuracy","floor":10.0},{"not_picked":["Outmaneuver","Reflex"],"picked":"Escape Plan","floor":12.0},{"not_picked":["Quick Slash","Poisoned Stab","Deadly Poison"],"picked":"SKIP","floor":13.0},{"not_picked":["Outmaneuver","Poisoned Stab"],"picked":"Bouncing Flask","floor":14.0},{"not_picked":["Bullet Time","Glass Knife"],"picked":"Corpse Explosion","floor":16.0},{"not_picked":["Tactician","Outmaneuver"],"picked":"Accuracy+1","floor":18.0},{"not_picked":["Sucker Punch","Finisher"],"picked":"Blade Dance","floor":19.0},{"not_picked":["Bane","Flying Knee"],"picked":"Dash+1","floor":20.0},{"not_picked":["Outmaneuver","Reflex","Quick Slash"],"picked":"SKIP","floor":21.0},{"not_picked":["Quick Slash+1","Bane","Calculated Gamble"],"picked":"SKIP","floor":24.0},{"not_picked":["Dagger Spray","Poisoned Stab","Outmaneuver"],"picked":"SKIP","floor":31.0},{"not_picked":["Corpse Explosion","Night Terror"],"picked":"Envenom","floor":33.0},{"not_picked":["Masterful Stab+1","Deflect+1"],"picked":"Blade Dance+1","floor":35.0},{"not_picked":["Finisher+1","Dodge and Roll"],"picked":"Accuracy","floor":37.0},{"not_picked":["Deflect+1","Slice+1"],"picked":"PiercingWail","floor":39.0},{"not_picked":["Dagger Throw+1","Dash"],"picked":"Escape Plan+1","floor":40.0},{"not_picked":["Flying Knee+1","Expertise+1"],"picked":"Cloak And Dagger+1","floor":42.0},{"not_picked":["Flechettes+1","PiercingWail","Prepared"],"picked":"SKIP","floor":44.0},{"not_picked":["Die Die Die","Noxious Fumes+1"],"picked":"Leg Sweep+1","floor":46.0},{"not_picked":["Dark Shackles","Swift Strike"],"picked":"Panache","floor":47.0}],"player_experience":380342,"relics_obtained":[{"floor":6.0,"key":"Bottled Lightning"},{"floor":8.0,"key":"Kunai"},{"floor":9.0,"key":"Shuriken"},{"floor":12.0,"key":"Mango"},{"floor":24.0,"key":"The Courier"},{"floor":26.0,"key":"Pear"},{"floor":37.0,"key":"Ginger"},{"floor":40.0,"key":"Bottled Tornado"},{"floor":44.0,"key":"Unceasing Top"},{"floor":46.0,"key":"Ninja Scroll"},{"floor":48.0,"key":"Prayer Wheel"}],"event_choices":[{"damage_healed":0.0,"max_hp_gain":0.0,"max_hp_loss":0.0,"gold_gain":0.0,"event_name":"The Cleric","player_choice":"Leave","floor":2.0,"gold_loss":0.0,"damage_taken":0.0},{"damage_healed":0.0,"max_hp_gain":0.0,"max_hp_loss":0.0,"gold_gain":0.0,"cards_transformed":["Strike_G"],"event_name":"Transmorgrifier","player_choice":"Transformed","floor":4.0,"gold_loss":0.0,"damage_taken":0.0,"cards_obtained":["Sucker Punch"]},{"damage_healed":0.0,"max_hp_gain":0.0,"max_hp_loss":0.0,"gold_gain":0.0,"event_name":"The Mausoleum","player_choice":"Opened","floor":28.0,"gold_loss":0.0,"damage_taken":0.0,"relics_obtained":["Bag of Preparation"],"cards_obtained":["Writhe"]},{"damage_healed":0.0,"max_hp_gain":0.0,"max_hp_loss":0.0,"gold_gain":0.0,"event_name":"Mysterious Sphere","player_choice":"Fight","floor":37.0,"gold_loss":0.0,"damage_taken":0.0},{"cards_removed":["Envenom"],"damage_healed":0.0,"max_hp_gain":0.0,"max_hp_loss":0.0,"gold_gain":0.0,"event_name":"Falling","player_choice":"Removed Power","floor":38.0,"gold_loss":0.0,"damage_taken":0.0},{"damage_healed":0.0,"max_hp_gain":0.0,"max_hp_loss":0.0,"gold_gain":0.0,"event_name":"SensoryStone","player_choice":"Memory 1","floor":47.0,"gold_loss":0.0,"damage_taken":0.0}],"is_beta":false,"boss_relics":[{"not_picked":["Velvet Choker","White Beast Statue"],"picked":"Pandora\u0027s Box"},{"not_picked":["Empty Cage","Ring of the Serpent"],"picked":"WristBlade"}],"items_purged_floors":[36],"is_endless":false,"potions_floor_spawned":[5,6,10,13,14,18,33,37,42,46],"killed_by":"Donu and Deca","ascension_level":8}