{"gold_per_floor":[119,139,159,175,175,175,190,221,221,221,241,267,30,30,30,103,103,116,41,54,64,64,64],"floor_reached":23,"playtime":1152,"items_purged":["Strike_G"],"score":335,"play_id":"23639fc8-9032-40d3-969e-a383b845c832","local_time":"20180929001558","is_ascension_mode":true,"campfire_choices":[{"data":"Noxious Fumes","floor":6,"key":"SMITH"},{"floor":10,"key":"REST"},{"data":"Noxious Fumes","floor":15,"key":"SMITH"}],"neow_cost":"NONE","seed_source_timestamp":453427006672348,"circlet_count":0,"master_deck":["Defend_G","Defend_G","Defend_G","Defend_G","Defend_G","Strike_G","Strike_G","Strike_G","Survivor","Neutralize","AscendersBane","Malaise","Blade Dance","Quick Slash","Caltrops","Noxious Fumes+1","Poisoned Stab","Calculated Gamble","Noxious Fumes+1","Dagger Throw","Deadly Poison","Noxious Fumes","A Thousand Cuts","Cloak And Dagger+1","Backflip+1","PiercingWail","Decay"],"relics":["Ring of the Serpent","Shuriken","Boot","Anchor","Ancient Tea Set"],"potions_floor_usage":[4,7,16,18,21,23],"damage_taken":[{"damage":0,"enemies":"2 Louse","floor":1,"turns":4},{"damage":1,"enemies":"Small Slimes","floor":2,"turns":4},{"damage":7,"enemies":"Jaw Worm","floor":3,"turns":7},{"damage":6,"enemies":"Exordium Thugs","floor":4,"turns":5},{"damage":16,"enemies":"Red Slaver","floor":7,"turns":5},{"damage":14,"enemies":"Gremlin Nob","floor":8,"turns":4},{"damage":10,"enemies":"3 Louse","floor":11,"turns":4},{"damage":11,"enemies":"3 Sentries","floor":12,"turns":6},{"damage":2,"enemies":"Hexaghost","floor":16,"turns":7},{"damage":36,"enemies":"2 Thieves","floor":18,"turns":4},{"damage":5,"enemies":"Chosen","floor":20,"turns":5},{"damage":13,"enemies":"Centurion and Healer","floor":21,"turns":6},{"damage":3,"enemies":"Book of Stabbing","floor":23,"turns":2}],"seed_played":"8374053230378864091","potions_obtained":[{"floor":1,"key":"LiquidBronze"},{"floor":2,"key":"Strength Potion"},{"floor":4,"key":"GamblersBrew"},{"floor":12,"key":"Energy Potion"},{"floor":16,"key":"Energy Potion"},{"floor":18,"key":"Energy Potion"}],"is_trial":false,"path_per_floor":["M","M","M","M","?","R","M","E","T","R","M","E","$","?","R","B",null,"M","$","M","M","?"],"character_chosen":"THE_SILENT","items_purchased":["Deadly Poison","Ancient Tea Set","Noxious Fumes"],"campfire_rested":1,"item_purchase_floors":[13,13,13],"current_hp_per_floor":[63,62,55,49,42,42,26,12,12,33,23,12,12,12,12,10,55,19,19,14,1,1,0],"gold":64,"neow_bonus":"ONE_RANDOM_RARE_CARD","is_prod":false,"is_daily":false,"chose_seed":false,"campfire_upgraded":2,"win_rate":0,"timestamp":1538194558,"path_taken":["M","M","M","M","?","R","M","E","T","R","M","E","$","?","R","BOSS","M","?","M","M","?","E"],"build_version":"2018-09-27","purchased_purges":1,"victory":false,"max_hp_per_floor":[70,70,70,70,70,70,70,70,70,70,70,70,70,70,70,70,70,70,70,70,70,70,70],"card_choices":[{"not_picked":["Bane","Accuracy"],"picked":"Blade Dance","floor":1},{"not_picked":["Prepared","Setup"],"picked":"Quick Slash","floor":2},{"not_picked":["Predator","Calculated Gamble"],"picked":"Caltrops","floor":3},{"not_picked":["Masterful Stab","Blade Dance"],"picked":"Noxious Fumes","floor":4},{"not_picked":["Bane","Finisher"],"picked":"Poisoned Stab","floor":7},{"not_picked":["Bane","Choke"],"picked":"Calculated Gamble","floor":8},{"not_picked":["Bane","Finisher"],"picked":"Noxious Fumes","floor":11},{"not_picked":["Expertise","Glass Knife"],"picked":"Dagger Throw","floor":12},{"not_picked":["Tools of the Trade","Unload"],"picked":"A Thousand Cuts","floor":16},{"not_picked":["Blur","Accuracy"],"picked":"Cloak And Dagger+1","floor":18},{"not_picked":["Bane","Well Laid Plans+1"],"picked":"Backflip+1","floor":20},{"not_picked":["Dash","Prepared"],"picked":"PiercingWail","floor":21}],"player_experience":512697,"relics_obtained":[{"floor":8,"key":"Shuriken"},{"floor":9,"key":"Boot"},{"floor":12,"key":"Anchor"}],"event_choices":[{"event_name":"Golden Wing","player_choice":"Card Removal","floor":5,"damage_taken":0},{"event_name":"The Cleric","player_choice":"Leave","floor":14,"damage_taken":0},{"event_name":"Forgotten Altar","player_choice":"Smashed Altar","floor":22,"damage_taken":0}],"is_beta":false,"boss_relics":[{"not_picked":["Orrery","WristBlade"],"picked":"Ring of the Serpent"}],"items_purged_floors":[19],"is_endless":false,"potions_floor_spawned":[1,2,4,12,16,18],"killed_by":"Book of Stabbing","ascension_level":13}