{"gold_per_floor":[115,115,80,100,115,145,175],"floor_reached":7,"playtime":258,"items_purged":[],"score":69,"play_id":"55aae3c9-42a9-404f-99be-1b2dc31e0469","local_time":"20181205012737","is_ascension_mode":true,"campfire_choices":[],"neow_cost":"NONE","seed_source_timestamp":541855257544222,"circlet_count":0,"master_deck":["Strike_B","Strike_B","Strike_B","Defend_B","Defend_B","Defend_B","Defend_B","Zap","Dualcast","Capacitor","Darkness","Defragment","Coolheaded","Go for the Eyes"],"relics":["Cracked Core","NeowsBlessing","Unceasing Top","PreservedInsect"],"potions_floor_usage":[7,7],"damage_taken":[{"damage":0,"enemies":"2 Louse","floor":1,"turns":1},{"damage":0,"enemies":"Cultist","floor":4,"turns":1},{"damage":0,"enemies":"Jaw Worm","floor":5,"turns":1},{"damage":49,"enemies":"Lagavulin","floor":6,"turns":7},{"damage":27,"enemies":"Lagavulin Event","floor":7,"turns":5}],"seed_played":"-4626986542611014677","potions_obtained":[{"floor":4,"key":"FocusPotion"},{"floor":6,"key":"PowerPotion"}],"is_trial":false,"path_per_floor":["M","?","$","M","M","E","?"],"character_chosen":"DEFECT","items_purchased":["Darkness"],"campfire_rested":0,"item_purchase_floors":[3],"current_hp_per_floor":[68,68,68,68,68,19,0],"gold":175,"neow_bonus":"THREE_ENEMY_KILL","is_prod":false,"is_daily":false,"chose_seed":false,"campfire_upgraded":0,"win_rate":0,"timestamp":1543940857,"path_taken":["M","?","$","M","?","E","?"],"build_version":"2018-11-15","purchased_purges":0,"victory":false,"max_hp_per_floor":[75,75,75,75,75,75,75],"card_choices":[{"not_picked":["Barrage","Coolheaded"],"picked":"Capacitor","floor":1},{"not_picked":["Stack","Scrape"],"picked":"Defragment","floor":4},{"not_picked":["Stack","Reprogram"],"picked":"Coolheaded","floor":5},{"not_picked":["Loop","Melter"],"picked":"Go for the Eyes","floor":6}],"player_experience":169191,"relics_obtained":[{"floor":6,"key":"Unceasing Top"}],"event_choices":[{"cards_removed":["Strike_B"],"damage_healed":0,"gold_gain":0,"player_choice":"Offered Basic","damage_taken":0,"max_hp_gain":0,"max_hp_loss":0,"event_name":"Bonfire Elementals","floor":2,"gold_loss":0},{"damage_healed":0,"gold_gain":30,"player_choice":"Searched \u00273\u0027 times","damage_taken":0,"relics_obtained":["PreservedInsect"],"max_hp_gain":0,"max_hp_loss":0,"event_name":"Dead Adventurer","floor":7,"gold_loss":0}],"is_beta":false,"boss_relics":[],"items_purged_floors":[],"is_endless":false,"potions_floor_spawned":[4,6],"killed_by":"Lagavulin Event","ascension_level":7}