{"gold_per_floor":[109,41,56,74,74,106,106,123,123,135,60,90,60,60,60,156,156,168,179,197,197,28,28],"floor_reached":23,"playtime":1688,"items_purged":["Writhe"],"score":201,"play_id":"4b8eb76a-77af-4b5c-bf13-880c902f78b6","local_time":"20190207140307","is_ascension_mode":false,"campfire_choices":[{"data":"True Grit","floor":7,"key":"SMITH"},{"floor":15,"key":"REST"}],"neow_cost":"CURSE","seed_source_timestamp":811608393546800,"circlet_count":0,"master_deck":["Strike_R","Strike_R","Strike_R","Strike_R","Defend_R","Defend_R","Defend_R","Defend_R","Bash","Impervious","True Grit+1","Metallicize","Body Slam","Ghostly Armor","Juggernaut","Armaments","Shame","Apotheosis"],"relics":["Black Blood","Juzu Bracelet","Gambling Chip","Blue Candle"],"potions_floor_usage":[12,16,16,16,20],"damage_taken":[{"damage":5,"enemies":"Cultist","floor":1,"turns":4},{"damage":11,"enemies":"Jaw Worm","floor":3,"turns":7},{"damage":3,"enemies":"Small Slimes","floor":4,"turns":7},{"damage":43,"enemies":"3 Sentries","floor":6,"turns":16},{"damage":2,"enemies":"Blue Slaver","floor":8,"turns":6},{"damage":10,"enemies":"Exordium Wildlife","floor":10,"turns":8},{"damage":35,"enemies":"Gremlin Nob","floor":12,"turns":6},{"damage":0,"enemies":"Looter","floor":13,"turns":4},{"damage":54,"enemies":"The Guardian","floor":16,"turns":26},{"damage":44,"enemies":"3 Byrds","floor":18,"turns":7},{"damage":8,"enemies":"Chosen","floor":19,"turns":6},{"damage":21,"enemies":"Centurion and Healer","floor":20,"turns":14},{"damage":46,"enemies":"Gremlin Leader","floor":23,"turns":3}],"seed_played":"-1298229093594872443","potions_obtained":[{"floor":1,"key":"Dexterity Potion"},{"floor":3,"key":"Poison Potion"},{"floor":10,"key":"Regen Potion"},{"floor":12,"key":"Explosive Potion"},{"floor":18,"key":"Weak Potion"}],"is_trial":false,"path_per_floor":["M","$","M","M","$","E","R","M","T","M","$","E","M","?","R","B",null,"M","M","M","?","$","E"],"character_chosen":"IRONCLAD","items_purchased":["Metallicize","Apotheosis"],"campfire_rested":1,"item_purchase_floors":[2,22],"current_hp_per_floor":[80,80,75,78,78,41,41,45,45,41,41,12,18,18,42,9,80,46,48,37,37,37,0],"gold":28,"neow_bonus":"THREE_RARE_CARDS","is_prod":false,"is_daily":false,"chose_seed":false,"campfire_upgraded":1,"win_rate":0,"timestamp":1549544587,"path_taken":["M","$","M","M","?","E","R","M","T","M","$","E","M","?","R","BOSS","M","M","M","?","$","E"],"build_version":"2019-02-06","purchased_purges":1,"victory":false,"max_hp_per_floor":[80,80,80,80,80,80,80,80,80,80,80,80,80,80,80,80,80,80,80,80,80,80,80],"card_choices":[{"not_picked":["Dark Embrace","Bludgeon"],"picked":"Impervious","floor":0},{"not_picked":["Uppercut","Infernal Blade"],"picked":"True Grit","floor":1},{"not_picked":["Cleave","Sword Boomerang"],"picked":"Body Slam","floor":3},{"not_picked":["Clash","Infernal Blade","Heavy Blade"],"picked":"SKIP","floor":4},{"not_picked":["Pummel","Clothesline","Heavy Blade"],"picked":"SKIP","floor":6},{"not_picked":["Sword Boomerang","Body Slam","Clash"],"picked":"SKIP","floor":8},{"not_picked":["Bloodletting","Immolate"],"picked":"Ghostly Armor","floor":10},{"not_picked":["Havoc","Heavy Blade","Feel No Pain"],"picked":"SKIP","floor":12},{"not_picked":["Dual Wield","Rampage","Cleave"],"picked":"SKIP","floor":13},{"not_picked":["Immolate","Demon Form"],"picked":"Juggernaut","floor":16},{"not_picked":["Thunderclap","Blood for Blood","Headbutt"],"picked":"SKIP","floor":18},{"not_picked":["Twin Strike","Sword Boomerang+1","Clash+1"],"picked":"SKIP","floor":19},{"not_picked":["Warcry+1","Corruption"],"picked":"Armaments","floor":20}],"player_experience":189596,"relics_obtained":[{"floor":6,"key":"Juzu Bracelet"},{"floor":12,"key":"Gambling Chip"}],"event_choices":[{"cards_removed":["Strike_R"],"damage_healed":0,"gold_gain":0,"player_choice":"Forget","damage_taken":0,"max_hp_gain":0,"max_hp_loss":0,"event_name":"Living Wall","floor":14,"gold_loss":0},{"damage_healed":0,"gold_gain":0,"player_choice":"Stole Relic","damage_taken":0,"relics_obtained":["Blue Candle"],"max_hp_gain":0,"max_hp_loss":0,"event_name":"Addict","floor":21,"gold_loss":0,"cards_obtained":["Shame"]}],"is_beta":true,"boss_relics":[{"not_picked":["Runic Cube","Coffee Dripper"],"picked":"Black Blood"}],"items_purged_floors":[11],"is_endless":false,"potions_floor_spawned":[1,3,10,12,18],"killed_by":"Gremlin Leader","ascension_level":0}