{"gold_per_floor":[109,109,122,136,149,149,162,195,195,195,220,236,236,253,253,358,358,375,13,13,32,32,32,58,58,81,81,92,125,139,152,152,253,253,273,273,273,287,301,332,332,352,400,427,24,0,13,113,113,113],"floor_reached":51,"playtime":2730,"items_purged":["Pain"],"score":1148,"play_id":"9f7dfa1d-e9ca-44c2-8c22-36ef575012fd","local_time":"20190225181239","is_ascension_mode":true,"campfire_choices":[{"data":"Perfected Strike","floor":6.0,"key":"SMITH"},{"data":"Inflame","floor":10.0,"key":"SMITH"},{"data":"Bash","floor":13.0,"key":"SMITH"},{"data":"Perfected Strike","floor":15.0,"key":"SMITH"},{"data":"Perfected Strike","floor":23.0,"key":"SMITH"},{"data":"Battle Trance","floor":25.0,"key":"SMITH"},{"data":"Shrug It Off","floor":27.0,"key":"SMITH"},{"floor":32.0,"key":"REST"},{"data":"Brutality","floor":41,"key":"SMITH"},{"data":"Blind","floor":49,"key":"SMITH"}],"neow_cost":"NONE","seed_source_timestamp":19172647333037,"circlet_count":0,"master_deck":["Strike_R","Strike_R","Strike_R","Strike_R","Strike_R","Defend_R","Defend_R","Defend_R","Defend_R","Bash+1","Perfected Strike+1","Inflame+1","Pommel Strike","Perfected Strike+1","Perfected Strike+1","Perfected Strike+1","Shrug It Off+1","Bludgeon+1","Blood for Blood+1","Offering","Battle Trance+1","Inflame","Pommel Strike+1","Pommel Strike+1","Brutality+1","Thunderclap+1","Madness","Madness","Flame Barrier+1","Clothesline+1","Thunderclap+1","Perfected Strike+1","Blind+1"],"special_seed":0,"relics":["Burning Blood","Anchor","Bottled Tornado","Thread and Needle","Molten Egg 2","Cursed Key","Sling","Torii","Singing Bowl","PreservedInsect","Mummified Hand","Runic Cube","Incense Burner","Ancient Tea Set","Oddly Smooth Stone","Pen Nib","Red Mask","Pocketwatch"],"potions_floor_usage":[33,33,44,50],"damage_taken":[{"damage":1.0,"enemies":"2 Louse","floor":1.0,"turns":3.0},{"damage":1.0,"enemies":"Cultist","floor":3.0,"turns":3.0},{"damage":2.0,"enemies":"Jaw Worm","floor":4.0,"turns":3.0},{"damage":5.0,"enemies":"3 Louse","floor":5.0,"turns":4.0},{"damage":0.0,"enemies":"Large Slime","floor":7.0,"turns":4.0},{"damage":15.0,"enemies":"3 Sentries","floor":8.0,"turns":5.0},{"damage":16.0,"enemies":"Lagavulin","floor":11.0,"turns":3.0},{"damage":8.0,"enemies":"Gremlin Gang","floor":12.0,"turns":4.0},{"damage":0.0,"enemies":"2 Fungi Beasts","floor":14.0,"turns":3.0},{"damage":24.0,"enemies":"The Guardian","floor":16.0,"turns":6.0},{"damage":16.0,"enemies":"2 Thieves","floor":18.0,"turns":3.0},{"damage":6.0,"enemies":"3 Byrds","floor":21.0,"turns":5.0},{"damage":29.0,"enemies":"Slavers","floor":24.0,"turns":4.0},{"damage":9.0,"enemies":"Snake Plant","floor":28.0,"turns":2.0},{"damage":6.0,"enemies":"Book of Stabbing","floor":29.0,"turns":2.0},{"damage":6.0,"enemies":"Centurion and Healer","floor":30.0,"turns":3.0},{"damage":6.0,"enemies":"Cultist and Chosen","floor":31.0,"turns":3.0},{"damage":34,"enemies":"Automaton","floor":33,"turns":5},{"damage":1,"enemies":"Orb Walker","floor":35,"turns":2},{"damage":6,"enemies":"3 Darklings","floor":38,"turns":2},{"damage":8,"enemies":"4 Shapes","floor":39,"turns":3},{"damage":1,"enemies":"Reptomancer","floor":40,"turns":2},{"damage":8,"enemies":"Writhing Mass","floor":42,"turns":2},{"damage":15,"enemies":"Giant Head","floor":44,"turns":5},{"damage":7,"enemies":"Jaw Worm Horde","floor":47,"turns":2},{"damage":1,"enemies":"Mind Bloom Boss Battle","floor":48,"turns":2},{"damage":35,"enemies":"Donu and Deca","floor":50,"turns":6}],"seed_played":"7716409967652195233","potions_obtained":[{"floor":1.0,"key":"SteroidPotion"},{"floor":2.0,"key":"PowerPotion"},{"floor":2.0,"key":"LiquidBronze"},{"floor":8.0,"key":"Fire Potion"},{"floor":11.0,"key":"SkillPotion"},{"floor":14.0,"key":"Block Potion"},{"floor":21.0,"key":"Fire Potion"},{"floor":29.0,"key":"LiquidBronze"},{"floor":31.0,"key":"GamblersBrew"},{"floor":35,"key":"Energy Potion"},{"floor":39,"key":"LiquidBronze"},{"floor":40,"key":"Strength Potion"}],"is_trial":false,"path_per_floor":["M","?","M","M","M","R","M","E","T","R","E","M","R","M","R","B",null,"M","$","?","M","?","R","E","R","T","R","M","E","M","M","R","B",null,"M","?","?","M","M","E","R","M","T","E","$","?","M","?","R","B",null],"character_chosen":"IRONCLAD","items_purchased":["Offering","Sling","Pen Nib","Thunderclap+1","Perfected Strike+1","Blind"],"campfire_rested":1,"item_purchase_floors":[19,19,45,45,45,45],"current_hp_per_floor":[77,77,80,80,80,80,80,71,71,71,61,59,59,65,65,47,72,62,62,62,62,62,62,39,39,39,39,38,38,38,38,62,34,70,75,65,65,67,65,72,72,72,72,63,63,63,64,71,71,42],"gold":113,"neow_bonus":"RANDOM_COMMON_RELIC","is_prod":false,"is_daily":false,"chose_seed":false,"campfire_upgraded":9,"win_rate":0,"timestamp":1551093159,"path_taken":["M","?","M","M","M","R","?","E","T","R","E","M","R","M","R","BOSS","M","$","?","M","?","R","E","R","T","R","M","E","M","M","R","BOSS","M","?","?","?","?","E","R","M","T","E","$","?","M","?","R","BOSS"],"build_version":"2019-01-23","purchased_purges":1,"victory":true,"max_hp_per_floor":[80,80,80,80,80,80,80,80,80,80,80,80,80,80,80,80,80,80,80,80,80,80,80,80,80,80,80,82,82,82,82,82,82,82,82,82,82,84,84,86,86,88,88,88,88,88,90,92,92,92],"card_choices":[{"not_picked":["Entrench","Sentinel"],"picked":"Perfected Strike","floor":1.0},{"not_picked":["Iron Wave","Seeing Red"],"picked":"Inflame","floor":3.0},{"not_picked":["Fire Breathing","Carnage"],"picked":"Pommel Strike","floor":4.0},{"not_picked":["Rupture","Sentinel"],"picked":"Perfected Strike","floor":5.0},{"not_picked":["Warcry","Cleave"],"picked":"Perfected Strike","floor":7.0},{"not_picked":["Sword Boomerang","Berserk","Seeing Red"],"picked":"SKIP","floor":8.0},{"not_picked":["Burning Pact","Reaper"],"picked":"Perfected Strike","floor":11.0},{"not_picked":["Armaments","Warcry"],"picked":"Shrug It Off","floor":12.0},{"not_picked":["Armaments","Feel No Pain","Flex"],"picked":"SKIP","floor":14.0},{"not_picked":["Berserk","Fiend Fire+1"],"picked":"Bludgeon+1","floor":16.0},{"not_picked":["Sword Boomerang+1","Rage"],"picked":"Blood for Blood+1","floor":18.0},{"not_picked":["Searing Blow+1","Reckless Charge+1","Metallicize"],"picked":"SKIP","floor":21.0},{"not_picked":["Warcry","Pommel Strike+1"],"picked":"Battle Trance","floor":24.0},{"not_picked":["Body Slam+1","Rage","Sword Boomerang+1"],"picked":"Singing Bowl","floor":28.0},{"not_picked":["Dropkick+1","Evolve"],"picked":"Inflame","floor":29.0},{"not_picked":["Perfected Strike+1","Twin Strike+1"],"picked":"Pommel Strike+1","floor":30.0},{"not_picked":["Flex+1","Armaments+1"],"picked":"Pommel Strike+1","floor":31.0},{"not_picked":["Juggernaut","Limit Break"],"picked":"Brutality","floor":33},{"not_picked":["Twin Strike+1","Dropkick+1"],"picked":"Thunderclap+1","floor":35},{"not_picked":["Headbutt+1","Iron Wave+1","Heavy Blade+1"],"picked":"Singing Bowl","floor":38},{"not_picked":["Body Slam+1","True Grit"],"picked":"Flame Barrier+1","floor":39},{"not_picked":["Havoc","Iron Wave+1","Rampage+1"],"picked":"Singing Bowl","floor":40},{"not_picked":["Flex","Feel No Pain+1","Armaments+1"],"picked":"Singing Bowl","floor":42},{"not_picked":["Juggernaut","Armaments"],"picked":"Clothesline+1","floor":44},{"not_picked":["Havoc","True Grit+1","Cleave+1"],"picked":"Singing Bowl","floor":47},{"not_picked":["Anger+1","Flex+1","Iron Wave+1"],"picked":"Singing Bowl","floor":48}],"player_experience":383860,"relics_obtained":[{"floor":8.0,"key":"Bottled Tornado"},{"floor":9.0,"key":"Thread and Needle"},{"floor":11.0,"key":"Molten Egg 2"},{"floor":24.0,"key":"Singing Bowl"},{"floor":26.0,"key":"PreservedInsect"},{"floor":29.0,"key":"Mummified Hand"},{"floor":40,"key":"Incense Burner"},{"floor":43,"key":"Ancient Tea Set"},{"floor":44,"key":"Oddly Smooth Stone"},{"floor":48,"key":"Pocketwatch"}],"event_choices":[{"damage_healed":0.0,"max_hp_gain":0.0,"max_hp_loss":0.0,"gold_gain":0.0,"event_name":"Lab","player_choice":"Got Potions","floor":2.0,"gold_loss":0.0,"damage_taken":0.0},{"damage_healed":0.0,"max_hp_gain":0.0,"max_hp_loss":0.0,"gold_gain":0.0,"event_name":"Addict","player_choice":"Stole Relic","floor":20.0,"gold_loss":0.0,"damage_taken":0.0,"relics_obtained":["Torii"],"cards_obtained":["Shame"]},{"cards_removed":["Shame"],"damage_healed":0.0,"max_hp_gain":0.0,"max_hp_loss":0.0,"gold_gain":0.0,"event_name":"Back to Basics","player_choice":"Elegance","floor":22.0,"gold_loss":0.0,"damage_taken":0.0},{"damage_healed":0,"gold_gain":0,"player_choice":"Embrace Madness","damage_taken":10,"max_hp_gain":0,"max_hp_loss":0,"event_name":"Winding Halls","floor":36,"gold_loss":0,"cards_obtained":["Madness","Madness"]},{"cards_removed":["Doubt"],"damage_healed":0,"gold_gain":0,"player_choice":"Purged","damage_taken":0,"max_hp_gain":0,"max_hp_loss":0,"event_name":"Purifier","floor":37,"gold_loss":0},{"damage_healed":0,"gold_gain":0,"player_choice":"Paid","damage_taken":0,"relics_obtained":["Red Mask"],"max_hp_gain":0,"max_hp_loss":0,"event_name":"Tomb of Lord Red Mask","floor":46,"gold_loss":24},{"damage_healed":0,"gold_gain":0,"player_choice":"Fight","damage_taken":0,"max_hp_gain":0,"max_hp_loss":0,"event_name":"MindBloom","floor":48,"gold_loss":0}],"is_beta":false,"boss_relics":[{"not_picked":["Philosopher\u0027s Stone","Coffee Dripper"],"picked":"Cursed Key"},{"not_picked":["Black Blood","Mark of Pain"],"picked":"Runic Cube"}],"items_purged_floors":[45],"is_endless":false,"potions_floor_spawned":[1,8,11,14,16,21,29,31,35,39,40],"ascension_level":8}