{"gold_per_floor":[114,114,39,6,22,53,65,65,65,90,90,124,124,24,24,122,122,140,90,106,106,106,106,106],"floor_reached":24,"playtime":755,"items_purged":["Strike_B","Strike_B"],"score":326,"play_id":"346631b1-06f3-4328-8f9b-3e6d4b169cbb","local_time":"20180807114248","is_ascension_mode":true,"campfire_choices":[{"floor":8,"key":"REST"},{"floor":15,"key":"REST"},{"floor":23,"key":"REST"}],"neow_cost":"NONE","seed_source_timestamp":219629309202836,"circlet_count":0,"master_deck":["Strike_B","Strike_B","Defend_B","Defend_B","Defend_B","Defend_B","Zap","Dualcast","AscendersBane","Barrage","Ball Lightning","Capacitor","Beam Cell","Biased Cognition","BootSequence","Leap","Stack","Creative AI","Consume","Cold Snap","Writhe"],"relics":["Cracked Core","Torii","Pantograph","DataDisk","Symbiotic Virus","Inserter","Toxic Egg 2","Orichalcum"],"potions_floor_usage":[10,12,24],"damage_taken":[{"damage":4,"enemies":"2 Louse","floor":1,"turns":2},{"damage":11,"enemies":"Cultist","floor":5,"turns":4},{"damage":33,"enemies":"Gremlin Nob","floor":6,"turns":4},{"damage":13,"enemies":"Small Slimes","floor":7,"turns":3},{"damage":30,"enemies":"Lagavulin","floor":10,"turns":6},{"damage":25,"enemies":"Gremlin Nob","floor":12,"turns":4},{"damage":38,"enemies":"Slime Boss","floor":16,"turns":9},{"damage":29,"enemies":"Shell Parasite","floor":18,"turns":5},{"damage":8,"enemies":"3 Byrds","floor":20,"turns":5},{"damage":56,"enemies":"Slavers","floor":24,"turns":3}],"seed_played":"1205810174953085317","potions_obtained":[{"floor":7,"key":"Fruit Juice"},{"floor":10,"key":"Energy Potion"},{"floor":16,"key":"Strength Potion"},{"floor":18,"key":"SneckoOil"}],"is_trial":false,"path_per_floor":["M","?","$","$","M","E","M","R","T","E","?","E","?","$","R","B",null,"M","?","M","T","?","R"],"character_chosen":"DEFECT","items_purchased":["Capacitor"],"campfire_rested":3,"item_purchase_floors":[4],"current_hp_per_floor":[64,64,64,64,53,20,7,29,29,4,30,5,5,5,29,16,64,35,35,27,27,27,51,0],"gold":106,"neow_bonus":"THREE_CARDS","is_prod":false,"is_daily":false,"chose_seed":false,"campfire_upgraded":0,"win_rate":0,"timestamp":1533656568,"path_taken":["M","?","?","$","M","E","M","R","T","E","?","E","?","$","R","BOSS","M","?","?","?","?","R","E"],"build_version":"2018-08-02","purchased_purges":2,"victory":false,"max_hp_per_floor":[75,75,75,75,75,75,75,75,75,80,80,80,80,80,80,80,80,80,80,80,80,80,80,80],"card_choices":[{"not_picked":["Compile Driver","Redo"],"picked":"Barrage","floor":0},{"not_picked":["Barrage","Fusion"],"picked":"Ball Lightning","floor":1},{"not_picked":["Sweeping Beam","Leap"],"picked":"Beam Cell","floor":5},{"not_picked":["Steam","Loop"],"picked":"Biased Cognition","floor":6},{"not_picked":["Hologram","Steam"],"picked":"BootSequence","floor":7},{"not_picked":["Rebound","Barrage"],"picked":"Leap","floor":10},{"not_picked":["Beam Cell","Barrage"],"picked":"Stack","floor":12},{"not_picked":["Rainbow","Biased Cognition"],"picked":"Creative AI","floor":16},{"not_picked":["Compile Driver","Self Repair"],"picked":"Consume","floor":18},{"not_picked":["Fusion","FTL"],"picked":"Cold Snap","floor":20}],"player_experience":440657,"relics_obtained":[{"floor":6,"key":"Torii"},{"floor":9,"key":"Pantograph"},{"floor":10,"key":"DataDisk"},{"floor":12,"key":"Symbiotic Virus"},{"floor":21,"key":"Toxic Egg 2"}],"event_choices":[{"event_name":"WeMeetAgain","player_choice":"Attack","floor":2,"damage_taken":0},{"event_name":"Big Fish","player_choice":"Banana","floor":11,"damage_taken":0},{"event_name":"Shining Light","player_choice":"Ignored","floor":13,"damage_taken":0},{"event_name":"The Joust","player_choice":"Bet on Owner","floor":19,"damage_taken":0},{"event_name":"The Mausoleum","player_choice":"Yes","floor":22,"damage_taken":0}],"is_beta":false,"boss_relics":[{"not_picked":["Runic Dome","Eternal Feather"],"picked":"Inserter"}],"items_purged_floors":[3,14],"is_endless":false,"potions_floor_spawned":[7,10,16,18],"killed_by":"Slavers","ascension_level":11}