{"gold_per_floor":[115,115,115,135,151,151,170,170,251,287,287,331,351,351,351,445,445,464,439,439,68,68,68,93,93,93,93],"floor_reached":27,"playtime":894,"items_purged":["Strike_G"],"score":442,"play_id":"bd2244ca-3257-462c-abb7-ff62c3cd3099","local_time":"20190215123522","is_ascension_mode":true,"campfire_choices":[{"data":"Dagger Spray","floor":6,"key":"SMITH"},{"data":"Footwork","floor":8,"key":"SMITH"},{"data":"Neutralize","floor":11,"key":"SMITH"},{"floor":15,"key":"REST"},{"floor":23,"key":"REST"}],"neow_cost":"NONE","seed_source_timestamp":97169867973678,"circlet_count":0,"master_deck":["AscendersBane","Defend_G+1","Defend_G","Defend_G+1","Defend_G","Defend_G","Strike_G","Strike_G","Strike_G","Survivor","Neutralize+1","Dagger Throw","Neutralize","Footwork+1","Dagger Spray+1","Caltrops","Backflip","Leg Sweep","Well Laid Plans+1","Malaise","Crippling Poison","PiercingWail","Catalyst","Escape Plan","Cloak And Dagger","Glass Knife","Infinite Blades+1","Crippling Poison","Finesse","Malaise","Dodge and Roll","Prepared"],"relics":["Ring of the Snake","NeowsBlessing","Golden Idol","Frozen Egg 2","War Paint","Bronze Scales","Orrery","Omamori","Anchor"],"potions_floor_usage":[12,27],"damage_taken":[{"damage":0,"enemies":"Small Slimes","floor":1,"turns":1},{"damage":0,"enemies":"2 Louse","floor":4,"turns":1},{"damage":0,"enemies":"Cultist","floor":5,"turns":1},{"damage":5,"enemies":"Exordium Thugs","floor":7,"turns":5},{"damage":21,"enemies":"3 Sentries","floor":10,"turns":6},{"damage":18,"enemies":"Gremlin Nob","floor":12,"turns":5},{"damage":0,"enemies":"3 Louse","floor":13,"turns":2},{"damage":5,"enemies":"The Guardian","floor":16,"turns":13},{"damage":0,"enemies":"3 Byrds","floor":18,"turns":4},{"damage":20,"enemies":"2 Thieves","floor":19,"turns":4},{"damage":21,"enemies":"Shelled Parasite and Fungi","floor":24,"turns":8},{"damage":30,"enemies":"Slavers","floor":27,"turns":4}],"seed_played":"7272441870815965283","potions_obtained":[{"floor":7,"key":"EssenceOfSteel"},{"floor":10,"key":"SpeedPotion"},{"floor":12,"key":"Dexterity Potion"}],"is_trial":false,"path_per_floor":["M","?","?","M","M","R","M","R","T","E","R","E","M","T","R","B",null,"M","M","?","$","?","R","M","?","T","E"],"character_chosen":"THE_SILENT","items_purchased":["Crippling Poison","Omamori","Finesse"],"campfire_rested":2,"item_purchase_floors":[21,21,21],"current_hp_per_floor":[59,59,59,59,59,59,54,54,54,33,33,15,15,15,33,28,52,52,32,26,26,26,44,23,23,23,0],"gold":93,"neow_bonus":"THREE_ENEMY_KILL","is_prod":false,"is_daily":false,"chose_seed":false,"campfire_upgraded":3,"win_rate":0,"timestamp":1550252122,"path_taken":["M","?","?","?","M","R","M","R","T","E","R","E","M","?","R","BOSS","M","M","?","?","?","R","?","?","T","E"],"build_version":"2019-01-23","purchased_purges":1,"victory":false,"max_hp_per_floor":[66,60,60,60,60,60,60,60,60,60,60,60,60,60,60,60,60,60,60,60,60,60,60,60,60,60,60],"card_choices":[{"not_picked":["Prepared","Bane"],"picked":"Dagger Throw","floor":1},{"not_picked":["Flechettes","Acrobatics"],"picked":"Footwork","floor":4},{"not_picked":["Endless Agony","Escape Plan"],"picked":"Dagger Spray","floor":5},{"not_picked":["Outmaneuver","Acrobatics"],"picked":"Caltrops","floor":7},{"not_picked":["Finisher","Phantasmal Killer"],"picked":"Backflip","floor":10},{"not_picked":["Terror","Choke"],"picked":"Leg Sweep","floor":12},{"not_picked":["Dagger Spray","Bane"],"picked":"Well Laid Plans+1","floor":13},{"not_picked":["Die Die Die","Phantasmal Killer"],"picked":"Malaise","floor":16},{"not_picked":["Deflect","Poisoned Stab"],"picked":"Crippling Poison","floor":17},{"not_picked":["Expertise","Dagger Spray"],"picked":"PiercingWail","floor":17},{"not_picked":["Backflip","Flying Knee"],"picked":"Catalyst","floor":17},{"not_picked":["Sucker Punch","Slice"],"picked":"Escape Plan","floor":17},{"not_picked":["Acrobatics","Poisoned Stab"],"picked":"Cloak And Dagger","floor":17},{"not_picked":["Acrobatics","Slice"],"picked":"Glass Knife","floor":18},{"not_picked":["Acrobatics","Underhanded Strike"],"picked":"Infinite Blades+1","floor":19},{"not_picked":["Dagger Spray","Catalyst"],"picked":"Dodge and Roll","floor":24}],"player_experience":824516,"relics_obtained":[{"floor":9,"key":"Frozen Egg 2"},{"floor":10,"key":"War Paint"},{"floor":12,"key":"Bronze Scales"},{"floor":26,"key":"Anchor"}],"event_choices":[{"damage_healed":0,"gold_gain":0,"player_choice":"Lose Max HP","damage_taken":0,"relics_obtained":["Golden Idol"],"max_hp_gain":0,"max_hp_loss":6,"event_name":"Golden Idol","floor":2,"gold_loss":0},{"damage_healed":0,"gold_gain":0,"player_choice":"1 cards matched","damage_taken":0,"max_hp_gain":0,"max_hp_loss":0,"event_name":"Match and Keep!","floor":3,"gold_loss":0,"cards_obtained":["Neutralize"]},{"damage_healed":0,"gold_gain":0,"player_choice":"","damage_taken":6,"max_hp_gain":0,"max_hp_loss":0,"event_name":"Knowing Skull","floor":20,"potions_obtained":[],"gold_loss":0,"cards_obtained":[]},{"damage_healed":0,"gold_gain":0,"player_choice":"Copied","damage_taken":0,"max_hp_gain":0,"max_hp_loss":0,"event_name":"Duplicator","floor":22,"gold_loss":0,"cards_obtained":["Malaise"]},{"damage_healed":0,"gold_gain":0,"cards_transformed":["Strike_G"],"player_choice":"Transformed","damage_taken":0,"max_hp_gain":0,"max_hp_loss":0,"event_name":"Transmorgrifier","floor":25,"gold_loss":0,"cards_obtained":["Prepared"]}],"is_beta":false,"boss_relics":[{"not_picked":["Busted Crown","Tiny House"],"picked":"Orrery"}],"items_purged_floors":[21],"is_endless":false,"potions_floor_spawned":[7,10,12,18],"killed_by":"Slavers","ascension_level":20}