{"gold_per_floor":[109,74,86,2,2,34,34,45,68,68,93,113,132,160,160,238,238,249,266,278,278,289,289,315,315,315,365,385,15,27,38,38,112,112,129,176,176,186,186,186,186,186,186,220,234,269,269,279,279,279],"floor_reached":51,"playtime":2291,"items_purged":[],"score":1350,"play_id":"35732100-7107-420b-b60f-b4719a370f29","local_time":"20180930233449","is_ascension_mode":true,"campfire_choices":[{"floor":7,"key":"REST"},{"data":"Noxious Fumes","floor":10,"key":"SMITH"},{"floor":15,"key":"REST"},{"floor":23,"key":"REST"},{"floor":25,"key":"REST"},{"floor":32,"key":"REST"},{"floor":40,"key":"REST"},{"data":"Burst","floor":42,"key":"SMITH"},{"data":"Calculated Gamble","floor":49,"key":"SMITH"}],"neow_cost":"","seed_source_timestamp":622610306020800,"circlet_count":0,"master_deck":["Defend_G","Defend_G","Defend_G","Defend_G","Defend_G","Strike_G","Strike_G","Survivor","Neutralize","AscendersBane","Backstab","Deadly Poison","Noxious Fumes+1","Sucker Punch","Deflect","Bullet Time","Deflect","Poisoned Stab","Corpse Explosion","Endless Agony+1","Bouncing Flask+1","Well Laid Plans","Escape Plan","Backstab+1","Crippling Poison+1","Leg Sweep","Burst+1","Calculated Gamble+1","Crippling Poison","Crippling Poison+1"],"relics":["Ring of the Serpent","Happy Flower","Potion Belt","Tingsha","Bronze Scales","Astrolabe","MutagenicStrength","Ancient Tea Set","Mercury Hourglass","Paper Crane","Gambling Chip","Omamori","Letter Opener","Regal Pillow","Snake Skull"],"potions_floor_usage":[6,14,18,20,20,22,22,24,24,24,33,33,33,36,36,36,45,46,46,46,46,46,46,50,50],"damage_taken":[{"damage":9,"enemies":"Small Slimes","floor":1,"turns":5},{"damage":2,"enemies":"Cultist","floor":3,"turns":5},{"damage":42,"enemies":"Gremlin Nob","floor":6,"turns":5},{"damage":2,"enemies":"Jaw Worm","floor":8,"turns":4},{"damage":19,"enemies":"Lagavulin","floor":11,"turns":8},{"damage":0,"enemies":"Looter","floor":12,"turns":3},{"damage":8,"enemies":"Lots of Slimes","floor":13,"turns":3},{"damage":12,"enemies":"Gremlin Nob","floor":14,"turns":4},{"damage":6,"enemies":"Hexaghost","floor":16,"turns":9},{"damage":20,"enemies":"2 Thieves","floor":18,"turns":5},{"damage":18,"enemies":"Spheric Guardian","floor":19,"turns":4},{"damage":6,"enemies":"Shelled Parasite and Fungi","floor":20,"turns":3},{"damage":14,"enemies":"Centurion and Healer","floor":22,"turns":4},{"damage":17,"enemies":"Gremlin Leader","floor":24,"turns":6},{"damage":4,"enemies":"Snecko","floor":28,"turns":4},{"damage":3,"enemies":"Sentry and Sphere","floor":30,"turns":4},{"damage":0,"enemies":"Centurion and Healer","floor":31,"turns":4},{"damage":27,"enemies":"Champ","floor":33,"turns":9},{"damage":0,"enemies":"3 Shapes","floor":35,"turns":4},{"damage":17,"enemies":"Mysterious Sphere","floor":36,"turns":5},{"damage":21,"enemies":"3 Darklings","floor":38,"turns":4},{"damage":11,"enemies":"2 Orb Walkers","floor":44,"turns":3},{"damage":11,"enemies":"Transient","floor":45,"turns":5},{"damage":17,"enemies":"Giant Head","floor":46,"turns":8},{"damage":7,"enemies":"Maw","floor":48,"turns":6},{"damage":27,"enemies":"Donu and Deca","floor":50,"turns":6}],"seed_played":"8512540640093025056","potions_obtained":[{"floor":3,"key":"Energy Potion"},{"floor":8,"key":"Block Potion"},{"floor":12,"key":"SkillPotion"},{"floor":14,"key":"Dexterity Potion"},{"floor":19,"key":"SteroidPotion"},{"floor":20,"key":"AttackPotion"},{"floor":22,"key":"SteroidPotion"},{"floor":33,"key":"SteroidPotion"},{"floor":38,"key":"AttackPotion"},{"floor":44,"key":"EntropicBrew"}],"is_trial":false,"path_per_floor":["M","?","M","$","?","E","R","M","T","R","E","M","M","E","R","B",null,"M","M","M","?","M","R","E","R","T","?","M","$","M","M","R","B",null,"M","?","T","M","?","R","?","R","T","E","M","E","?","M","R","B"],"character_chosen":"THE_SILENT","items_purchased":["Noxious Fumes","Paper Crane","Leg Sweep"],"campfire_rested":6,"item_purchase_floors":[4,29,29],"current_hp_per_floor":[50,66,64,64,69,27,48,46,46,46,27,27,19,7,28,22,59,39,21,15,15,1,22,5,26,26,26,22,22,19,19,40,13,57,57,40,40,19,19,40,40,40,40,29,18,1,77,70,70,43],"gold":279,"neow_bonus":"","is_prod":false,"is_daily":false,"chose_seed":false,"campfire_upgraded":3,"win_rate":0,"timestamp":1538364889,"path_taken":["M","?","M","?","?","E","R","?","T","R","E","M","M","E","R","BOSS","M","M","M","?","M","R","E","R","T","?","M","$","?","M","R","BOSS","M","?","?","?","?","R","?","R","T","E","?","E","?","M","R","BOSS"],"build_version":"2018-09-27","purchased_purges":0,"victory":true,"max_hp_per_floor":[66,66,66,66,71,71,71,71,71,71,71,71,71,71,71,71,71,71,71,71,71,71,71,71,71,71,71,71,71,71,71,71,71,71,71,71,71,71,71,71,67,67,67,67,67,67,77,77,77,77],"card_choices":[{"not_picked":["Quick Slash","Tactician"],"picked":"Backstab","floor":1},{"not_picked":["Bane","Slice"],"picked":"Deadly Poison","floor":3},{"not_picked":["Distraction","Skewer"],"picked":"Sucker Punch","floor":6},{"not_picked":["Flechettes","Bane"],"picked":"Deflect","floor":8},{"not_picked":["A Thousand Cuts","Dagger Throw"],"picked":"Bullet Time","floor":11},{"not_picked":["Sucker Punch","Finisher"],"picked":"Deflect","floor":12},{"not_picked":["PiercingWail","Acrobatics"],"picked":"Poisoned Stab","floor":13},{"not_picked":["Bane","Acrobatics","Grand Finale"],"picked":"SKIP","floor":14},{"not_picked":["Tools of the Trade","Storm of Steel"],"picked":"Corpse Explosion","floor":16},{"not_picked":["Sucker Punch","Dagger Throw"],"picked":"Well Laid Plans","floor":18},{"not_picked":["Flying Knee","Slice"],"picked":"Escape Plan","floor":19},{"not_picked":["Dagger Spray","Prepared+1","Slice"],"picked":"SKIP","floor":20},{"not_picked":["Poisoned Stab","Deadly Poison"],"picked":"Backstab+1","floor":22},{"not_picked":["Bane+1","Caltrops+1"],"picked":"Crippling Poison+1","floor":24},{"not_picked":["Underhanded Strike","Dagger Throw","Outmaneuver+1"],"picked":"SKIP","floor":28},{"not_picked":["Die Die Die","Outmaneuver","Dagger Spray"],"picked":"SKIP","floor":30},{"not_picked":["Finisher","Dagger Spray","Deflect"],"picked":"SKIP","floor":31},{"not_picked":["Envenom","Night Terror"],"picked":"Burst","floor":33},{"not_picked":["Slice","Acrobatics"],"picked":"Calculated Gamble","floor":35},{"not_picked":["Outmaneuver+1","Dagger Spray"],"picked":"Crippling Poison","floor":36},{"not_picked":["Predator","Dagger Spray","Doppelganger"],"picked":"SKIP","floor":38},{"not_picked":["Expertise","Finisher","Acrobatics"],"picked":"SKIP","floor":44},{"not_picked":["Acrobatics","Setup+1","Underhanded Strike"],"picked":"SKIP","floor":45},{"not_picked":["Eviscerate","Predator"],"picked":"Crippling Poison+1","floor":46},{"not_picked":["Dagger Spray","Outmaneuver","Bane+1"],"picked":"SKIP","floor":48}],"player_experience":531776,"relics_obtained":[{"floor":6,"key":"Happy Flower"},{"floor":9,"key":"Potion Belt"},{"floor":11,"key":"Tingsha"},{"floor":14,"key":"Bronze Scales"},{"floor":24,"key":"Ancient Tea Set"},{"floor":26,"key":"Mercury Hourglass"},{"floor":36,"key":"Gambling Chip"},{"floor":37,"key":"Omamori"},{"floor":43,"key":"Letter Opener"},{"floor":44,"key":"Regal Pillow"},{"floor":46,"key":"Snake Skull"}],"event_choices":[{"event_name":"The Cleric","player_choice":"Healed","floor":2,"damage_taken":0},{"event_name":"Big Fish","player_choice":"Donut","floor":5,"damage_taken":0},{"event_name":"Drug Dealer","player_choice":"Inject Mutagens","floor":21,"damage_taken":0},{"event_name":"The Joust","player_choice":"Bet on Murderer","floor":27,"damage_taken":0},{"event_name":"Mysterious Sphere","player_choice":"Fight","floor":36,"damage_taken":0},{"event_name":"The Lab","player_choice":"Got Potions","floor":39,"damage_taken":0},{"event_name":"Winding Halls","player_choice":"Max HP","floor":41,"damage_taken":0},{"event_name":"Bonfire Elementals","player_choice":"RARE","floor":47,"damage_taken":0}],"is_beta":false,"boss_relics":[{"not_picked":["Tiny House","Orrery"],"picked":"Astrolabe"},{"not_picked":["Black Star","Runic Dome"],"picked":"Ring of the Serpent"}],"items_purged_floors":[],"is_endless":false,"potions_floor_spawned":[3,8,12,14,19,20,22,33,38,44],"ascension_level":16}