{"gold_per_floor":[113,188,207,10,30,30,30,30,54,54,73,73,49,63,63,168,168,184,184,184,184,200,200,226,226,283,317,333,333,333,351,351,351],"floor_reached":33,"playtime":1735,"items_purged":[],"score":291,"play_id":"3c1fdb24-8967-4c22-8783-94d2bbaae7b1","local_time":"20181130210836","is_ascension_mode":true,"campfire_choices":[{"data":"Zap","floor":6.0,"key":"SMITH"},{"data":"Dualcast","floor":8.0,"key":"SMITH"},{"data":"Sunder","floor":10.0,"key":"SMITH"},{"data":"Chill","floor":12.0,"key":"SMITH"},{"data":"Redo","floor":15.0,"key":"SMITH"},{"data":"Redo","floor":23.0,"key":"SMITH"},{"floor":25.0,"key":"REST"},{"data":"Conserve Battery","floor":29,"key":"SMITH"},{"data":"Reboot","floor":32,"key":"SMITH"}],"neow_cost":"NONE","seed_source_timestamp":179033934162231,"circlet_count":0,"master_deck":["Strike_B","Strike_B","Strike_B","Defend_B","Defend_B","Defend_B","Defend_B","Zap+1","Dualcast+1","Sunder+1","Conserve Battery+1","Cold Snap","Chill+1","Ball Lightning","Redo+1","Redo+1","Reboot+1","Redo+1","Hologram","Skim+1","Chill","Undo+1","Leap+1"],"special_seed":0,"relics":["Cracked Core","Vajra","MawBank","PreservedInsect","Philosopher\u0027s Stone","MutagenicStrength","Red Mask","Tiny Chest","Darkstone Periapt"],"potions_floor_usage":[28,33,33],"damage_taken":[{"damage":1.0,"enemies":"Cultist","floor":1.0,"turns":3.0},{"damage":0.0,"enemies":"Small Slimes","floor":3.0,"turns":2.0},{"damage":0.0,"enemies":"Jaw Worm","floor":5.0,"turns":2.0},{"damage":0.0,"enemies":"Blue Slaver","floor":11.0,"turns":2.0},{"damage":2.0,"enemies":"Red Slaver","floor":14.0,"turns":3.0},{"damage":12.0,"enemies":"The Guardian","floor":16.0,"turns":8.0},{"damage":9.0,"enemies":"Shell Parasite","floor":18.0,"turns":2.0},{"damage":12.0,"enemies":"Chosen","floor":22.0,"turns":2.0},{"damage":7.0,"enemies":"Masked Bandits","floor":24.0,"turns":4.0},{"damage":5,"enemies":"Slavers","floor":27,"turns":4},{"damage":4,"enemies":"Centurion and Healer","floor":28,"turns":7},{"damage":1,"enemies":"Cultist and Chosen","floor":31,"turns":3},{"damage":93,"enemies":"Collector","floor":33,"turns":11}],"seed_played":"-6789763121715035602","potions_obtained":[{"floor":1.0,"key":"Regen Potion"},{"floor":5.0,"key":"AttackPotion"},{"floor":16.0,"key":"Fire Potion"},{"floor":18.0,"key":"SteroidPotion"},{"floor":24.0,"key":"LiquidBronze"},{"floor":28,"key":"Regen Potion"}],"is_trial":false,"path_per_floor":["M","?","M","$","M","R","?","R","T","R","M","R","$","M","R","B",null,"M","?","$","?","M","R","?","R","T","E","M","R","$","M","R","B"],"character_chosen":"DEFECT","items_purchased":["MawBank","Cold Snap","Redo"],"campfire_rested":1,"item_purchase_floors":[4,4,13],"current_hp_per_floor":[74,63,63,63,63,63,63,63,63,63,63,63,63,61,61,49,75,66,66,66,66,54,54,47,69,69,64,74,74,74,73,73,0],"gold":351,"neow_bonus":"RANDOM_COMMON_RELIC","is_prod":false,"is_daily":false,"chose_seed":false,"campfire_upgraded":8,"win_rate":0,"timestamp":1543579716,"path_taken":["M","?","M","$","M","R","?","R","T","R","?","R","?","M","R","BOSS","M","?","$","?","M","R","?","R","T","E","?","R","$","M","R","BOSS"],"build_version":"2018-11-15","purchased_purges":0,"victory":false,"max_hp_per_floor":[75,75,75,75,75,75,75,75,75,75,75,75,75,75,75,75,75,75,75,75,75,75,75,75,75,75,75,75,75,75,75,75,75],"card_choices":[{"not_picked":["Barrage","Fusion"],"picked":"Sunder","floor":1.0},{"not_picked":["Recycle","Rebound"],"picked":"Conserve Battery","floor":3.0},{"not_picked":["Compile Driver","Go for the Eyes"],"picked":"Chill","floor":5.0},{"not_picked":["Sweeping Beam","Streamline"],"picked":"Ball Lightning","floor":11.0},{"not_picked":["Stack","Meteor Strike"],"picked":"Redo","floor":14.0},{"not_picked":["Creative AI","Hyperbeam"],"picked":"Reboot","floor":16.0},{"not_picked":["Ball Lightning","Beam Cell"],"picked":"Redo+1","floor":18.0},{"not_picked":["Blizzard","Streamline"],"picked":"Hologram","floor":22.0},{"not_picked":["Leap","Compile Driver"],"picked":"Skim+1","floor":24.0},{"not_picked":["Conserve Battery","Hologram"],"picked":"Chill","floor":27},{"not_picked":["Meteor Strike","Redo"],"picked":"Undo+1","floor":28},{"not_picked":["Self Repair","Blizzard"],"picked":"Leap+1","floor":31}],"player_experience":131296,"relics_obtained":[{"floor":9.0,"key":"PreservedInsect"},{"floor":24.0,"key":"Red Mask"},{"floor":26.0,"key":"Tiny Chest"},{"floor":27,"key":"Darkstone Periapt"}],"event_choices":[{"damage_healed":0.0,"max_hp_gain":0.0,"max_hp_loss":0.0,"gold_gain":75.0,"event_name":"World of Goop","player_choice":"Gather Gold","floor":2.0,"gold_loss":0.0,"damage_taken":11.0},{"cards_removed":["Strike_B"],"damage_healed":0.0,"max_hp_gain":0.0,"max_hp_loss":0.0,"gold_gain":0.0,"event_name":"Purifier","player_choice":"Purged","floor":7.0,"gold_loss":0.0,"damage_taken":0.0},{"damage_healed":0.0,"max_hp_gain":0.0,"max_hp_loss":0.0,"gold_gain":0.0,"event_name":"Ghosts","player_choice":"Ignored","floor":19.0,"gold_loss":0.0,"damage_taken":0.0},{"damage_healed":0.0,"max_hp_gain":0.0,"max_hp_loss":0.0,"gold_gain":0.0,"event_name":"Drug Dealer","player_choice":"Inject Mutagens","floor":21.0,"gold_loss":0.0,"damage_taken":0.0,"relics_obtained":["MutagenicStrength"]},{"damage_healed":0.0,"max_hp_gain":0.0,"max_hp_loss":0.0,"gold_gain":0.0,"event_name":"Masked Bandits","player_choice":"Fought Bandits","floor":24.0,"gold_loss":0.0,"damage_taken":0.0}],"is_beta":false,"boss_relics":[{"not_picked":["Busted Crown","Sozu"],"picked":"Philosopher\u0027s Stone"}],"items_purged_floors":[],"is_endless":false,"potions_floor_spawned":[1,5,16,18,24,28],"killed_by":"Collector","ascension_level":3}