{"gold_per_floor":[413,425,30,41,0,0,32,32,58,58,58,2,30,40,40,117,117,136,146,61,61,75,75,105,105,131,161,173,185,225,4,4,75,75,85,85,95,95,108,108,135,149,175,14,42,42,58,76,76,76,76],"floor_reached":52,"playtime":4834,"items_purged":[],"score":1916,"play_id":"f576c6c9-9d2d-4b3b-930d-c849e308db34","local_time":"20181202212702","is_ascension_mode":true,"campfire_choices":[{"data":"Neutralize","floor":6,"key":"SMITH"},{"floor":8,"key":"REST"},{"data":"Footwork","floor":10,"key":"SMITH"},{"floor":15,"key":"REST"},{"floor":23,"key":"RECALL"},{"floor":25,"key":"REST"},{"floor":28,"key":"REST"},{"floor":32,"key":"REST"},{"floor":40,"key":"REST"},{"floor":46,"key":"REST"},{"floor":49,"key":"REST"}],"neow_cost":"TEN_PERCENT_HP_LOSS","seed_source_timestamp":721701586927340,"circlet_count":0,"master_deck":["AscendersBane","Defend_G+1","Defend_G+1","Defend_G+1","Defend_G+1","Defend_G+1","Strike_G+1","Strike_G+1","Strike_G+1","Survivor+1","Neutralize+1","Poisoned Stab","Skewer","Dodge and Roll","Masterful Stab","Footwork+1","Backflip","After Image","PiercingWail","Tools of the Trade","Quick Slash","All Out Attack","Backflip","Tools of the Trade","Dodge and Roll","Backflip","Bane","Well Laid Plans","Flash of Steel","Blade Dance","A Thousand Cuts","Caltrops","Backflip","Cloak And Dagger+1","Leg Sweep+1","Dash","Dodge and Roll","Riddle With Holes+1","Die Die Die+1","Cloak And Dagger"],"relics":["Ring of the Snake","Old Coin","Kunai","Regal Pillow","Vajra","Fusion Hammer","Question Card","Mummified Hand","MawBank","Omamori","Black Star","Matryoshka","Bottled Tornado","Potion Belt","PreservedInsect","Shuriken","Molten Egg 2"],"potions_floor_usage":[7,13,16,24,33,33,42,44,45,45,51,51],"damage_taken":[{"damage":11,"enemies":"Jaw Worm","floor":1,"turns":8},{"damage":0,"enemies":"2 Louse","floor":2,"turns":3},{"damage":0,"enemies":"Cultist","floor":4,"turns":3},{"damage":32,"enemies":"3 Sentries","floor":7,"turns":12},{"damage":14,"enemies":"Gremlin Nob","floor":13,"turns":4},{"damage":11,"enemies":"Large Slime","floor":14,"turns":6},{"damage":15,"enemies":"The Guardian","floor":16,"turns":20},{"damage":0,"enemies":"3 Byrds","floor":18,"turns":7},{"damage":3,"enemies":"Spheric Guardian","floor":19,"turns":7},{"damage":1,"enemies":"Centurion and Healer","floor":22,"turns":11},{"damage":36,"enemies":"Gremlin Leader","floor":24,"turns":10},{"damage":21,"enemies":"Shelled Parasite and Fungi","floor":27,"turns":8},{"damage":12,"enemies":"Book of Stabbing","floor":30,"turns":7},{"damage":15,"enemies":"Automaton","floor":33,"turns":13},{"damage":3,"enemies":"3 Darklings","floor":35,"turns":6},{"damage":0,"enemies":"3 Shapes","floor":37,"turns":7},{"damage":17,"enemies":"Jaw Worm Horde","floor":39,"turns":5},{"damage":11,"enemies":"Giant Head","floor":41,"turns":17},{"damage":41,"enemies":"Transient","floor":42,"turns":6},{"damage":0,"enemies":"Reptomancer","floor":45,"turns":8},{"damage":0,"enemies":"3 Darklings","floor":47,"turns":7},{"damage":7,"enemies":"Maw","floor":48,"turns":8},{"damage":24,"enemies":"Awakened One","floor":50,"turns":24},{"damage":31,"enemies":"Time Eater","floor":51,"turns":21}],"seed_played":"155393588728845444","potions_obtained":[{"floor":2,"key":"Block Potion"},{"floor":7,"key":"Energy Potion"},{"floor":13,"key":"SpeedPotion"},{"floor":22,"key":"SpeedPotion"},{"floor":24,"key":"Explosive Potion"},{"floor":30,"key":"LiquidBronze"},{"floor":41,"key":"Explosive Potion"},{"floor":42,"key":"Fruit Juice"},{"floor":47,"key":"Dexterity Potion"},{"floor":48,"key":"GamblersBrew"}],"is_trial":false,"path_per_floor":["M","M","$","M","?","R","E","R","T","R","?","$","E","M","R","B",null,"M","M","?","?","M","R","E","R","T","M","R","?","E","$","R","B",null,"M","?","M","?","M","R","E","M","T","$","E","R","M","M","R","B","B",null],"character_chosen":"THE_SILENT","items_purchased":["Kunai","Dodge and Roll","Masterful Stab","PowerPotion","Well Laid Plans","Flash of Steel","Blade Dance","Block Potion","SteroidPotion","Dodge and Roll"],"campfire_rested":8,"item_purchase_floors":[3,3,3,12,31,31,31,44,44,44],"current_hp_per_floor":[48,48,48,48,48,48,16,49,49,49,31,31,17,6,39,24,51,51,48,48,48,47,47,11,44,44,23,56,56,44,44,60,45,56,53,53,53,53,36,57,46,5,5,10,10,43,43,36,62,38,7],"gold":76,"neow_bonus":"ONE_RARE_RELIC","is_prod":false,"is_daily":false,"chose_seed":false,"campfire_upgraded":2,"win_rate":0,"timestamp":1543804022,"path_taken":["M","M","$","M","?","R","E","R","T","R","?","?","E","M","R","BOSS","M","?","?","?","M","R","E","R","T","M","R","?","E","?","R","BOSS","M","?","M","?","M","R","E","M","T","$","E","R","M","M","R","BOSS","BOSS"],"build_version":"2018-11-15","purchased_purges":0,"victory":true,"max_hp_per_floor":[60,60,60,60,60,60,60,60,60,60,60,60,60,60,60,60,60,60,60,60,60,60,60,60,60,60,60,60,60,60,60,60,60,60,60,57,57,57,57,57,57,57,57,62,62,62,62,62,62,62,62],"card_choices":[{"not_picked":["Blade Dance","Calculated Gamble"],"picked":"Poisoned Stab","floor":1},{"not_picked":["Flying Knee","Heel Hook"],"picked":"Skewer","floor":2},{"not_picked":["Underhanded Strike","Flying Knee"],"picked":"Footwork","floor":4},{"not_picked":["Predator","Outmaneuver"],"picked":"Backflip","floor":7},{"not_picked":["Deflect","Quick Slash"],"picked":"After Image","floor":13},{"not_picked":["Deadly Poison","Masterful Stab"],"picked":"PiercingWail","floor":14},{"not_picked":["Phantasmal Killer","Bullet Time"],"picked":"Tools of the Trade","floor":16},{"not_picked":["Dagger Throw","Prepared"],"picked":"Quick Slash","floor":18},{"not_picked":["Prepared","Predator"],"picked":"All Out Attack","floor":19},{"not_picked":["Masterful Stab","Footwork+1","Concentrate"],"picked":"Dodge and Roll","floor":22},{"not_picked":["Flechettes","Catalyst","Poisoned Stab+1"],"picked":"Backflip","floor":24},{"not_picked":["Deadly Poison","Deflect","PiercingWail+1"],"picked":"Bane","floor":27},{"not_picked":["Accuracy","Calculated Gamble","Outmaneuver","Eviscerate"],"picked":"SKIP","floor":30},{"not_picked":["Wraith Form v2","Bullet Time","Doppelganger"],"picked":"A Thousand Cuts","floor":33},{"not_picked":["Leg Sweep","Underhanded Strike+1","Accuracy"],"picked":"Caltrops","floor":35},{"not_picked":["Sucker Punch","Concentrate+1","Poisoned Stab"],"picked":"Backflip","floor":37},{"not_picked":["Catalyst","Prepared+1","Riddle With Holes+1"],"picked":"Cloak And Dagger+1","floor":39},{"not_picked":["Catalyst","Calculated Gamble","Dodge and Roll"],"picked":"Leg Sweep+1","floor":41},{"not_picked":["Eviscerate","Choke","Dagger Throw"],"picked":"Dash","floor":42},{"not_picked":["Prepared","Bane","Slice+1"],"picked":"Riddle With Holes+1","floor":45},{"not_picked":["Blade Dance","Deadly Poison","Outmaneuver"],"picked":"Die Die Die+1","floor":47},{"not_picked":["Tactician+1","All Out Attack+1","Blur"],"picked":"Cloak And Dagger","floor":48}],"player_experience":655779,"relics_obtained":[{"floor":7,"key":"Regal Pillow"},{"floor":9,"key":"Vajra"},{"floor":24,"key":"Mummified Hand"},{"floor":26,"key":"MawBank"},{"floor":30,"key":"Omamori"},{"floor":41,"key":"Matryoshka"},{"floor":41,"key":"Bottled Tornado"},{"floor":43,"key":"Potion Belt"},{"floor":43,"key":"PreservedInsect"},{"floor":45,"key":"Shuriken"},{"floor":45,"key":"Molten Egg 2"}],"event_choices":[{"damage_healed":0,"gold_gain":0,"player_choice":"Left Gold","damage_taken":0,"max_hp_gain":0,"max_hp_loss":0,"event_name":"World of Goop","floor":5,"gold_loss":41},{"damage_healed":0,"gold_gain":0,"player_choice":"Entered Light","damage_taken":18,"max_hp_gain":0,"max_hp_loss":0,"event_name":"Shining Light","floor":11,"gold_loss":0,"cards_upgraded":["Survivor","Defend_G"]},{"damage_healed":0,"gold_gain":0,"player_choice":"Obtained Relic","damage_taken":0,"relics_obtained":["Question Card"],"max_hp_gain":0,"max_hp_loss":0,"event_name":"Addict","floor":20,"gold_loss":85},{"damage_healed":0,"gold_gain":0,"cards_transformed":["Strike_G","Strike_G"],"player_choice":"Became Test Subject","damage_taken":0,"max_hp_gain":0,"max_hp_loss":0,"event_name":"Drug Dealer","floor":21,"gold_loss":0,"cards_obtained":["Backflip","Tools of the Trade"]},{"damage_healed":0,"gold_gain":0,"player_choice":"Simplicity","damage_taken":0,"max_hp_gain":0,"max_hp_loss":0,"event_name":"Back to Basics","floor":29,"gold_loss":0,"cards_upgraded":["Defend_G","Defend_G","Defend_G","Defend_G","Strike_G","Strike_G","Strike_G"]},{"damage_healed":0,"gold_gain":0,"player_choice":"Max HP","damage_taken":0,"max_hp_gain":0,"max_hp_loss":3,"event_name":"Winding Halls","floor":36,"gold_loss":0},{"damage_healed":0,"gold_gain":0,"player_choice":"Ignored","damage_taken":0,"max_hp_gain":0,"max_hp_loss":0,"event_name":"Mysterious Sphere","floor":38,"gold_loss":0}],"is_beta":false,"boss_relics":[{"not_picked":["WristBlade","Philosopher\u0027s Stone"],"picked":"Fusion Hammer"},{"not_picked":["Velvet Choker","Sozu"],"picked":"Black Star"}],"items_purged_floors":[],"is_endless":false,"potions_floor_spawned":[2,7,13,14,22,24,30,41,42,47,48],"ascension_level":20}