{"gold_per_floor":[118,133,233,249,269,269,304,304,328,328,359,359,359,373,373,450,450,465,8,8,8,8,8,41,39,88,88,13,46,4,4],"floor_reached":31,"playtime":1145,"items_purged":["Strike_G"],"score":544,"play_id":"523a7440-9a59-4888-8707-47faac92595e","local_time":"20181105212234","is_ascension_mode":true,"campfire_choices":[{"data":"Dash","floor":6,"key":"SMITH"},{"floor":8,"key":"REST"},{"floor":10,"key":"REST"},{"data":"Deadly Poison","floor":15,"key":"SMITH"},{"data":"Noxious Fumes","floor":23,"key":"SMITH"}],"neow_cost":"NONE","seed_source_timestamp":817839711587240,"circlet_count":0,"master_deck":["AscendersBane","Defend_G","Defend_G","Defend_G","Defend_G+1","Defend_G+1","Strike_G","Strike_G","Strike_G+1","Strike_G","Survivor","Neutralize+1","Deadly Poison+1","Quick Slash","Dash+1","Dagger Spray","Backflip","Adrenaline","Deflect+1","Noxious Fumes+1","Necronomicurse","Wraith Form v2","Cloak And Dagger","Blur"],"relics":["Ring of the Snake","War Paint","Snake Skull","Regal Pillow","White Beast Statue","Membership Card","Turnip","Necronomicon","Prayer Wheel","Lantern","Bird Faced Urn"],"potions_floor_usage":[7,16,18,24,29,31],"damage_taken":[{"damage":1,"enemies":"Jaw Worm","floor":1,"turns":5},{"damage":11,"enemies":"Cultist","floor":2,"turns":4},{"damage":0,"enemies":"2 Louse","floor":4,"turns":3},{"damage":19,"enemies":"Exordium Thugs","floor":5,"turns":5},{"damage":30,"enemies":"Gremlin Nob","floor":7,"turns":4},{"damage":11,"enemies":"3 Sentries","floor":11,"turns":9},{"damage":12,"enemies":"3 Louse","floor":14,"turns":4},{"damage":35,"enemies":"Hexaghost","floor":16,"turns":10},{"damage":0,"enemies":"3 Byrds","floor":18,"turns":3},{"damage":18,"enemies":"Gremlin Leader","floor":24,"turns":6},{"damage":9,"enemies":"2 Thieves","floor":25,"turns":4},{"damage":12,"enemies":"Slavers","floor":29,"turns":6},{"damage":37,"enemies":"Book of Stabbing","floor":31,"turns":5}],"seed_played":"-466530959391606013","potions_obtained":[{"floor":2,"key":"Explosive Potion"},{"floor":11,"key":"Regen Potion"},{"floor":14,"key":"PowerPotion"},{"floor":16,"key":"PowerPotion"},{"floor":18,"key":"FearPotion"},{"floor":24,"key":"Energy Potion"},{"floor":25,"key":"SkillPotion"},{"floor":29,"key":"AttackPotion"}],"is_trial":false,"path_per_floor":["M","M","?","M","M","R","E","R","T","R","E","?","?","M","R","B",null,"M","$","?","?","$","R","E","M","T","?","?","E","$","E"],"character_chosen":"THE_SILENT","items_purchased":["Membership Card","Noxious Fumes","Turnip","GhostInAJar"],"campfire_rested":2,"item_purchase_floors":[19,19,19,30],"current_hp_per_floor":[64,53,53,53,34,34,4,25,25,46,35,13,72,60,60,25,60,60,60,39,53,53,53,50,41,41,41,41,29,29,0],"gold":4,"neow_bonus":"TEN_PERCENT_HP_BONUS","is_prod":false,"is_daily":false,"chose_seed":false,"campfire_upgraded":3,"win_rate":0,"timestamp":1541470954,"path_taken":["M","M","?","?","M","R","E","R","T","R","E","?","?","?","R","BOSS","M","$","?","?","?","R","E","M","T","?","?","E","?","E"],"build_version":"2018-11-01","purchased_purges":1,"victory":false,"max_hp_per_floor":[72,72,72,72,72,72,72,72,72,72,72,72,72,72,72,72,72,72,72,72,72,72,72,72,72,72,72,72,72,72,72],"card_choices":[{"not_picked":["Eviscerate","PiercingWail"],"picked":"Deadly Poison","floor":1},{"not_picked":["Masterful Stab","Outmaneuver"],"picked":"Endless Agony","floor":2},{"not_picked":["Dagger Throw","Reflex"],"picked":"Quick Slash","floor":4},{"not_picked":["Predator","Dagger Spray"],"picked":"Dash","floor":5},{"not_picked":["Slice","Accuracy"],"picked":"Dagger Spray","floor":7},{"not_picked":["Reflex","Acrobatics","Quick Slash"],"picked":"SKIP","floor":11},{"not_picked":["Deflect","Escape Plan"],"picked":"Backflip","floor":14},{"not_picked":["Venomology","Tools of the Trade"],"picked":"Adrenaline","floor":16},{"not_picked":["Backflip","PiercingWail"],"picked":"Deflect+1","floor":18},{"not_picked":["Predator","Dagger Spray"],"picked":"Wraith Form v2","floor":24},{"not_picked":["Outmaneuver","Flying Knee"],"picked":"Cloak And Dagger","floor":25},{"not_picked":["Prepared","All Out Attack","Poisoned Stab"],"picked":"SKIP","floor":25},{"not_picked":["Outmaneuver","Prepared+1"],"picked":"Blur","floor":29}],"player_experience":616012,"relics_obtained":[{"floor":7,"key":"War Paint"},{"floor":9,"key":"Snake Skull"},{"floor":11,"key":"Regal Pillow"},{"floor":20,"key":"Necronomicon"},{"floor":24,"key":"Prayer Wheel"},{"floor":26,"key":"Lantern"},{"floor":29,"key":"Bird Faced Urn"}],"event_choices":[{"damage_healed":0,"gold_gain":100,"player_choice":"Gold","damage_taken":0,"max_hp_gain":0,"max_hp_loss":0,"event_name":"Wheel of Change","floor":3,"gold_loss":0},{"damage_healed":0,"gold_gain":0,"player_choice":"Entered Light","damage_taken":22,"max_hp_gain":0,"max_hp_loss":0,"event_name":"Shining Light","floor":12,"gold_loss":0,"cards_upgraded":["Neutralize","Strike_G"]},{"cards_removed":["Endless Agony"],"damage_healed":59,"gold_gain":0,"player_choice":"Offered Uncommon","damage_taken":0,"max_hp_gain":0,"max_hp_loss":0,"event_name":"Bonfire Elementals","floor":13,"gold_loss":0},{"damage_healed":0,"gold_gain":0,"player_choice":"Obtained Book","damage_taken":21,"max_hp_gain":0,"max_hp_loss":0,"event_name":"Cursed Tome","floor":20,"gold_loss":0},{"damage_healed":14,"gold_gain":0,"player_choice":"Heal","damage_taken":0,"max_hp_gain":0,"max_hp_loss":0,"event_name":"The Library","floor":21,"gold_loss":0},{"damage_healed":0,"gold_gain":0,"player_choice":"Smashed Altar","damage_taken":0,"max_hp_gain":0,"max_hp_loss":0,"event_name":"Forgotten Altar","floor":27,"gold_loss":0,"cards_obtained":["Decay"]},{"cards_removed":["Decay"],"damage_healed":0,"gold_gain":0,"player_choice":"Gave Gold","damage_taken":0,"max_hp_gain":0,"max_hp_loss":0,"event_name":"Beggar","floor":28,"gold_loss":75}],"is_beta":false,"boss_relics":[{"not_picked":["Busted Crown","Orrery"],"picked":"White Beast Statue"}],"items_purged_floors":[19],"is_endless":false,"potions_floor_spawned":[2,11,14,16,18,24,25,29],"killed_by":"Book of Stabbing","ascension_level":19}