{"gold_per_floor":[119,119,119,119,137,171,171,182,212,242,259,259,270,299,299,400,400,412,143,159,169,84,84,99,99,124,124,124,124,157,177,177,276,276,293,317,335,335,352,352,26,42,42,52,52,52,63,82,82,82],"floor_reached":50,"playtime":2045,"items_purged":["Normality","Steam"],"score":748,"play_id":"3ec3c980-554d-4e08-aff3-d8b30ca8ce3d","local_time":"20180703224219","is_ascension_mode":true,"campfire_choices":[{"floor":12,"key":"REST"},{"floor":15,"key":"REST"},{"data":"Thunder Strike","floor":23,"key":"SMITH"},{"data":"Tempest","floor":25,"key":"SMITH"},{"data":"White Noise","floor":27,"key":"SMITH"},{"floor":29,"key":"REST"},{"floor":32,"key":"REST"},{"data":"Machine Learning","floor":40,"key":"SMITH"},{"floor":49,"key":"REST"}],"neow_cost":"NONE","seed_source_timestamp":793557072338422,"circlet_count":0,"master_deck":["Zap+1","Dualcast","Cold Snap","Reinforced Body","Go for the Eyes","Sunder","Compile Driver","Reboot","Hologram","White Noise+1","Thunder Strike+1","Tempest+1","Turbo+1","Necronomicurse","Melter+1","Machine Learning+1","Steam","Streamline","Stack","Barrage","Turbo","Double Energy","Loop+1","Conserve Battery+1","Storm+1","Defragment","Leap+1","Reprogram+1"],"relics":["Cracked Core","Centennial Puzzle","Mercury Hourglass","Tiny Chest","Meat on the Bone","DataDisk","White Beast Statue","Strange Spoon","Ancient Tea Set","Dream Catcher","Necronomicon","Vajra","Pandora\u0027s Box","Happy Flower","The Courier","Bottled Flame","Toolbox"],"potions_floor_usage":[13,14,16,20,20,21,33,33,37,42,44,47,50,50,50],"damage_taken":[{"damage":1,"enemies":"Cultist","floor":1,"turns":3},{"damage":4,"enemies":"2 Louse","floor":5,"turns":3},{"damage":35,"enemies":"Gremlin Nob","floor":6,"turns":5},{"damage":0,"enemies":"Jaw Worm","floor":8,"turns":3},{"damage":0,"enemies":"3 Sentries","floor":10,"turns":6},{"damage":0,"enemies":"Exordium Wildlife","floor":11,"turns":2},{"damage":0,"enemies":"3 Louse","floor":13,"turns":1},{"damage":4,"enemies":"Gremlin Nob","floor":14,"turns":3},{"damage":17,"enemies":"Hexaghost","floor":16,"turns":10},{"damage":11,"enemies":"3 Byrds","floor":18,"turns":4},{"damage":0,"enemies":"2 Thieves","floor":20,"turns":3},{"damage":20,"enemies":"Snake Plant","floor":21,"turns":4},{"damage":0,"enemies":"3 Cultists","floor":24,"turns":3},{"damage":0,"enemies":"Book of Stabbing","floor":30,"turns":4},{"damage":0,"enemies":"Cultist and Chosen","floor":31,"turns":2},{"damage":21,"enemies":"Automaton","floor":33,"turns":6},{"damage":12,"enemies":"3 Shapes","floor":35,"turns":2},{"damage":10,"enemies":"3 Darklings","floor":37,"turns":2},{"damage":5,"enemies":"4 Shapes","floor":39,"turns":3},{"damage":3,"enemies":"Sphere and 2 Shapes","floor":42,"turns":2},{"damage":0,"enemies":"Maw","floor":44,"turns":5},{"damage":12,"enemies":"3 Darklings","floor":47,"turns":3},{"damage":11,"enemies":"4 Shapes","floor":48,"turns":3},{"damage":101,"enemies":"Awakened One","floor":50,"turns":9}],"seed_played":"4619719522338844357","potions_obtained":[{"floor":10,"key":"SpeedPotion"},{"floor":11,"key":"Explosive Potion"},{"floor":13,"key":"Energy Potion"},{"floor":16,"key":"Explosive Potion"},{"floor":18,"key":"Block Potion"},{"floor":20,"key":"Ancient Potion"},{"floor":21,"key":"SkillPotion"},{"floor":24,"key":"GamblersBrew"},{"floor":30,"key":"FearPotion"},{"floor":31,"key":"Strength Potion"},{"floor":33,"key":"FocusPotion"},{"floor":35,"key":"Strength Potion"},{"floor":37,"key":"SkillPotion"},{"floor":42,"key":"EssenceOfSteel"},{"floor":44,"key":"SneckoOil"},{"floor":47,"key":"SkillPotion"},{"floor":48,"key":"SpeedPotion"}],"is_trial":false,"path_per_floor":["M","?","?","?","M","E","?","M","T","E","M","R","M","E","R","B",null,"M","$","M","M","?","R","M","R","T","R","?","R","E","M","R","B",null,"M","T","M","T","M","R","$","M","T","M","?","$","M","M","R"],"character_chosen":"DEFECT","items_purchased":["Strange Spoon","Defragment","Bottled Flame"],"campfire_rested":5,"item_purchase_floors":[19,41,41],"current_hp_per_floor":[67,60,60,45,41,6,6,6,6,6,18,40,40,48,70,53,70,59,59,59,39,39,39,39,39,39,39,23,45,45,45,67,46,68,56,56,46,46,41,41,41,38,38,38,38,38,38,43,65,0],"gold":82,"neow_bonus":"UPGRADE_CARD","is_prod":false,"is_daily":false,"chose_seed":false,"campfire_upgraded":4,"win_rate":0,"timestamp":1530675739,"path_taken":["M","?","?","?","M","E","?","?","T","E","M","R","M","E","R","BOSS","M","$","M","M","?","R","?","R","T","R","?","R","E","M","R","BOSS","M","?","M","?","?","R","$","M","T","M","?","?","?","M","R","BOSS"],"build_version":"2018-06-28","purchased_purges":2,"victory":false,"max_hp_per_floor":[75,75,75,75,75,75,75,75,75,75,75,75,75,75,75,75,75,75,75,75,75,75,75,75,75,75,75,75,75,75,75,75,75,75,75,75,75,75,75,75,75,75,75,75,75,75,75,75,75,75],"card_choices":[{"not_picked":["Rebound","Go for the Eyes"],"picked":"Cold Snap","floor":1},{"not_picked":["Genetic Algorithm","Amplify"],"picked":"Reinforced Body","floor":5},{"not_picked":["Coolheaded","Gash"],"picked":"Go for the Eyes","floor":6},{"not_picked":["Redo","Steam"],"picked":"Sunder","floor":8},{"not_picked":["Streamline","Beam Cell"],"picked":"Compile Driver","floor":10},{"not_picked":["Darkness","Barrage"],"picked":"Reboot","floor":11},{"not_picked":["Stack","Cold Snap"],"picked":"Hologram","floor":13},{"not_picked":["Go for the Eyes","Ball Lightning"],"picked":"White Noise","floor":14},{"not_picked":["Hyperbeam","All For One"],"picked":"Thunder Strike","floor":16},{"not_picked":["Turbo","Sweeping Beam"],"picked":"Tempest","floor":18},{"not_picked":["Gash","Beam Cell"],"picked":"Glacier","floor":20},{"not_picked":["Double Energy","Go for the Eyes","Barrage"],"picked":"SKIP","floor":21},{"not_picked":["Go for the Eyes","Sunder"],"picked":"Turbo+1","floor":24},{"not_picked":["Hologram","Go for the Eyes","Skim"],"picked":"SKIP","floor":30},{"not_picked":["Sweeping Beam","Undo","Beam Cell"],"picked":"SKIP","floor":31},{"not_picked":["Gash","Force Field+1"],"picked":"Melter+1","floor":32},{"not_picked":["Multi-Cast","Hyperbeam"],"picked":"Machine Learning","floor":33},{"not_picked":["Fusion","Blizzard"],"picked":"Loop+1","floor":35},{"not_picked":["Sweeping Beam","Gash+1"],"picked":"Conserve Battery+1","floor":37},{"not_picked":["Go for the Eyes+1","Hyperbeam"],"picked":"Storm+1","floor":39},{"not_picked":["Steam","FTL+1","Melter+1"],"picked":"SKIP","floor":42},{"not_picked":["Rebound","Stack+1"],"picked":"Leap+1","floor":44},{"not_picked":["Compile Driver","Blizzard+1","Sunder+1"],"picked":"SKIP","floor":47},{"not_picked":["Sweeping Beam+1","Leap+1","Compile Driver+1"],"picked":"SKIP","floor":48},{"not_picked":["Reboot","Blizzard+1"],"picked":"Reprogram+1","floor":49}],"player_experience":412019,"relics_obtained":[{"floor":6,"key":"Centennial Puzzle"},{"floor":9,"key":"Tiny Chest"},{"floor":10,"key":"Meat on the Bone"},{"floor":14,"key":"DataDisk"},{"floor":26,"key":"Dream Catcher"},{"floor":28,"key":"Necronomicon"},{"floor":30,"key":"Vajra"},{"floor":36,"key":"Happy Flower"},{"floor":38,"key":"The Courier"},{"floor":43,"key":"Toolbox"}],"event_choices":[{"event_name":"Golden Wing","player_choice":"Card Removal","floor":2,"damage_taken":0},{"event_name":"Liars Game","player_choice":"disagreed","floor":3,"damage_taken":0},{"event_name":"Shining Light","player_choice":"Entered Light","floor":4,"damage_taken":0},{"event_name":"Accursed Blacksmith","player_choice":"Rummage","floor":7,"damage_taken":0},{"event_name":"Addict","player_choice":"Obtained Relic","floor":22,"damage_taken":0},{"event_name":"Cursed Tome","player_choice":"Obtained Book","floor":28,"damage_taken":0},{"event_name":"Falling","player_choice":"Removed Skill","floor":45,"damage_taken":0}],"boss_relics":[{"not_picked":["Ectoplasm","Philosopher\u0027s Stone"],"picked":"White Beast Statue"},{"not_picked":["Sozu","Calling Bell"],"picked":"Pandora\u0027s Box"}],"items_purged_floors":[19,41],"is_endless":false,"potions_floor_spawned":[10,11,13,16,18,20,21,24,30,31,33,35,37,39,42,44,47,48],"killed_by":"Awakened One","ascension_level":8}