{"gold_per_floor":[117,137,387,57,77,102,102,102,102,118,134,134,150,150,150,253,253,273,286,33,53,73,73,106,56,56,56],"floor_reached":27,"playtime":972,"items_purged":["Regret","Regret"],"score":235,"play_id":"c4793beb-00d9-4cf9-9b53-22fa4ddb5415","local_time":"20180629205835","is_ascension_mode":false,"campfire_choices":[{"data":"Inflame","floor":8,"key":"SMITH"},{"data":"Whirlwind","floor":12,"key":"SMITH"},{"data":"Flex","floor":15,"key":"SMITH"},{"floor":23,"key":"REST"}],"neow_cost":"NONE","seed_source_timestamp":681984877393625,"circlet_count":0,"master_deck":["Strike_R","Strike_R","Strike_R","Strike_R","Strike_R","Defend_R","Defend_R","Defend_R","Defend_R","Bash","Inflame+1","Armaments","Thunderclap","Whirlwind+1","Shrug It Off","Flex+1","Demon Form+1","Clumsy","Parasite","Bloodletting","Flex","Berserk+1"],"relics":["Burning Blood","NeowsBlessing","Shuriken","Frozen Egg 2","Anchor","Pantograph","Ice Cream","Calling Bell","Boot","Self Forming Clay","Calipers","Happy Flower","Juzu Bracelet","Dodecahedron"],"potions_floor_usage":[16,16,21,24,24],"damage_taken":[{"damage":0,"enemies":"Small Slimes","floor":1,"turns":1},{"damage":0,"enemies":"Cultist","floor":2,"turns":1},{"damage":0,"enemies":"2 Louse","floor":5,"turns":1},{"damage":27,"enemies":"Gremlin Nob","floor":6,"turns":4},{"damage":14,"enemies":"Blue Slaver","floor":10,"turns":4},{"damage":1,"enemies":"Exordium Wildlife","floor":11,"turns":3},{"damage":5,"enemies":"Gremlin Gang","floor":13,"turns":3},{"damage":44,"enemies":"Hexaghost","floor":16,"turns":8},{"damage":24,"enemies":"Shell Parasite","floor":18,"turns":6},{"damage":20,"enemies":"2 Thieves","floor":19,"turns":4},{"damage":19,"enemies":"Centurion and Healer","floor":21,"turns":4},{"damage":33,"enemies":"Slaver and Parasite","floor":22,"turns":4},{"damage":35,"enemies":"Book of Stabbing","floor":24,"turns":4},{"damage":24,"enemies":"Sentry and Sphere","floor":27,"turns":3}],"seed_played":"-8279331006075114985","potions_obtained":[{"floor":2,"key":"Strength Potion"},{"floor":6,"key":"Regen Potion"},{"floor":11,"key":"Weak Potion"},{"floor":21,"key":"Fire Potion"},{"floor":22,"key":"LiquidBronze"}],"is_trial":false,"path_per_floor":["M","M","?","$","M","E","?","R","T","M","M","R","M","T","R","B",null,"M","M","$","M","M","R","E","?","T"],"character_chosen":"IRONCLAD","items_purchased":["Shuriken","Happy Flower"],"campfire_rested":1,"item_purchase_floors":[4,20],"current_hp_per_floor":[80,80,80,80,80,59,56,56,56,48,53,53,54,54,54,41,80,62,48,48,47,20,44,15,15,15,0],"gold":56,"neow_bonus":"THREE_ENEMY_KILL","is_prod":false,"is_daily":false,"chose_seed":false,"campfire_upgraded":3,"win_rate":0.0,"timestamp":1530280715,"path_taken":["M","M","?","$","M","E","?","R","T","M","?","R","?","?","R","BOSS","M","M","$","M","M","R","E","?","T","M"],"build_version":"2018-06-28","purchased_purges":2,"victory":false,"max_hp_per_floor":[80,80,80,80,80,80,80,80,80,80,80,80,80,80,80,80,80,80,80,80,80,80,80,80,80,80,80],"card_choices":[{"not_picked":["Anger","Sword Boomerang"],"picked":"Inflame","floor":1},{"not_picked":["Second Wind","Rage"],"picked":"Armaments","floor":2},{"not_picked":["Clash","Anger"],"picked":"Thunderclap","floor":5},{"not_picked":["Inflame","Reaper"],"picked":"Whirlwind","floor":6},{"not_picked":["Pommel Strike","Headbutt"],"picked":"Shrug It Off","floor":10},{"not_picked":["Anger","Power Through"],"picked":"Flex","floor":11},{"not_picked":["Clash","Body Slam","Infernal Blade"],"picked":"SKIP","floor":13},{"not_picked":["Barricade+1","Fiend Fire"],"picked":"Demon Form+1","floor":16},{"not_picked":["Twin Strike","Headbutt+1"],"picked":"Bloodletting","floor":18},{"not_picked":["Thunderclap","Searing Blow"],"picked":"Flex","floor":19},{"not_picked":["Shrug It Off","Clash+1","Armaments"],"picked":"SKIP","floor":21},{"not_picked":["Disarm","Power Through","Feel No Pain+1"],"picked":"SKIP","floor":22},{"not_picked":["Cleave","Battle Trance"],"picked":"Berserk+1","floor":24}],"player_experience":1621,"relics_obtained":[{"floor":6,"key":"Frozen Egg 2"},{"floor":9,"key":"Pantograph"},{"floor":14,"key":"Ice Cream"},{"floor":17,"key":"Boot"},{"floor":17,"key":"Self Forming Clay"},{"floor":17,"key":"Calipers"},{"floor":24,"key":"Juzu Bracelet"},{"floor":26,"key":"Dodecahedron"}],"event_choices":[{"event_name":"Golden Shrine","player_choice":"Desecrate","floor":3,"damage_taken":0},{"event_name":"Scrap Ooze","player_choice":"success","floor":7,"damage_taken":3},{"event_name":"The Joust","player_choice":"Bet on Owner","floor":25,"damage_taken":0}],"boss_relics":[{"not_picked":["Ectoplasm","White Beast Statue"],"picked":"Calling Bell"}],"items_purged_floors":[4,20],"is_endless":false,"potions_floor_spawned":[2,6,11,13,21,22],"killed_by":"Sentry and Sphere","ascension_level":0}