{"path_per_floor":["M","?","?","$","?","E","R","M","T","?","M","R","M","?","R"],"character_chosen":"IRONCLAD","items_purchased":["Fire Breathing"],"gold_per_floor":[119,119,119,5,5,32,32,52,52,52,71,71,91,91,91,91],"floor_reached":16,"campfire_rested":1,"playtime":457,"current_hp_per_floor":[72,72,58,58,58,41,41,41,41,41,42,42,18,15,36,0],"items_purged":["Defend_R"],"gold":91,"score":162,"play_id":"4003932a-61b2-4f39-8e7e-cff65d93530c","local_time":"20180429164944","is_prod":false,"is_daily":false,"chose_seed":false,"is_ascension_mode":true,"campfire_upgraded":2,"timestamp":1525038584,"path_taken":["M","?","?","?","?","E","R","M","T","?","M","R","M","?","R","BOSS"],"build_version":"2018-04-28v2","seed_source_timestamp":2351501586573110,"purchased_purges":1,"victory":false,"master_deck":["Strike_R+1","Strike_R","Defend_R+1","Defend_R","Bash","AscendersBane","Thunderclap","Armaments+1","Rage","Rupture","Fire Breathing+1","Dark Embrace","Sword Boomerang","Iron Wave","Cleave","Dropkick"],"max_hp_per_floor":[72,72,72,72,72,72,72,72,72,72,72,72,72,72,72,72],"relics":["Burning Blood","The Courier","Gremlin Horn","Toxic Egg 2"],"card_choices":[{"not_picked":["Shrug It Off","Sword Boomerang"],"picked":"Rage","floor":1},{"not_picked":["Perfected Strike","Havoc"],"picked":"Sword Boomerang","floor":6},{"not_picked":["Hemokinesis","Sword Boomerang"],"picked":"Iron Wave","floor":8},{"not_picked":["Seeing Red","Armaments"],"picked":"Cleave","floor":11},{"not_picked":["Iron Wave","Twin Strike"],"picked":"Dropkick","floor":13}],"player_experience":296940,"potions_floor_usage":[16,16],"damage_taken":[{"damage":5,"enemies":"2 Louse","floor":1,"turns":3},{"damage":23,"enemies":"Lagavulin","floor":6,"turns":7},{"damage":6,"enemies":"Jaw Worm","floor":8,"turns":3},{"damage":5,"enemies":"Small Slimes","floor":11,"turns":3},{"damage":30,"enemies":"Exordium Thugs","floor":13,"turns":4},{"damage":36,"enemies":"Hexaghost","floor":16,"turns":10}],"event_choices":[{"event_name":"Living Wall","player_choice":"Change","floor":2,"damage_taken":0},{"event_name":"Shining Light","player_choice":"Entered Light","floor":3,"damage_taken":0},{"event_name":"Transmorgrifier","player_choice":"Transform","floor":5,"damage_taken":0},{"event_name":"Liars Game","player_choice":"disagreed","floor":10,"damage_taken":0},{"event_name":"Scrap Ooze","player_choice":"success","floor":14,"damage_taken":3}],"boss_relics":[],"potions_floor_spawned":[11,13],"seed_played":"-3294792285139069077","killed_by":"Hexaghost","ascension_level":13,"is_trial":false}