{"gold_per_floor":[114,114,114,189,189,189,220,235,289,289,322,50,63,96,96,186,186,211,225,275,117,130,130,171,171,197,197],"floor_reached":27,"playtime":957,"items_purged":["Strike_R","Strike_R"],"score":644,"play_id":"2120f4c2-79f1-4ae4-9817-ac362a565c72","local_time":"20190201091442","is_ascension_mode":true,"campfire_choices":[{"floor":6,"key":"REST"},{"data":"Carnage","floor":10,"key":"SMITH"},{"data":"Combust","floor":15,"key":"SMITH"},{"floor":23,"key":"REST"},{"floor":25,"key":"REST"}],"neow_cost":"NONE","seed_source_timestamp":806045223230210,"circlet_count":0,"master_deck":["AscendersBane","Strike_R+1","Strike_R+1","Strike_R","Defend_R","Defend_R","Defend_R","Defend_R","Bash","Combust+1","Carnage+1","Inflame","True Grit","Impervious","Clothesline","Uppercut","Brutality","Corruption","Havoc"],"relics":["Burning Blood","NeowsBlessing","Golden Idol","Darkstone Periapt","Ice Cream","Blood Vial","Torii","Bottled Tornado","Mark of Pain","Blue Candle","Strawberry"],"potions_floor_usage":[11,16,18,19,22,24],"damage_taken":[{"damage":0,"enemies":"Jaw Worm","floor":1,"turns":1},{"damage":0,"enemies":"Gremlin Nob","floor":7,"turns":1},{"damage":0,"enemies":"Small Slimes","floor":8,"turns":1},{"damage":10,"enemies":"3 Sentries","floor":11,"turns":4},{"damage":0,"enemies":"2 Louse","floor":13,"turns":2},{"damage":26,"enemies":"Gremlin Nob","floor":14,"turns":4},{"damage":5,"enemies":"Slime Boss","floor":16,"turns":5},{"damage":19,"enemies":"Shell Parasite","floor":18,"turns":6},{"damage":24,"enemies":"2 Thieves","floor":19,"turns":3},{"damage":30,"enemies":"Centurion and Healer","floor":22,"turns":7},{"damage":27,"enemies":"Gremlin Leader","floor":24,"turns":5},{"damage":47,"enemies":"Book of Stabbing","floor":27,"turns":4}],"seed_played":"-2184460920115568338","potions_obtained":[{"floor":7,"key":"AttackPotion"},{"floor":16,"key":"Swift Potion"},{"floor":18,"key":"AttackPotion"},{"floor":19,"key":"EssenceOfSteel"}],"is_trial":false,"path_per_floor":["M","?","?","?","?","R","E","M","T","R","E","$","M","E","R","B",null,"M","M","?","$","M","R","E","R","T","E"],"character_chosen":"IRONCLAD","items_purchased":["PowerPotion","SteroidPotion","Impervious","Havoc"],"campfire_rested":3,"item_purchase_floors":[12,12,12,21],"current_hp_per_floor":[74,51,51,40,14,34,40,46,46,46,44,44,52,34,34,37,60,49,33,33,33,11,31,12,32,39,0],"gold":197,"neow_bonus":"THREE_ENEMY_KILL","is_prod":false,"is_daily":false,"chose_seed":false,"campfire_upgraded":2,"win_rate":0,"timestamp":1549030482,"path_taken":["M","?","?","?","?","R","E","M","T","R","E","$","?","E","R","BOSS","M","M","?","$","M","R","E","R","T","E"],"build_version":"2019-01-23","purchased_purges":2,"victory":false,"max_hp_per_floor":[75,75,68,68,68,68,68,68,68,68,68,68,68,68,68,68,68,68,68,68,68,68,68,68,68,75,75],"card_choices":[{"not_picked":["Clash","Carnage"],"picked":"Combust","floor":1},{"not_picked":["Flex","Shockwave"],"picked":"Carnage","floor":7},{"not_picked":["Headbutt","Armaments"],"picked":"Inflame","floor":8},{"not_picked":["Dual Wield","Dark Embrace"],"picked":"True Grit","floor":11},{"not_picked":["Anger","Spot Weakness"],"picked":"Clothesline","floor":13},{"not_picked":["Searing Blow","Cleave"],"picked":"Uppercut","floor":14},{"not_picked":["Juggernaut","Dark Embrace"],"picked":"Brutality","floor":16},{"not_picked":["Wild Strike","Perfected Strike"],"picked":"Corruption","floor":18},{"not_picked":["Inflame","Intimidate","Warcry"],"picked":"SKIP","floor":19},{"not_picked":["Headbutt","Clash","Clothesline"],"picked":"SKIP","floor":22},{"not_picked":["Headbutt","Clash","Clothesline"],"picked":"SKIP","floor":22},{"not_picked":["Uppercut","Heavy Blade","Thunderclap"],"picked":"SKIP","floor":24}],"player_experience":786944,"relics_obtained":[{"floor":7,"key":"Ice Cream"},{"floor":9,"key":"Blood Vial"},{"floor":11,"key":"Torii"},{"floor":14,"key":"Bottled Tornado"},{"floor":24,"key":"Blue Candle"},{"floor":26,"key":"Strawberry"}],"event_choices":[{"damage_healed":0,"gold_gain":0,"player_choice":"Entered Light","damage_taken":23,"max_hp_gain":0,"max_hp_loss":0,"event_name":"Shining Light","floor":2,"gold_loss":0,"cards_upgraded":["Strike_R","Strike_R"]},{"damage_healed":0,"gold_gain":0,"player_choice":"Lose Max HP","damage_taken":0,"relics_obtained":["Golden Idol"],"max_hp_gain":0,"max_hp_loss":7,"event_name":"Golden Idol","floor":3,"gold_loss":0},{"damage_healed":0,"gold_gain":75,"player_choice":"Gather Gold","damage_taken":11,"max_hp_gain":0,"max_hp_loss":0,"event_name":"World of Goop","floor":4,"gold_loss":0},{"damage_healed":0,"gold_gain":0,"player_choice":"Success","damage_taken":26,"relics_obtained":["Darkstone Periapt"],"max_hp_gain":0,"max_hp_loss":0,"event_name":"Scrap Ooze","floor":5,"gold_loss":0},{"damage_healed":0,"gold_gain":50,"player_choice":"Stole From Cult","damage_taken":0,"max_hp_gain":0,"max_hp_loss":0,"event_name":"Nest","floor":20,"gold_loss":0}],"is_beta":false,"boss_relics":[{"not_picked":["Calling Bell","Velvet Choker"],"picked":"Mark of Pain"}],"items_purged_floors":[12,21],"is_endless":false,"potions_floor_spawned":[7,14,16,18,19],"killed_by":"Book of Stabbing","ascension_level":20}