{"gold_per_floor":[117,137,137,151,7,40,40,58,138,155,155,173,142,142,142,245,245,255,54,54,66,79,79,113,132,158,158,176,187,220,220,220,320,320,331,409,53,53,73,73,8,8,76,76],"floor_reached":44,"playtime":1846,"items_purged":["Strike_G","Regret"],"score":745,"play_id":"5c2fe8b1-38d8-47cd-b614-0e3b73d84add","local_time":"20180924155458","is_ascension_mode":true,"campfire_choices":[{"data":"Infinite Blades","floor":7,"key":"SMITH"},{"floor":11,"key":"REST"},{"floor":15,"key":"REST"},{"floor":23,"key":"REST"},{"floor":27,"key":"REST"},{"floor":32,"key":"REST"},{"floor":40,"key":"REST"}],"neow_cost":"NONE","seed_source_timestamp":77086783708697,"circlet_count":0,"master_deck":["Defend_G+1","Defend_G+1","Defend_G","Defend_G","Defend_G","Strike_G","Strike_G","Survivor","Neutralize+1","AscendersBane","Deadly Poison","Sucker Punch","Escape Plan","Infinite Blades+1","Well Laid Plans","Dash","Terror","A Thousand Cuts","Accuracy","Backflip","Adrenaline","Noxious Fumes","Dash+1","Blade Dance","Infinite Blades+1","Cloak And Dagger","Footwork","Accuracy","Noxious Fumes","Adrenaline","Blur","Parasite","Noxious Fumes","Dodge and Roll","Footwork","Tools of the Trade","Decay","Envenom","Choke","Footwork","Catalyst","Doubt"],"relics":["Black Star","War Paint","Ginger","Prayer Wheel","Ninja Scroll","Cursed Key","Whetstone","Happy Flower","Snake Skull","Bottled Flame","The Courier","Sozu","Kunai","Orichalcum","Sling","Matryoshka"],"potions_floor_usage":[18,18,24,25,30,33],"damage_taken":[{"damage":6,"enemies":"Cultist","floor":1,"turns":4},{"damage":1,"enemies":"2 Louse","floor":2,"turns":4},{"damage":2,"enemies":"Small Slimes","floor":4,"turns":3},{"damage":19,"enemies":"Lagavulin","floor":6,"turns":8},{"damage":13,"enemies":"Exordium Thugs","floor":8,"turns":6},{"damage":18,"enemies":"3 Louse","floor":10,"turns":3},{"damage":11,"enemies":"Large Slime","floor":12,"turns":6},{"damage":5,"enemies":"Exordium Thugs","floor":13,"turns":5},{"damage":15,"enemies":"Slime Boss","floor":16,"turns":8},{"damage":18,"enemies":"2 Thieves","floor":18,"turns":4},{"damage":4,"enemies":"Chosen","floor":21,"turns":4},{"damage":16,"enemies":"Snake Plant","floor":22,"turns":4},{"damage":11,"enemies":"Book of Stabbing","floor":24,"turns":5},{"damage":11,"enemies":"Sentry and Sphere","floor":25,"turns":4},{"damage":2,"enemies":"Snecko","floor":28,"turns":3},{"damage":8,"enemies":"Centurion and Healer","floor":29,"turns":6},{"damage":21,"enemies":"Gremlin Leader","floor":30,"turns":7},{"damage":25,"enemies":"Champ","floor":33,"turns":9},{"damage":30,"enemies":"3 Darklings","floor":35,"turns":6},{"damage":2,"enemies":"Orb Walker","floor":39,"turns":4},{"damage":48,"enemies":"Transient","floor":44,"turns":4}],"seed_played":"6530100073732556634","potions_obtained":[{"floor":4,"key":"Ancient Potion"},{"floor":10,"key":"AttackPotion"},{"floor":13,"key":"Poison Potion"},{"floor":21,"key":"EssenceOfSteel"},{"floor":22,"key":"Fire Potion"},{"floor":29,"key":"Energy Potion"},{"floor":30,"key":"Poison Potion"}],"is_trial":false,"path_per_floor":["M","M","?","M","$","E","R","M","T","M","R","M","M","?","R","B",null,"M","$","?","M","M","R","E","M","T","R","M","M","E","?","R","B",null,"M","T","$","?","M","R","$","?","T"],"character_chosen":"THE_SILENT","items_purchased":["War Paint","Dash","Blade Dance","Orichalcum","Sling","Catalyst"],"campfire_rested":6,"item_purchase_floors":[5,19,19,37,37,41],"current_hp_per_floor":[57,56,56,54,54,35,35,22,22,4,25,14,9,9,30,15,56,38,38,38,34,18,39,28,17,17,38,36,28,7,7,28,3,53,23,23,23,23,21,42,42,42,42,0],"gold":76,"neow_bonus":"BOSS_RELIC","is_prod":false,"is_daily":false,"chose_seed":false,"campfire_upgraded":1,"win_rate":0,"timestamp":1537818898,"path_taken":["M","?","?","M","$","E","R","?","T","M","R","M","M","?","R","BOSS","M","$","?","M","M","R","E","M","T","R","?","M","E","?","R","BOSS","M","?","$","?","?","R","$","?","T","M"],"build_version":"2018-09-20","purchased_purges":2,"victory":false,"max_hp_per_floor":[70,70,70,70,70,70,70,70,70,70,70,70,70,70,70,70,70,70,70,70,70,70,70,70,70,70,70,70,70,70,70,70,70,70,70,70,70,70,70,70,70,70,70,70],"card_choices":[{"not_picked":["Sucker Punch","Deflect"],"picked":"Deadly Poison","floor":1},{"not_picked":["Quick Slash","Escape Plan"],"picked":"Sucker Punch","floor":2},{"not_picked":["Distraction","Slice"],"picked":"Infinite Blades","floor":4},{"not_picked":["Blade Dance","Escape Plan"],"picked":"Well Laid Plans","floor":6},{"not_picked":["Blade Dance","Bane"],"picked":"Dash","floor":8},{"not_picked":["Quick Slash","Riddle With Holes"],"picked":"Terror","floor":8},{"not_picked":["Blade Dance","Deadly Poison"],"picked":"A Thousand Cuts","floor":10},{"not_picked":["Predator","Sucker Punch","Quick Slash"],"picked":"SKIP","floor":10},{"not_picked":["Poisoned Stab","Masterful Stab"],"picked":"Accuracy","floor":12},{"not_picked":["Dagger Throw","Sucker Punch","Reflex"],"picked":"SKIP","floor":12},{"not_picked":["Deflect","Concentrate"],"picked":"Backflip","floor":13},{"not_picked":["Prepared","Blade Dance","Quick Slash"],"picked":"SKIP","floor":13},{"not_picked":["Unload","A Thousand Cuts"],"picked":"Adrenaline","floor":16},{"not_picked":["Acrobatics","Deflect"],"picked":"Noxious Fumes","floor":18},{"not_picked":["Flechettes","Predator","Dagger Throw"],"picked":"SKIP","floor":18},{"not_picked":["Outmaneuver","Expertise"],"picked":"Cloak And Dagger","floor":21},{"not_picked":["Flechettes+1","Backflip+1"],"picked":"Footwork","floor":21},{"not_picked":["Choke","Poisoned Stab"],"picked":"Accuracy","floor":22},{"not_picked":["Choke","Concentrate","Underhanded Strike"],"picked":"SKIP","floor":22},{"not_picked":["Deflect","Dagger Throw"],"picked":"Noxious Fumes","floor":24},{"not_picked":["Backflip","Deflect"],"picked":"Adrenaline","floor":25},{"not_picked":["Deadly Poison","Choke"],"picked":"Blur","floor":25},{"not_picked":["Bane","Outmaneuver"],"picked":"Noxious Fumes","floor":28},{"not_picked":["Slice","Prepared"],"picked":"Dodge and Roll","floor":28},{"not_picked":["Cloak And Dagger","All Out Attack"],"picked":"Footwork","floor":29},{"not_picked":["Dash","Underhanded Strike","Finisher"],"picked":"SKIP","floor":29},{"not_picked":["Dash","Underhanded Strike","Finisher"],"picked":"SKIP","floor":29},{"not_picked":["Backflip","Concentrate"],"picked":"Tools of the Trade","floor":30},{"not_picked":["Bullet Time","Burst"],"picked":"Envenom","floor":33},{"not_picked":["Acrobatics","Deadly Poison"],"picked":"Choke","floor":35},{"not_picked":["Bane","Underhanded Strike","Distraction"],"picked":"SKIP","floor":35},{"not_picked":["Quick Slash+1","Well Laid Plans"],"picked":"Footwork","floor":39},{"not_picked":["Concentrate+1","All Out Attack","Deadly Poison"],"picked":"SKIP","floor":39}],"player_experience":501052,"relics_obtained":[{"floor":6,"key":"Ginger"},{"floor":6,"key":"Prayer Wheel"},{"floor":9,"key":"Ninja Scroll"},{"floor":24,"key":"Whetstone"},{"floor":24,"key":"Happy Flower"},{"floor":26,"key":"Snake Skull"},{"floor":30,"key":"Bottled Flame"},{"floor":30,"key":"The Courier"},{"floor":36,"key":"Kunai"},{"floor":43,"key":"Matryoshka"}],"event_choices":[{"event_name":"Transmorgrifier","player_choice":"Transform","floor":3,"damage_taken":0},{"event_name":"Liars Game","player_choice":"disagreed","floor":14,"damage_taken":0},{"event_name":"Duplicator","player_choice":"One dupe","floor":20,"damage_taken":0},{"event_name":"Forgotten Altar","player_choice":"Smashed Altar","floor":31,"damage_taken":0},{"event_name":"Falling","player_choice":"Removed Attack","floor":38,"damage_taken":0},{"event_name":"SensoryStone","player_choice":"Memory 1","floor":42,"damage_taken":0}],"is_beta":false,"boss_relics":[{"not_picked":["Busted Crown","Philosopher\u0027s Stone"],"picked":"Cursed Key"},{"not_picked":["White Beast Statue","Velvet Choker"],"picked":"Sozu"}],"items_purged_floors":[19,37],"is_endless":false,"potions_floor_spawned":[4,10,13,21,22,29,30,35],"killed_by":"Transient","ascension_level":12}