{"path_per_floor":["M","$","M","M","?","E","?","$","T","R","M","M","M","?","R","B",null,"M","M","M","?","?","R","$","E","T","R","M","?","$","M","R"],"character_chosen":"IRONCLAD","items_purchased":["Carnage","Orichalcum"],"gold_per_floor":[110,73,89,105,177,205,205,48,48,48,65,81,92,92,92,189,189,202,215,229,229,229,229,229,262,331,331,343,258,258,274,274,274],"floor_reached":33,"campfire_rested":2,"playtime":1518,"current_hp_per_floor":[80,80,80,80,80,48,48,48,48,72,73,64,66,66,66,11,80,65,61,55,55,55,55,55,17,17,56,54,54,54,47,47,0],"items_purged":[],"gold":274,"score":267,"play_id":"8b023f0e-0593-4f39-9008-eeaa21efc55a","local_time":"20180415185656","is_prod":false,"is_daily":false,"chose_seed":false,"is_ascension_mode":false,"campfire_upgraded":3,"timestamp":1523811416,"path_taken":["M","$","M","M","?","E","?","$","T","R","M","M","?","?","R","BOSS","M","M","M","?","?","R","?","E","T","R","M","?","$","?","R","BOSS"],"build_version":"2018-04-12","seed_source_timestamp":0,"purchased_purges":0,"victory":false,"master_deck":["Strike_R","Strike_R","Strike_R","Strike_R","Strike_R","Defend_R","Defend_R","Defend_R","Defend_R","Bash","Metallicize+1","Carnage+1","True Grit","Reaper","Clothesline+1","Perfected Strike+1","Whirlwind+1","Regret","Berserk","Flex","Inflame+1","Double Tap","Whirlwind+1","Double Tap","Flex"],"max_hp_per_floor":[80,80,80,80,80,80,80,80,80,80,80,80,80,80,80,80,80,80,80,80,80,80,80,80,80,80,80,80,80,80,80,80,80],"relics":["Burning Blood","Molten Egg 2","Orichalcum","Ice Cream","Regal Pillow","Black Star","Paper Frog","Pantograph","Matryoshka","Pen Nib"],"card_choices":[{"not_picked":["Thunderclap","Clash"],"picked":"Metallicize","floor":1.0},{"not_picked":["Feel No Pain","Power Through"],"picked":"True Grit","floor":3.0},{"not_picked":["Power Through","Fire Breathing"],"picked":"Reaper","floor":4.0},{"not_picked":["Second Wind","Armaments"],"picked":"Clothesline","floor":6.0},{"not_picked":["Wild Strike","Barricade"],"picked":"Perfected Strike","floor":11.0},{"not_picked":["Havoc","Warcry"],"picked":"Whirlwind","floor":12.0},{"not_picked":["Reaper","Dark Embrace"],"picked":"Berserk","floor":16.0},{"not_picked":["Iron Wave","Pommel Strike"],"picked":"Flex","floor":18.0},{"not_picked":["Heavy Blade","Shrug It Off"],"picked":"Inflame","floor":19.0},{"not_picked":["Pommel Strike","Iron Wave"],"picked":"Double Tap","floor":20.0},{"not_picked":["Heavy Blade","True Grit"],"picked":"Double Tap","floor":28},{"not_picked":["Fire Breathing","Iron Wave"],"picked":"Flex","floor":31}],"player_experience":230016,"potions_floor_usage":[33],"damage_taken":[{"damage":1.0,"enemies":"Jaw Worm","floor":1.0,"turns":3.0},{"damage":0.0,"enemies":"Small Slimes","floor":3.0,"turns":3.0},{"damage":6.0,"enemies":"Cultist","floor":4.0,"turns":3.0},{"damage":38.0,"enemies":"Lagavulin","floor":6.0,"turns":7.0},{"damage":5.0,"enemies":"Looter","floor":11.0,"turns":3.0},{"damage":18.0,"enemies":"Gremlin Gang","floor":12.0,"turns":5.0},{"damage":4.0,"enemies":"Exordium Thugs","floor":13.0,"turns":4.0},{"damage":65.0,"enemies":"Hexaghost","floor":16.0,"turns":12.0},{"damage":21.0,"enemies":"Spheric Guardian","floor":18.0,"turns":5.0},{"damage":16.0,"enemies":"Chosen","floor":19.0,"turns":5.0},{"damage":16.0,"enemies":"Slaver and Parasite","floor":20.0,"turns":5.0},{"damage":44,"enemies":"Book of Stabbing","floor":25,"turns":6},{"damage":8,"enemies":"Snecko","floor":28,"turns":5},{"damage":13,"enemies":"Chosen and Byrds","floor":31,"turns":6},{"damage":75,"enemies":"Automaton","floor":33,"turns":6}],"event_choices":[{"event_name":"Golden Wing","player_choice":"Gained Gold","floor":5.0,"damage_taken":0.0},{"event_name":"Purifier","player_choice":"One Purge","floor":7.0,"damage_taken":0.0},{"event_name":"Big Fish","player_choice":"Box","floor":14.0,"damage_taken":0.0},{"event_name":"Drug Dealer","player_choice":"Ignored","floor":21.0,"damage_taken":0.0},{"event_name":"Duplicator","player_choice":"One dupe","floor":22.0,"damage_taken":0.0},{"event_name":"Addict","player_choice":"Obtained Relic","floor":29,"damage_taken":0}],"boss_relics":[],"potions_floor_spawned":[1,4,12,16,19,31],"seed_played":"-2191260674098239221","killed_by":"Automaton","ascension_level":0,"is_trial":false}