{"gold_per_floor":[109,109,123,134,148,183,195,241,253,293,305,317,358,383,395,484,496,524,556,568,580,592,630,642,665,703,715,755,785,797,821,833,845],"floor_reached":33,"playtime":1953,"items_purged":[],"score":561,"play_id":"ce06df7f-4037-4f90-9f2c-b932447b505e","local_time":"20180821155851","is_ascension_mode":true,"campfire_choices":[{"data":"Go for the Eyes","floor":7,"key":"SMITH"},{"floor":11,"key":"REST"},{"floor":15,"key":"REST"},{"floor":24,"key":"REST"},{"floor":27,"key":"REST"},{"data":"Capacitor","floor":30,"key":"SMITH"},{"data":"1","floor":32,"key":"LIFT"}],"neow_cost":"","seed_source_timestamp":769134023908154,"circlet_count":0,"master_deck":["Strike_B","Strike_B","Defend_B","Defend_B+1","Zap","Dualcast","AscendersBane","Chill","Barrage","Steam","Genetic Algorithm+1","Go for the Eyes+1","Auto Shields","Sweeping Beam","Ball Lightning","Compile Driver","Electrodynamics","Fusion+1","Chill+1","Reprogram+1","Capacitor+1","Compile Driver"],"relics":["Cracked Core","MawBank","Matryoshka","Art of War","Smiling Mask","Strawberry","Mercury Hourglass","War Paint","Astrolabe","Blue Candle","Anchor","Centennial Puzzle","Girya"],"potions_floor_usage":[6,8,23,28,29,33,33],"damage_taken":[{"damage":0,"enemies":"Small Slimes","floor":1,"turns":3},{"damage":0,"enemies":"Cultist","floor":3,"turns":4},{"damage":2,"enemies":"Jaw Worm","floor":4,"turns":3},{"damage":5,"enemies":"Blue Slaver","floor":5,"turns":4},{"damage":8,"enemies":"3 Sentries","floor":6,"turns":9},{"damage":23,"enemies":"Gremlin Nob","floor":8,"turns":4},{"damage":21,"enemies":"3 Sentries","floor":10,"turns":11},{"damage":10,"enemies":"Lagavulin","floor":13,"turns":8},{"damage":0,"enemies":"2 Fungi Beasts","floor":14,"turns":2},{"damage":28,"enemies":"Slime Boss","floor":16,"turns":10},{"damage":2,"enemies":"Shell Parasite","floor":18,"turns":7},{"damage":5,"enemies":"Chosen","floor":19,"turns":4},{"damage":23,"enemies":"Book of Stabbing","floor":23,"turns":7},{"damage":12,"enemies":"Shelled Parasite and Fungi","floor":25,"turns":6},{"damage":0,"enemies":"Gremlin Leader","floor":28,"turns":6},{"damage":10,"enemies":"3 Cultists","floor":29,"turns":4},{"damage":19,"enemies":"Snecko","floor":31,"turns":6},{"damage":49,"enemies":"Champ","floor":33,"turns":9}],"seed_played":"-4798992392033961592","potions_obtained":[{"floor":1,"key":"Swift Potion"},{"floor":5,"key":"FocusPotion"},{"floor":8,"key":"SpeedPotion"},{"floor":13,"key":"Swift Potion"},{"floor":23,"key":"SkillPotion"},{"floor":28,"key":"SteroidPotion"},{"floor":29,"key":"Dexterity Potion"}],"is_trial":false,"path_per_floor":["M","?","M","M","M","E","R","E","T","E","R","?","E","M","R","B",null,"M","M","?","?","?","E","R","M","T","R","E","M","R","M","R"],"character_chosen":"DEFECT","items_purchased":[],"campfire_rested":4,"item_purchase_floors":[],"current_hp_per_floor":[68,68,68,66,61,53,53,30,30,16,40,40,30,30,54,26,68,66,61,61,61,61,38,62,50,50,74,74,64,64,45,45,0],"gold":845,"neow_bonus":"","is_prod":false,"is_daily":false,"chose_seed":false,"campfire_upgraded":2,"win_rate":0,"timestamp":1534881531,"path_taken":["M","?","?","M","M","E","R","E","T","E","R","?","E","M","R","BOSS","M","M","?","?","?","E","R","M","T","R","E","?","R","M","R","BOSS"],"build_version":"2018-08-16","purchased_purges":0,"victory":false,"max_hp_per_floor":[75,75,75,75,75,75,75,75,75,82,82,82,82,82,82,82,82,82,82,82,82,82,82,82,82,82,82,82,82,82,82,82,82],"card_choices":[{"not_picked":["Tempest","Leap"],"picked":"Chill","floor":1},{"not_picked":["Sweeping Beam","Redo"],"picked":"Barrage","floor":3},{"not_picked":["Cold Snap","Streamline"],"picked":"Steam","floor":4},{"not_picked":["Capacitor","Rebound"],"picked":"Genetic Algorithm","floor":5},{"not_picked":["Hologram","Stack"],"picked":"Go for the Eyes","floor":6},{"not_picked":["Gash","Leap"],"picked":"Auto Shields","floor":8},{"not_picked":["Rip and Tear","Conserve Battery"],"picked":"Sweeping Beam","floor":10},{"not_picked":["Cold Snap","Biased Cognition"],"picked":"Ball Lightning","floor":13},{"not_picked":["Conserve Battery","Force Field"],"picked":"Compile Driver","floor":14},{"not_picked":["Meteor Strike","Biased Cognition"],"picked":"Electrodynamics","floor":16},{"not_picked":["Tempest","Beam Cell","Blizzard"],"picked":"SKIP","floor":18},{"not_picked":["Beam Cell","Ball Lightning"],"picked":"Capacitor","floor":19},{"not_picked":["Turbo+1","Barrage","Streamline"],"picked":"SKIP","floor":23},{"not_picked":["Gash","Cold Snap","Beam Cell"],"picked":"SKIP","floor":25},{"not_picked":["Redo","Barrage"],"picked":"Compile Driver","floor":28},{"not_picked":["Tempest","Steam","Beam Cell"],"picked":"SKIP","floor":29},{"not_picked":["Coolheaded","Meteor Strike","Streamline"],"picked":"SKIP","floor":31}],"player_experience":471316,"relics_obtained":[{"floor":6,"key":"MawBank"},{"floor":8,"key":"Matryoshka"},{"floor":9,"key":"Art of War"},{"floor":9,"key":"Smiling Mask"},{"floor":10,"key":"Strawberry"},{"floor":13,"key":"War Paint"},{"floor":23,"key":"Blue Candle"},{"floor":26,"key":"Anchor"},{"floor":26,"key":"Centennial Puzzle"},{"floor":28,"key":"Girya"}],"event_choices":[{"event_name":"Liars Game","player_choice":"disagreed","floor":2,"damage_taken":0},{"event_name":"Dead Adventurer","player_choice":"Searched \u00271\u0027 times","floor":12,"damage_taken":0},{"event_name":"Cursed Tome","player_choice":"Ignored","floor":20,"damage_taken":0},{"event_name":"Back to Basics","player_choice":"Elegance","floor":21,"damage_taken":0},{"event_name":"The Woman in Blue","player_choice":"Bought 0 Potions","floor":22,"damage_taken":0}],"is_beta":false,"boss_relics":[{"not_picked":["Fusion Hammer","Calling Bell"],"picked":"Astrolabe"}],"items_purged_floors":[],"is_endless":false,"potions_floor_spawned":[1,5,8,13,23,28,29],"killed_by":"Champ","ascension_level":13}