{"gold_per_floor":[109,121,101,64,79,79,104,104,173,16,16,16,40,58,58,186,186,209,209,209,222,235,235,253,269,269,293,293,308,308,321,321,447,447,470,803,803,816,738,771,781,816,816,832,832,932,946,959,959,959],"floor_reached":51,"playtime":2322,"items_purged":[],"score":822,"play_id":"66462a98-08c6-4dd4-bed2-af43bab3554d","local_time":"20190111015822","is_ascension_mode":true,"campfire_choices":[{"data":"Bouncing Flask","floor":6.0,"key":"SMITH"},{"data":"Corpse Explosion","floor":8.0,"key":"SMITH"},{"floor":12.0,"key":"REST"},{"data":"Catalyst","floor":15.0,"key":"SMITH"},{"data":"Leg Sweep","floor":23.0,"key":"SMITH"},{"floor":28.0,"key":"REST"},{"floor":30.0,"key":"REST"},{"data":"Dash","floor":32.0,"key":"SMITH"},{"floor":49,"key":"REST"}],"neow_cost":"NONE","seed_source_timestamp":0,"circlet_count":0,"master_deck":["Defend_G+1","Defend_G+1","Defend_G+1","Defend_G+1","Defend_G+1","Strike_G+1","Strike_G+1","Strike_G+1","Strike_G+1","Strike_G+1","Survivor","Neutralize+1","Backflip","Bouncing Flask+1","Catalyst+1","Dodge and Roll","Corpse Explosion+1","Backstab","Malaise","Leg Sweep+1","Deadly Poison","Crippling Poison","PiercingWail","Dash+1","Envenom","Bouncing Flask+1","Bouncing Flask","Deadly Poison+1","Dodge and Roll+1","Shame","Deadly Poison+1","Secret Weapon"],"special_seed":0,"relics":["Ring of the Snake","Omamori","Dodecahedron","Oddly Smooth Stone","Centennial Puzzle","Cursed Key","Ninja Scroll","Fusion Hammer","Letter Opener","Strawberry","Kunai","The Specimen"],"potions_floor_usage":[40,42,50,50],"damage_taken":[{"damage":2.0,"enemies":"Small Slimes","floor":1.0,"turns":4.0},{"damage":1.0,"enemies":"Cultist","floor":2.0,"turns":4.0},{"damage":5.0,"enemies":"2 Louse","floor":5.0,"turns":3.0},{"damage":30.0,"enemies":"3 Sentries","floor":7.0,"turns":12.0},{"damage":7.0,"enemies":"Blue Slaver","floor":14.0,"turns":3.0},{"damage":3.0,"enemies":"The Guardian","floor":16.0,"turns":6.0},{"damage":3.0,"enemies":"3 Byrds","floor":18.0,"turns":3.0},{"damage":12.0,"enemies":"Spheric Guardian","floor":21.0,"turns":4.0},{"damage":0.0,"enemies":"Cultist and Chosen","floor":22.0,"turns":4.0},{"damage":0.0,"enemies":"Snake Plant","floor":24.0,"turns":2.0},{"damage":11.0,"enemies":"Centurion and Healer","floor":25.0,"turns":3.0},{"damage":10.0,"enemies":"Cultist and Chosen","floor":27.0,"turns":3.0},{"damage":6.0,"enemies":"Snake Plant","floor":29.0,"turns":4.0},{"damage":6.0,"enemies":"Centurion and Healer","floor":31.0,"turns":5.0},{"damage":48.0,"enemies":"Collector","floor":33.0,"turns":7.0},{"damage":0,"enemies":"Orb Walker","floor":35,"turns":2},{"damage":0,"enemies":"3 Shapes","floor":38,"turns":2},{"damage":0,"enemies":"Giant Head","floor":40,"turns":5},{"damage":0,"enemies":"Jaw Worm Horde","floor":41,"turns":1},{"damage":4,"enemies":"Reptomancer","floor":42,"turns":4},{"damage":11,"enemies":"Spire Growth","floor":44,"turns":4},{"damage":3,"enemies":"Mind Bloom Boss Battle","floor":46,"turns":5},{"damage":12,"enemies":"Writhing Mass","floor":47,"turns":5},{"damage":0,"enemies":"4 Shapes","floor":48,"turns":4},{"damage":28,"enemies":"Donu and Deca","floor":50,"turns":6}],"seed_played":"-1687719817629109523","potions_obtained":[{"floor":3.0,"key":"EntropicBrew"},{"floor":5.0,"key":"FearPotion"},{"floor":14.0,"key":"Energy Potion"},{"floor":22.0,"key":"SkillPotion"},{"floor":27.0,"key":"Fire Potion"},{"floor":33.0,"key":"Dexterity Potion"},{"floor":38,"key":"Fruit Juice"},{"floor":41,"key":"Ancient Potion"},{"floor":46,"key":"Weak Potion"},{"floor":47,"key":"FairyPotion"}],"is_trial":false,"path_per_floor":["M","M","?","$","M","R","E","R","T","$","?","R","T","M","R","B",null,"M","?","?","M","M","R","M","M","T","M","R","M","R","M","R","B",null,"M","?","?","M","$","E","M","E","T","M","?","?","M","M","R","B",null],"character_chosen":"THE_SILENT","items_purchased":["Catalyst","Oddly Smooth Stone","Bouncing Flask"],"campfire_rested":4,"item_purchase_floors":[4,10,39],"current_hp_per_floor":[68,67,67,67,62,62,32,32,32,32,32,53,53,46,46,43,70,67,67,67,55,55,55,55,44,44,34,55,49,70,64,64,16,70,70,70,70,70,70,75,75,78,78,67,67,64,52,52,76,48],"gold":959,"neow_bonus":"UPGRADE_CARD","is_prod":false,"is_daily":false,"chose_seed":false,"campfire_upgraded":5,"win_rate":0,"timestamp":1547143102,"path_taken":["M","M","?","$","M","R","E","R","T","?","?","R","?","M","R","BOSS","M","?","?","M","M","R","M","M","T","?","R","M","R","M","R","BOSS","M","?","?","M","$","E","?","E","T","?","?","?","M","M","R","BOSS"],"build_version":"2019-01-03v4","purchased_purges":0,"victory":true,"max_hp_per_floor":[70,70,70,70,70,70,70,70,70,70,70,70,70,70,70,70,70,70,70,70,70,70,70,70,70,70,70,70,70,70,70,70,70,70,70,70,70,70,70,75,75,82,82,82,82,82,82,82,82,82],"card_choices":[{"not_picked":["Acrobatics","Bane"],"picked":"Backflip","floor":1.0},{"not_picked":["Expertise","Deadly Poison"],"picked":"Bouncing Flask","floor":2.0},{"not_picked":["Expertise","Storm of Steel"],"picked":"Dodge and Roll","floor":5.0},{"not_picked":["Reflex","Dagger Spray"],"picked":"Corpse Explosion","floor":7.0},{"not_picked":["Acrobatics","Tactician"],"picked":"Backstab","floor":14.0},{"not_picked":["Storm of Steel","Unload"],"picked":"Malaise","floor":16.0},{"not_picked":["Caltrops","Underhanded Strike"],"picked":"Leg Sweep","floor":18.0},{"not_picked":["Acrobatics","Dagger Spray","Deflect"],"picked":"SKIP","floor":21.0},{"not_picked":["Quick Slash+1","Prepared"],"picked":"Deadly Poison","floor":22.0},{"not_picked":["Choke","Tactician+1"],"picked":"Crippling Poison","floor":24.0},{"not_picked":["Infinite Blades","Eviscerate+1"],"picked":"PiercingWail","floor":25.0},{"not_picked":["All Out Attack","Dagger Spray","Bane"],"picked":"SKIP","floor":27.0},{"not_picked":["Sucker Punch+1","Terror"],"picked":"Dash","floor":29.0},{"not_picked":["Choke+1","Poisoned Stab","Dagger Throw"],"picked":"SKIP","floor":31.0},{"not_picked":["Malaise","Unload"],"picked":"Envenom","floor":33.0},{"not_picked":["All Out Attack+1","Dagger Spray","Sucker Punch+1"],"picked":"SKIP","floor":35},{"not_picked":["Prepared","Dagger Spray+1"],"picked":"Bouncing Flask+1","floor":38},{"not_picked":["Outmaneuver+1","Slice","Cloak And Dagger"],"picked":"SKIP","floor":40},{"not_picked":["Calculated Gamble+1","Finisher"],"picked":"Deadly Poison+1","floor":41},{"not_picked":["Glass Knife","Calculated Gamble+1"],"picked":"Dodge and Roll+1","floor":42},{"not_picked":["Cloak And Dagger","Flying Knee+1"],"picked":"Deadly Poison+1","floor":44},{"not_picked":["Flash of Steel","Good Instincts"],"picked":"Secret Weapon","floor":45},{"not_picked":["Dodge and Roll","Poisoned Stab","Envenom"],"picked":"SKIP","floor":47},{"not_picked":["Outmaneuver+1","Blade Dance","Bane+1"],"picked":"SKIP","floor":48}],"player_experience":257005,"relics_obtained":[{"floor":7.0,"key":"Omamori"},{"floor":9.0,"key":"Dodecahedron"},{"floor":13.0,"key":"Centennial Puzzle"},{"floor":26.0,"key":"Ninja Scroll"},{"floor":40,"key":"Letter Opener"},{"floor":42,"key":"Strawberry"},{"floor":43,"key":"Kunai"},{"floor":46,"key":"The Specimen"}],"event_choices":[{"damage_healed":0.0,"max_hp_gain":0.0,"max_hp_loss":0.0,"gold_gain":0.0,"event_name":"The Woman in Blue","player_choice":"Bought 1 Potion","floor":3.0,"gold_loss":0.0,"damage_taken":0.0},{"damage_healed":0.0,"max_hp_gain":0.0,"max_hp_loss":0.0,"gold_gain":0.0,"event_name":"Golden Idol","player_choice":"Take Wound","floor":11.0,"gold_loss":0.0,"damage_taken":0.0,"relics_obtained":["Golden Idol"],"cards_obtained":["Injury"]},{"damage_healed":0.0,"max_hp_gain":0.0,"max_hp_loss":0.0,"gold_gain":0.0,"event_name":"Back to Basics","player_choice":"Simplicity","floor":19.0,"gold_loss":0.0,"damage_taken":0.0,"cards_upgraded":["Defend_G","Defend_G","Defend_G","Defend_G","Defend_G","Strike_G","Strike_G","Strike_G","Strike_G","Strike_G"]},{"damage_healed":0.0,"max_hp_gain":0.0,"max_hp_loss":0.0,"gold_gain":0.0,"event_name":"Lab","player_choice":"Got Potions","floor":20.0,"gold_loss":0.0,"damage_taken":0.0},{"damage_healed":0,"gold_gain":333,"player_choice":"Gave Idol","damage_taken":0,"max_hp_gain":0,"max_hp_loss":0,"event_name":"The Moai Head","floor":36,"relics_lost":["Golden Idol"],"gold_loss":0},{"damage_healed":0,"gold_gain":0,"player_choice":"Ignored","damage_taken":0,"max_hp_gain":0,"max_hp_loss":0,"event_name":"Tomb of Lord Red Mask","floor":37,"gold_loss":0},{"damage_healed":0,"gold_gain":0,"player_choice":"Memory 1","damage_taken":0,"max_hp_gain":0,"max_hp_loss":0,"event_name":"SensoryStone","floor":45,"gold_loss":0},{"damage_healed":0,"gold_gain":0,"player_choice":"Fight","damage_taken":0,"max_hp_gain":0,"max_hp_loss":0,"event_name":"MindBloom","floor":46,"gold_loss":0}],"is_beta":false,"boss_relics":[{"not_picked":["Astrolabe","Black Star"],"picked":"Cursed Key"},{"not_picked":["HoveringKite","Lizard Tail"],"picked":"Fusion Hammer"}],"items_purged_floors":[],"is_endless":false,"potions_floor_spawned":[5,14,21,22,27,29,33,38,41,46,47,48],"ascension_level":1}