{"gold_per_floor":[111,123,134,149,114,114,141,141,164,182,211,224,121,135,135,211,211],"floor_reached":17,"playtime":643,"items_purged":["Strike_G"],"score":330,"play_id":"b8839e1c-d384-4d45-bbc1-89b5a59c6f22","local_time":"20181028102425","is_ascension_mode":true,"campfire_choices":[{"data":"Neutralize","floor":6,"key":"SMITH"},{"floor":8,"key":"REST"},{"data":"Leg Sweep","floor":15,"key":"SMITH"}],"neow_cost":"NONE","seed_source_timestamp":84074661397718,"circlet_count":0,"master_deck":["Defend_G","Defend_G","Defend_G","Defend_G","Defend_G","Strike_G","Strike_G","Strike_G","Strike_G","Survivor","Neutralize+1","AscendersBane","Terror","Cloak And Dagger","Heel Hook","Dagger Throw","Predator","Well Laid Plans","Backflip","Leg Sweep+1","Dagger Spray","Unload"],"relics":["Ring of the Snake","NeowsBlessing","Bronze Scales","Boot","Bag of Marbles"],"potions_floor_usage":[7,16,16],"damage_taken":[{"damage":0,"enemies":"2 Louse","floor":1,"turns":1},{"damage":0,"enemies":"Jaw Worm","floor":2,"turns":1},{"damage":0,"enemies":"Cultist","floor":3,"turns":1},{"damage":13,"enemies":"Red Slaver","floor":4,"turns":6},{"damage":34,"enemies":"Gremlin Nob","floor":7,"turns":4},{"damage":4,"enemies":"Exordium Wildlife","floor":10,"turns":4},{"damage":11,"enemies":"Lagavulin","floor":11,"turns":8},{"damage":15,"enemies":"Exordium Thugs","floor":12,"turns":5},{"damage":0,"enemies":"Looter","floor":14,"turns":2},{"damage":3,"enemies":"The Guardian","floor":16,"turns":11}],"seed_played":"-1627738268242247306","potions_obtained":[{"floor":2,"key":"Explosive Potion"},{"floor":4,"key":"Strength Potion"},{"floor":10,"key":"LiquidBronze"},{"floor":11,"key":"EssenceOfSteel"},{"floor":16,"key":"Strength Potion"}],"is_trial":false,"path_per_floor":["M","M","M","M","?","R","E","R","T","M","E","M","$","M","R","B"],"character_chosen":"THE_SILENT","items_purchased":["Dagger Spray"],"campfire_rested":1,"item_purchase_floors":[13],"current_hp_per_floor":[59,59,59,46,62,62,28,47,47,43,32,17,17,17,17,14,14],"gold":211,"neow_bonus":"THREE_ENEMY_KILL","is_prod":false,"is_daily":false,"chose_seed":false,"campfire_upgraded":2,"win_rate":0,"timestamp":1540736665,"path_taken":["M","M","M","M","?","R","E","R","T","M","E","?","?","M","R","BOSS"],"build_version":"2018-10-25v2","purchased_purges":1,"victory":false,"max_hp_per_floor":[66,66,66,66,66,66,66,66,66,66,66,66,66,66,66,66,66],"card_choices":[{"not_picked":["Outmaneuver","Dodge and Roll"],"picked":"Terror","floor":1},{"not_picked":["Sucker Punch","Accuracy"],"picked":"Cloak And Dagger","floor":2},{"not_picked":["Blade Dance","Flying Knee"],"picked":"Heel Hook","floor":3},{"not_picked":["Dodge and Roll","PiercingWail"],"picked":"Dagger Throw","floor":4},{"not_picked":["Setup","Skewer"],"picked":"Predator","floor":7},{"not_picked":["Heel Hook","Dagger Throw"],"picked":"Well Laid Plans","floor":10},{"not_picked":["Eviscerate","Acrobatics"],"picked":"Backflip","floor":11},{"not_picked":["Sucker Punch","Dagger Throw"],"picked":"Leg Sweep","floor":12},{"not_picked":["Storm of Steel","Choke","Bane"],"picked":"SKIP","floor":14},{"not_picked":["Burst","Venomology"],"picked":"Unload","floor":16}],"player_experience":605776,"relics_obtained":[{"floor":7,"key":"Bronze Scales"},{"floor":9,"key":"Boot"},{"floor":11,"key":"Bag of Marbles"}],"event_choices":[{"damage_healed":16,"gold_gain":0,"player_choice":"Healed","damage_taken":0,"max_hp_gain":0,"max_hp_loss":0,"event_name":"The Cleric","floor":5,"gold_loss":35}],"is_beta":false,"boss_relics":[],"items_purged_floors":[13],"is_endless":false,"potions_floor_spawned":[2,4,10,11,16],"ascension_level":19}