{"gold_per_floor":[10,27,37,51,51,51,79,90,90,90,118,43,55,86,86,164,164,180,95,113,113,11,11,38,38,90,15,15,47,47,47,47,124,124,144,144,0,0,10,43,43,69,69,69,69],"floor_reached":45,"playtime":1909,"items_purged":["Strike_B"],"score":1075,"play_id":"28409d4d-0318-4eb7-b6f1-3e53d3a8355c","local_time":"20190207104827","is_ascension_mode":true,"campfire_choices":[{"data":"Streamline","floor":6,"key":"SMITH"},{"data":"Decay","floor":10,"key":"PURGE"},{"floor":15,"key":"REST"},{"data":"Defragment","floor":23,"key":"SMITH"},{"data":"Sweeping Beam","floor":25,"key":"SMITH"},{"data":"Beam Cell","floor":28,"key":"SMITH"},{"data":"Strike_B+1","floor":32,"key":"PURGE"},{"data":"Panacea","floor":41,"key":"SMITH"}],"neow_cost":"NO_GOLD","seed_source_timestamp":1329116933804659,"circlet_count":0,"master_deck":["AscendersBane","Strike_B+1","Defend_B+1","Defend_B+1","Defend_B+1","Defend_B+1","Zap","Dualcast","Beam Cell+1","Coolheaded","Streamline+1","Ball Lightning+1","Self Repair","Sweeping Beam+1","FTL+1","Undo","Multi-Cast","Chill","Defragment+1","Self Repair","Rainbow","Echo Form","Defragment+1","Panacea+1","Dark Shackles","Compile Driver+1"],"relics":["Cracked Core","Pear","Peace Pipe","Mango","Ice Cream","Coffee Dripper","Molten Egg 2","Art of War","Potion Belt","Bronze Scales","Inserter","Red Mask","Sundial","Whetstone"],"potions_floor_usage":[16,18,24,29,39,42,45],"damage_taken":[{"damage":0,"enemies":"Cultist","floor":1,"turns":3},{"damage":1,"enemies":"2 Louse","floor":2,"turns":2},{"damage":7,"enemies":"Jaw Worm","floor":3,"turns":2},{"damage":17,"enemies":"Large Slime","floor":4,"turns":5},{"damage":20,"enemies":"Lagavulin","floor":7,"turns":5},{"damage":10,"enemies":"2 Fungi Beasts","floor":8,"turns":4},{"damage":11,"enemies":"Gremlin Nob","floor":11,"turns":3},{"damage":5,"enemies":"3 Louse","floor":13,"turns":3},{"damage":26,"enemies":"Lagavulin","floor":14,"turns":6},{"damage":12,"enemies":"Slime Boss","floor":16,"turns":8},{"damage":31,"enemies":"Shell Parasite","floor":18,"turns":4},{"damage":26,"enemies":"2 Thieves","floor":20,"turns":3},{"damage":34,"enemies":"Gremlin Leader","floor":24,"turns":8},{"damage":41,"enemies":"Book of Stabbing","floor":29,"turns":5},{"damage":16,"enemies":"Champ","floor":33,"turns":9},{"damage":0,"enemies":"3 Shapes","floor":35,"turns":9},{"damage":25,"enemies":"3 Darklings","floor":39,"turns":6},{"damage":29,"enemies":"Nemesis","floor":40,"turns":9},{"damage":92,"enemies":"Reptomancer","floor":42,"turns":7},{"damage":36,"enemies":"Giant Head","floor":45,"turns":5}],"seed_played":"6389435841823503818","potions_obtained":[{"floor":3,"key":"FocusPotion"},{"floor":11,"key":"Weak Potion"},{"floor":13,"key":"Explosive Potion"},{"floor":18,"key":"Explosive Potion"},{"floor":24,"key":"Energy Potion"},{"floor":29,"key":"SteroidPotion"},{"floor":33,"key":"SkillPotion"},{"floor":42,"key":"AttackPotion"}],"is_trial":false,"path_per_floor":["M","M","M","M","?","R","E","M","T","R","E","$","M","E","R","B",null,"M","?","M","?","$","R","E","R","T","?","R","E","?","$","R","B",null,"M","?","?","?","M","E","R","E","T","?","E"],"character_chosen":"DEFECT","items_purchased":["Defragment","SpeedPotion"],"campfire_rested":1,"item_purchase_floors":[22,22],"current_hp_per_floor":[78,77,70,53,53,53,43,40,40,40,43,43,38,19,51,46,93,69,69,50,72,72,72,45,45,45,45,45,18,18,18,18,16,86,109,99,99,99,102,101,101,30,30,30,0],"gold":69,"neow_bonus":"TWENTY_PERCENT_HP_BONUS","is_prod":false,"is_daily":false,"chose_seed":false,"campfire_upgraded":5,"win_rate":0,"timestamp":1549554507,"path_taken":["M","M","M","M","?","R","E","M","T","R","E","$","?","E","R","BOSS","M","?","M","?","?","R","E","R","T","?","R","E","?","?","R","BOSS","M","?","?","?","M","E","R","E","T","?","E"],"build_version":"2019-01-23","purchased_purges":1,"victory":false,"max_hp_per_floor":[85,85,85,85,85,85,95,95,95,95,109,109,109,109,109,109,109,109,109,109,109,109,109,109,109,109,109,109,109,109,109,109,109,109,109,109,109,104,104,104,104,104,104,104,104],"card_choices":[{"not_picked":["Scrape","Leap"],"picked":"Beam Cell","floor":1},{"not_picked":["Leap","Hologram"],"picked":"Coolheaded","floor":2},{"not_picked":["Beam Cell","Steam"],"picked":"Streamline","floor":3},{"not_picked":["Rebound","Sweeping Beam"],"picked":"Ball Lightning","floor":4},{"not_picked":["Multi-Cast","Fusion"],"picked":"Self Repair","floor":7},{"not_picked":["Beam Cell","Fusion"],"picked":"Sweeping Beam","floor":8},{"not_picked":["Machine Learning","Cold Snap"],"picked":"Ball Lightning","floor":11},{"not_picked":["Ball Lightning","Stack"],"picked":"FTL","floor":13},{"not_picked":["Rainbow","Coolheaded"],"picked":"Undo","floor":14},{"not_picked":["Rainbow","Buffer"],"picked":"Multi-Cast","floor":16},{"not_picked":["Lockon","Rebound+1","Stack"],"picked":"SKIP","floor":18},{"not_picked":["Fusion","Conserve Battery"],"picked":"Chill","floor":20},{"not_picked":["Cold Snap+1","Lockon+1"],"picked":"Self Repair","floor":24},{"not_picked":["Chaos","Coolheaded"],"picked":"Rainbow","floor":29},{"not_picked":["Hyperbeam+1","Seek"],"picked":"Echo Form","floor":33},{"not_picked":["Steam+1","Go for the Eyes+1"],"picked":"Defragment+1","floor":35},{"not_picked":["Flash of Steel+1","Secret Weapon"],"picked":"Panacea","floor":36},{"not_picked":["Panacea","Madness"],"picked":"Dark Shackles","floor":36},{"not_picked":["Cold Snap+1","Streamline+1"],"picked":"Compile Driver+1","floor":39},{"not_picked":["Compile Driver+1","Sweeping Beam+1","Scrape+1"],"picked":"SKIP","floor":40},{"not_picked":["Compile Driver+1","Sweeping Beam+1","Scrape+1"],"picked":"SKIP","floor":40},{"not_picked":["Doom and Gloom+1","Force Field","Sunder+1"],"picked":"SKIP","floor":42}],"player_experience":811344,"relics_obtained":[{"floor":7,"key":"Pear"},{"floor":9,"key":"Peace Pipe"},{"floor":11,"key":"Mango"},{"floor":14,"key":"Ice Cream"},{"floor":24,"key":"Art of War"},{"floor":26,"key":"Potion Belt"},{"floor":29,"key":"Bronze Scales"},{"floor":40,"key":"Sundial"},{"floor":42,"key":"Whetstone"}],"event_choices":[{"damage_healed":0,"gold_gain":0,"player_choice":"Cursed","damage_taken":0,"max_hp_gain":0,"max_hp_loss":0,"event_name":"Wheel of Change","floor":5,"gold_loss":0,"cards_obtained":["Decay"]},{"damage_healed":0,"gold_gain":0,"player_choice":"Obtained Relic","damage_taken":0,"relics_obtained":["Molten Egg 2"],"max_hp_gain":0,"max_hp_loss":0,"event_name":"Addict","floor":19,"gold_loss":85},{"damage_healed":22,"gold_gain":0,"player_choice":"Heal","damage_taken":0,"max_hp_gain":0,"max_hp_loss":0,"event_name":"The Library","floor":21,"gold_loss":0},{"cards_removed":["Strike_B"],"damage_healed":0,"gold_gain":0,"player_choice":"Gave Gold","damage_taken":0,"max_hp_gain":0,"max_hp_loss":0,"event_name":"Beggar","floor":27,"gold_loss":75},{"damage_healed":0,"gold_gain":0,"player_choice":"Simplicity","damage_taken":0,"max_hp_gain":0,"max_hp_loss":0,"event_name":"Back to Basics","floor":30,"gold_loss":0,"cards_upgraded":["Strike_B","Strike_B","Defend_B","Defend_B","Defend_B","Defend_B"]},{"damage_healed":0,"gold_gain":0,"player_choice":"Memory 3","damage_taken":10,"max_hp_gain":0,"max_hp_loss":0,"event_name":"SensoryStone","floor":36,"gold_loss":0},{"damage_healed":0,"gold_gain":0,"player_choice":"Paid","damage_taken":0,"relics_obtained":["Red Mask"],"max_hp_gain":0,"max_hp_loss":0,"event_name":"Tomb of Lord Red Mask","floor":37,"gold_loss":144},{"damage_healed":0,"gold_gain":0,"player_choice":"Max HP","damage_taken":0,"max_hp_gain":0,"max_hp_loss":5,"event_name":"Winding Halls","floor":38,"gold_loss":0},{"cards_removed":["Ball Lightning"],"damage_healed":0,"gold_gain":0,"player_choice":"Removed Attack","damage_taken":0,"max_hp_gain":0,"max_hp_loss":0,"event_name":"Falling","floor":44,"gold_loss":0}],"is_beta":false,"boss_relics":[{"not_picked":["Astrolabe","Tiny House"],"picked":"Coffee Dripper"},{"not_picked":["Sozu","Velvet Choker"],"picked":"Inserter"}],"items_purged_floors":[12],"is_endless":false,"potions_floor_spawned":[3,11,13,18,24,29,33,42],"killed_by":"Giant Head","ascension_level":20}