{"gold_per_floor":[360,330,92,42,57,82,82,110,110,110,130,163,163,238,238,315,315,335,335,14,32,44,44,44],"floor_reached":24,"playtime":691,"items_purged":["Decay"],"score":424,"play_id":"2350ac25-5eec-4965-809e-287f9bc1c9ef","local_time":"20181210130202","is_ascension_mode":true,"campfire_choices":[{"data":"Hyperbeam","floor":7,"key":"SMITH"},{"data":"Defragment","floor":10,"key":"SMITH"},{"data":"Sunder","floor":13,"key":"SMITH"},{"floor":15,"key":"REST"},{"floor":23,"key":"REST"}],"neow_cost":"CURSE","seed_source_timestamp":1386737659674782,"circlet_count":0,"master_deck":["AscendersBane","Strike_B","Strike_B","Strike_B","Strike_B","Defend_B","Defend_B","Defend_B","Defend_B","Zap","Dualcast","Streamline","Hyperbeam+1","Sunder+1","Gash","Turbo","Defragment+1","Coolheaded","Biased Cognition","Seek","Leap"],"relics":["Cracked Core","Pear","DataDisk","Mummified Hand","Ancient Tea Set","Black Star","Potion Belt","Pocketwatch"],"potions_floor_usage":[6,18,22],"damage_taken":[{"damage":11,"enemies":"Small Slimes","floor":1,"turns":3},{"damage":1,"enemies":"Cultist","floor":5,"turns":3},{"damage":25,"enemies":"Lagavulin","floor":6,"turns":7},{"damage":8,"enemies":"Gremlin Nob","floor":8,"turns":3},{"damage":0,"enemies":"2 Louse","floor":11,"turns":2},{"damage":5,"enemies":"3 Sentries","floor":12,"turns":4},{"damage":29,"enemies":"Slime Boss","floor":16,"turns":7},{"damage":11,"enemies":"2 Thieves","floor":18,"turns":2},{"damage":29,"enemies":"Shell Parasite","floor":21,"turns":4},{"damage":16,"enemies":"Centurion and Healer","floor":22,"turns":4},{"damage":37,"enemies":"Book of Stabbing","floor":24,"turns":3}],"seed_played":"-6994084257937126096","potions_obtained":[{"floor":2,"key":"AttackPotion"},{"floor":2,"key":"AttackPotion"},{"floor":12,"key":"SpeedPotion"},{"floor":18,"key":"Explosive Potion"}],"is_trial":false,"path_per_floor":["M","?","$","$","M","E","R","E","T","R","M","E","R","?","R","B",null,"M","?","$","M","M","R","E"],"character_chosen":"DEFECT","items_purchased":["Hyperbeam","Sunder","Gash","Pocketwatch"],"campfire_rested":2,"item_purchase_floors":[3,3,4,20],"current_hp_per_floor":[53,53,53,53,52,37,37,29,29,29,29,24,24,13,37,8,63,52,52,52,23,7,31,0],"gold":44,"neow_bonus":"TWO_FIFTY_GOLD","is_prod":false,"is_daily":false,"chose_seed":false,"campfire_upgraded":3,"win_rate":0,"timestamp":1544464922,"path_taken":["M","?","?","$","M","E","R","E","T","R","M","E","R","?","R","BOSS","M","?","$","M","M","R","E"],"build_version":"2018-12-06","purchased_purges":1,"victory":false,"max_hp_per_floor":[71,71,71,71,71,81,81,81,81,81,81,81,81,81,81,81,81,81,81,81,81,81,81,81],"card_choices":[{"not_picked":["Lockon","Leap"],"picked":"Streamline","floor":1},{"not_picked":["Doom and Gloom","Barrage"],"picked":"Stack","floor":5},{"not_picked":["Stack","Thunder Strike"],"picked":"Turbo","floor":6},{"not_picked":["Conserve Battery","Barrage"],"picked":"Defragment","floor":8},{"not_picked":["Turbo","Steam"],"picked":"Coolheaded","floor":11},{"not_picked":["Redo","Cold Snap"],"picked":"Biased Cognition","floor":12},{"not_picked":["Buffer","Rainbow"],"picked":"Seek","floor":16},{"not_picked":["Conserve Battery","Doom and Gloom","Redo"],"picked":"SKIP","floor":18},{"not_picked":["Redo","Heatsinks","Conserve Battery"],"picked":"SKIP","floor":21},{"not_picked":["Force Field","Recycle"],"picked":"Leap","floor":22}],"player_experience":673233,"relics_obtained":[{"floor":6,"key":"Pear"},{"floor":8,"key":"DataDisk"},{"floor":9,"key":"Mummified Hand"},{"floor":12,"key":"Ancient Tea Set"}],"event_choices":[{"damage_healed":0,"gold_gain":0,"player_choice":"Bought 2 Potions","damage_taken":0,"max_hp_gain":0,"max_hp_loss":0,"event_name":"The Woman in Blue","floor":2,"gold_loss":0},{"damage_healed":0,"gold_gain":75,"player_choice":"Gather Gold","damage_taken":11,"max_hp_gain":0,"max_hp_loss":0,"event_name":"World of Goop","floor":14,"gold_loss":0},{"cards_removed":["Stack"],"damage_healed":0,"gold_gain":0,"player_choice":"Gave Card","damage_taken":0,"relics_obtained":["Potion Belt"],"max_hp_gain":0,"max_hp_loss":0,"event_name":"WeMeetAgain","floor":19,"gold_loss":0}],"is_beta":false,"boss_relics":[{"not_picked":["Inserter","Runic Pyramid"],"picked":"Black Star"}],"items_purged_floors":[3],"is_endless":false,"potions_floor_spawned":[5,12,18],"killed_by":"Book of Stabbing","ascension_level":20}