{"gold_per_floor":[116,136,136,136,153,153,168,168,194,3,3,14,25,35,35,135,135,155,22,22,40,50,50,149,149,149,149,149,149,167,185,185,185],"floor_reached":33,"playtime":1626,"items_purged":["Defend_R"],"score":336,"play_id":"8c957fb3-aea4-448e-acb8-94388c367db7","local_time":"20190109201238","is_ascension_mode":true,"campfire_choices":[{"data":"Flame Barrier","floor":6.0,"key":"SMITH"},{"data":"True Grit","floor":8.0,"key":"SMITH"},{"data":"Pommel Strike","floor":15.0,"key":"SMITH"},{"data":"Body Slam","floor":23.0,"key":"SMITH"},{"data":"Dual Wield","floor":27.0,"key":"SMITH"},{"floor":29.0,"key":"REST"},{"data":"Clothesline","floor":32,"key":"SMITH"}],"neow_cost":"NONE","seed_source_timestamp":0,"circlet_count":0,"master_deck":["Defend_R","Defend_R","Defend_R","Bash","Flame Barrier+1","Dual Wield+1","Clothesline+1","True Grit+1","Pommel Strike+1","Shrug It Off","Impervious","Shrug It Off","Impervious","Body Slam+1","True Grit","True Grit","Ghostly Armor","Bite","Bite","Bite","Bite","Bite","Writhe","Impervious","Ghostly Armor+1"],"special_seed":0,"relics":["Burning Blood","Bronze Scales","Membership Card","Lantern","Orrery","ClockworkSouvenir","Blue Candle","Prayer Wheel"],"potions_floor_usage":[33],"damage_taken":[{"damage":4.0,"enemies":"2 Louse","floor":1.0,"turns":3.0},{"damage":4.0,"enemies":"Jaw Worm","floor":2.0,"turns":4.0},{"damage":0.0,"enemies":"Small Slimes","floor":5.0,"turns":3.0},{"damage":6.0,"enemies":"Blue Slaver","floor":7.0,"turns":4.0},{"damage":0.0,"enemies":"Large Slime","floor":12.0,"turns":4.0},{"damage":0.0,"enemies":"2 Fungi Beasts","floor":13.0,"turns":3.0},{"damage":25.0,"enemies":"Exordium Thugs","floor":14.0,"turns":6.0},{"damage":31.0,"enemies":"Slime Boss","floor":16.0,"turns":10.0},{"damage":24.0,"enemies":"Chosen","floor":18.0,"turns":8.0},{"damage":0.0,"enemies":"3 Byrds","floor":21.0,"turns":5.0},{"damage":0.0,"enemies":"Snake Plant","floor":22.0,"turns":4.0},{"damage":72.0,"enemies":"Gremlin Leader","floor":25.0,"turns":9.0},{"damage":6.0,"enemies":"Cultist and Chosen","floor":30.0,"turns":9.0},{"damage":12,"enemies":"Centurion and Healer","floor":31,"turns":6},{"damage":97,"enemies":"Automaton","floor":33,"turns":8}],"seed_played":"-7570301453912128454","potions_obtained":[{"floor":5.0,"key":"FearPotion"},{"floor":7.0,"key":"Swift Potion"},{"floor":12.0,"key":"Weak Potion"},{"floor":16.0,"key":"BloodPotion"},{"floor":18.0,"key":"Weak Potion"},{"floor":22.0,"key":"SmokeBomb"},{"floor":31,"key":"Energy Potion"}],"is_trial":false,"path_per_floor":["M","M","?","$","M","R","M","R","T","$","?","M","M","M","R","B",null,"M","$","?","M","M","R","?","E","T","R","?","R","M","M","R","B"],"character_chosen":"IRONCLAD","items_purchased":["Membership Card","ClockworkSouvenir"],"campfire_rested":1,"item_purchase_floors":[10,19],"current_hp_per_floor":[80,80,64,64,70,70,70,70,70,70,67,75,80,61,61,38,80,62,62,62,78,80,80,80,38,38,38,38,62,72,78,78,0],"gold":185,"neow_bonus":"RANDOM_COMMON_RELIC","is_prod":false,"is_daily":false,"chose_seed":false,"campfire_upgraded":6,"win_rate":0,"timestamp":1547035958,"path_taken":["M","M","?","$","M","R","M","R","T","$","?","M","M","M","R","BOSS","M","$","?","M","M","R","?","E","T","R","?","R","?","M","R","BOSS"],"build_version":"2019-01-03v4","purchased_purges":1,"victory":false,"max_hp_per_floor":[80,80,80,80,80,80,80,80,80,80,80,80,80,80,80,80,80,80,80,80,80,80,80,80,80,80,80,80,80,80,80,80,80],"card_choices":[{"not_picked":["Twin Strike","Thunderclap"],"picked":"Flame Barrier","floor":1.0},{"not_picked":["Feel No Pain","Clash"],"picked":"Dual Wield","floor":2.0},{"not_picked":["Sword Boomerang","Corruption"],"picked":"Clothesline","floor":5.0},{"not_picked":["Burning Pact","Fiend Fire"],"picked":"True Grit","floor":7.0},{"not_picked":["Searing Blow","Thunderclap"],"picked":"Pommel Strike","floor":12.0},{"not_picked":["Ghostly Armor","Sentinel"],"picked":"Shrug It Off","floor":13.0},{"not_picked":["Combust","Sword Boomerang","Cleave"],"picked":"SKIP","floor":14.0},{"not_picked":["Brutality","Exhume"],"picked":"Impervious","floor":16.0},{"not_picked":["Headbutt","Flex"],"picked":"Shrug It Off","floor":17.0},{"not_picked":["Warcry","Twin Strike"],"picked":"Impervious","floor":17.0},{"not_picked":["Clothesline","Entrench"],"picked":"Body Slam","floor":17.0},{"not_picked":["Flex","Disarm"],"picked":"True Grit","floor":17.0},{"not_picked":["Dual Wield","Clothesline"],"picked":"True Grit","floor":17.0},{"not_picked":["Warcry+1","Armaments"],"picked":"Ghostly Armor","floor":18.0},{"not_picked":["Twin Strike","Clash+1","Pummel"],"picked":"SKIP","floor":21.0},{"not_picked":["Fire Breathing","Anger","Second Wind"],"picked":"SKIP","floor":22.0},{"not_picked":["Dropkick+1","True Grit"],"picked":"Impervious","floor":30},{"not_picked":["Warcry","Fire Breathing","Power Through"],"picked":"SKIP","floor":30},{"not_picked":["Blood for Blood","Pummel+1"],"picked":"Ghostly Armor+1","floor":31},{"not_picked":["Carnage+1","Pommel Strike","Clash"],"picked":"SKIP","floor":31}],"player_experience":248665,"relics_obtained":[{"floor":9.0,"key":"Blood Vial"},{"floor":26.0,"key":"Blue Candle"}],"event_choices":[{"damage_healed":0.0,"max_hp_gain":0.0,"max_hp_loss":0.0,"gold_gain":0.0,"event_name":"Shining Light","player_choice":"Entered Light","floor":3.0,"gold_loss":0.0,"damage_taken":16.0,"cards_upgraded":["Strike_R","Strike_R"]},{"damage_healed":0.0,"max_hp_gain":0.0,"max_hp_loss":0.0,"gold_gain":0.0,"event_name":"Scrap Ooze","player_choice":"Success","floor":11.0,"gold_loss":0.0,"damage_taken":3.0,"relics_obtained":["Lantern"]},{"damage_healed":0.0,"max_hp_gain":0.0,"max_hp_loss":0.0,"gold_gain":0.0,"event_name":"Vampires","player_choice":"Became a vampire (Vial)","floor":20.0,"relics_lost":["Blood Vial"],"gold_loss":0.0,"damage_taken":0.0,"cards_obtained":["Bite","Bite","Bite","Bite","Bite"]},{"damage_healed":0.0,"max_hp_gain":0.0,"max_hp_loss":0.0,"gold_gain":99.0,"event_name":"Nest","player_choice":"Stole From Cult","floor":24.0,"gold_loss":0.0,"damage_taken":0.0},{"damage_healed":0.0,"max_hp_gain":0.0,"max_hp_loss":0.0,"gold_gain":0.0,"event_name":"The Mausoleum","player_choice":"Opened","floor":28.0,"gold_loss":0.0,"damage_taken":0.0,"relics_obtained":["Prayer Wheel"],"cards_obtained":["Writhe"]}],"is_beta":false,"boss_relics":[{"not_picked":["Runic Cube","Black Star"],"picked":"Orrery"}],"items_purged_floors":[19],"is_endless":false,"potions_floor_spawned":[5,7,12,16,18,22,31],"killed_by":"Automaton","ascension_level":4}