{"gold_per_floor":[115,133,133,146,44,74,74,100,100,118,118,131,131,144,144,246,246,257,273,14,30,30],"floor_reached":22,"playtime":1194,"items_purged":[],"score":247,"play_id":"4fbb4288-6e0b-4d9f-860f-db1e266e2df3","local_time":"20181201211811","is_ascension_mode":true,"campfire_choices":[{"data":"Zap","floor":7.0,"key":"SMITH"},{"floor":11.0,"key":"REST"},{"floor":13.0,"key":"REST"},{"floor":15.0,"key":"REST"}],"neow_cost":"CURSE","seed_source_timestamp":266671868172653,"circlet_count":0,"master_deck":["Strike_B","Strike_B","Strike_B","Strike_B","Defend_B","Defend_B","Defend_B","Defend_B","Zap+1","Dualcast","Trip","Discovery","Capacitor","Consume","Cold Snap","Sunder","Defragment","Leap","Hologram","Steam","Compile Driver","Cold Snap","Core Surge","Skim","White Noise","Melter","Streamline+1"],"special_seed":0,"relics":["Cracked Core","Spirit Poop","Omamori","Dodecahedron","Darkstone Periapt","Cursed Key","Oddly Smooth Stone"],"potions_floor_usage":[],"damage_taken":[{"damage":0.0,"enemies":"Small Slimes","floor":1.0,"turns":1.0},{"damage":1.0,"enemies":"Cultist","floor":2.0,"turns":3.0},{"damage":1.0,"enemies":"2 Louse","floor":4.0,"turns":3.0},{"damage":35.0,"enemies":"Gremlin Nob","floor":6.0,"turns":4.0},{"damage":25.0,"enemies":"Lagavulin","floor":8.0,"turns":7.0},{"damage":8.0,"enemies":"Gremlin Gang","floor":10.0,"turns":4.0},{"damage":21.0,"enemies":"Exordium Thugs","floor":12.0,"turns":6.0},{"damage":9.0,"enemies":"Red Slaver","floor":14.0,"turns":4.0},{"damage":40.0,"enemies":"The Guardian","floor":16.0,"turns":10.0},{"damage":14.0,"enemies":"2 Thieves","floor":18.0,"turns":4.0},{"damage":23.0,"enemies":"Shell Parasite","floor":19.0,"turns":6.0},{"damage":12.0,"enemies":"Snecko","floor":21.0,"turns":8.0},{"damage":11,"enemies":"Snake Plant","floor":22,"turns":3}],"seed_played":"1862368633661529616","potions_obtained":[{"floor":6.0,"key":"Block Potion"},{"floor":10.0,"key":"Energy Potion"},{"floor":12.0,"key":"Energy Potion"},{"floor":19.0,"key":"Swift Potion"},{"floor":21.0,"key":"PowerPotion"}],"is_trial":false,"path_per_floor":["M","M","?","M","$","E","R","E","T","M","R","M","R","M","R","B",null,"M","M","$","M","M"],"character_chosen":"DEFECT","items_purchased":["Sunder","Defragment","Oddly Smooth Stone","White Noise","Melter"],"campfire_rested":3,"item_purchase_floors":[5,5,20,20,20],"current_hp_per_floor":[75,74,74,73,73,38,38,13,13,5,27,6,28,19,41,1,57,43,20,20,8,0],"gold":30,"neow_bonus":"RANDOM_COLORLESS_2","is_prod":false,"is_daily":false,"chose_seed":false,"campfire_upgraded":1,"win_rate":0,"timestamp":1543666691,"path_taken":["M","M","?","M","$","E","R","E","T","M","R","M","R","M","R","BOSS","M","M","$","?","M"],"build_version":"2018-11-15","purchased_purges":0,"victory":false,"max_hp_per_floor":[75,75,75,75,75,75,75,75,75,75,75,75,75,75,75,75,75,75,75,75,75,75],"card_choices":[{"not_picked":["Redo","Compile Driver"],"picked":"Capacitor","floor":1.0},{"not_picked":["Ball Lightning","Sweeping Beam"],"picked":"Consume","floor":2.0},{"not_picked":["Leap","Skim"],"picked":"Cold Snap","floor":4.0},{"not_picked":["Skim","Fission"],"picked":"Leap","floor":6.0},{"not_picked":["Gash","Force Field"],"picked":"Hologram","floor":8.0},{"not_picked":["Aggregate","Barrage"],"picked":"Steam","floor":10.0},{"not_picked":["Hello World","Turbo"],"picked":"Compile Driver","floor":12.0},{"not_picked":["Rebound","Compile Driver"],"picked":"Cold Snap","floor":14.0},{"not_picked":["Machine Learning","Meteor Strike"],"picked":"Core Surge","floor":16.0},{"not_picked":["Sweeping Beam+1","Static Discharge","Stack"],"picked":"SKIP","floor":18.0},{"not_picked":["Cold Snap","Stack"],"picked":"Skim","floor":19.0},{"not_picked":["Reprogram","Steam"],"picked":"Streamline+1","floor":21.0}],"player_experience":148086,"relics_obtained":[{"floor":6.0,"key":"Omamori"},{"floor":8.0,"key":"Dodecahedron"},{"floor":9.0,"key":"Darkstone Periapt"}],"event_choices":[{"cards_removed":["Shame"],"damage_healed":0.0,"max_hp_gain":0.0,"max_hp_loss":0.0,"gold_gain":0.0,"event_name":"Bonfire Elementals","player_choice":"Offered Curse","floor":3.0,"gold_loss":0.0,"damage_taken":0.0,"relics_obtained":["Spirit Poop"]}],"is_beta":false,"boss_relics":[{"not_picked":["Lizard Tail","Empty Cage"],"picked":"Cursed Key"}],"items_purged_floors":[],"is_endless":false,"potions_floor_spawned":[6,10,12,19,21],"killed_by":"Snake Plant","ascension_level":5}