{"gold_per_floor":[109,0,25,38,53,53,79,79,79,112,112,122,122,122,122,199,199,171,188,188,188,188,214,214,264,264,294,321,349,349,26,26,101,101,112,163,263,275,275,275,308,13,84,84,94,114,114,131,131,131,131,131,131,44,44],"floor_reached":55,"playtime":3798,"items_purged":[],"score":1864,"play_id":"2890c3b9-7fcc-40ee-b3d5-fba0587828a0","local_time":"20190122221154","is_ascension_mode":true,"campfire_choices":[{"data":"Twin Strike","floor":6.0,"key":"SMITH"},{"data":"Bash","floor":8.0,"key":"SMITH"},{"data":"Metallicize","floor":11.0,"key":"SMITH"},{"floor":15.0,"key":"REST"},{"floor":24.0,"key":"REST"},{"floor":30.0,"key":"REST"},{"floor":32.0,"key":"REST"},{"floor":40.0,"key":"REST"},{"floor":44.0,"key":"REST"},{"floor":47.0,"key":"REST"},{"floor":49.0,"key":"RECALL"},{"floor":53.0,"key":"REST"}],"neow_cost":"NONE","seed_source_timestamp":0,"circlet_count":0,"master_deck":["AscendersBane","Strike_R","Defend_R","Defend_R+1","Defend_R+1","Defend_R","Bash+1","Anger","Metallicize+1","Twin Strike+1","Armaments","Reckless Charge","Sword Boomerang+1","Uppercut+1","Demon Form","Thunderclap+1","Limit Break","Immolate+1","Battle Trance","Reaper+1","Offering","Whirlwind+1","Havoc+1","Disarm","Dark Shackles","Dark Shackles","Bandage Up","Shrug It Off","Evolve+1","Flame Barrier+1","Corruption+1"],"special_seed":0,"relics":["Burning Blood","War Paint","Juzu Bracelet","Orichalcum","Molten Egg 2","Fusion Hammer","Nilry\u0027s Codex","Anchor","Frozen Egg 2","Question Card","Boot","Matryoshka","Champion Belt","Empty Cage","Pocketwatch","Incense Burner","Bottled Lightning","Red Skull","Vajra","Dodecahedron"],"potions_floor_usage":[55],"damage_taken":[{"damage":6.0,"enemies":"Cultist","floor":1.0,"turns":5.0},{"damage":4.0,"enemies":"Jaw Worm","floor":4.0,"turns":3.0},{"damage":2.0,"enemies":"2 Louse","floor":5.0,"turns":3.0},{"damage":22.0,"enemies":"Gremlin Nob","floor":7.0,"turns":4.0},{"damage":15.0,"enemies":"3 Sentries","floor":10.0,"turns":8.0},{"damage":6.0,"enemies":"Looter","floor":12.0,"turns":3.0},{"damage":34.0,"enemies":"The Guardian","floor":16.0,"turns":14.0},{"damage":13.0,"enemies":"2 Thieves","floor":18.0,"turns":4.0},{"damage":10.0,"enemies":"Chosen","floor":19.0,"turns":4.0},{"damage":21.0,"enemies":"Gremlin Leader","floor":23.0,"turns":5.0},{"damage":0.0,"enemies":"Slavers","floor":27.0,"turns":1.0},{"damage":28.0,"enemies":"Gremlin Leader","floor":29.0,"turns":7.0},{"damage":58.0,"enemies":"Automaton","floor":33.0,"turns":8.0},{"damage":13.0,"enemies":"Orb Walker","floor":35.0,"turns":3.0},{"damage":46.0,"enemies":"2 Orb Walkers","floor":36.0,"turns":4.0},{"damage":10.0,"enemies":"Mind Bloom Boss Battle","floor":37.0,"turns":5.0},{"damage":22.0,"enemies":"3 Shapes","floor":38.0,"turns":6.0},{"damage":63.0,"enemies":"Reptomancer","floor":41.0,"turns":7.0},{"damage":40.0,"enemies":"3 Darklings","floor":45.0,"turns":3.0},{"damage":37.0,"enemies":"Maw","floor":46.0,"turns":6.0},{"damage":10.0,"enemies":"4 Shapes","floor":48.0,"turns":2.0},{"damage":73.0,"enemies":"Donu and Deca","floor":50.0,"turns":8.0},{"damage":52.0,"enemies":"Time Eater","floor":51.0,"turns":13.0},{"damage":81,"enemies":"Shield and Spear","floor":55,"turns":4}],"seed_played":"-2988104719069653830","potions_obtained":[{"floor":4.0,"key":"Poison Potion"},{"floor":12.0,"key":"Regen Potion"},{"floor":18.0,"key":"Block Potion"},{"floor":19.0,"key":"SteroidPotion"},{"floor":36.0,"key":"SpeedPotion"},{"floor":37.0,"key":"GamblersBrew"},{"floor":48.0,"key":"LiquidBronze"}],"is_trial":false,"path_per_floor":["M","$","T","M","M","R","E","R","T","E","R","M","?","?","R","B",null,"M","M","?","?","?","E","R","?","T","E","T","E","R","$","R","B",null,"M","?","?","M","?","R","E","$","T","R","M","M","R","M","R","B","B",null,"R","$","E"],"character_chosen":"IRONCLAD","items_purchased":["Metallicize","Twin Strike","Champion Belt","Red Skull","Ancient Potion","Shrug It Off","Corruption+1"],"campfire_rested":8,"item_purchase_floors":[2,2,31,42,42,42,54],"current_hp_per_floor":[68,68,68,70,74,74,58,58,58,49,49,49,49,49,71,43,67,60,56,56,56,35,34,56,56,56,62,62,40,62,62,75,48,68,74,41,56,50,40,62,23,23,23,45,42,28,50,64,64,45,59,71,75,75,0],"gold":44,"neow_bonus":"RANDOM_COMMON_RELIC","is_prod":false,"is_daily":false,"chose_seed":false,"campfire_upgraded":3,"win_rate":0,"timestamp":1548213114,"path_taken":["M","$","?","M","M","R","E","R","T","E","R","M","?","?","R","BOSS","M","M","?","?","?","E","R","?","T","E","?","E","R","$","R","BOSS","M","?","?","M","?","R","E","$","T","R","M","M","R","M","R","BOSS","BOSS","R","$","E"],"build_version":"2019-01-17v2","purchased_purges":0,"victory":false,"max_hp_per_floor":[75,75,75,75,75,75,75,75,75,75,75,75,75,75,75,75,75,75,75,75,75,75,75,75,75,75,75,75,75,75,75,75,75,75,75,75,75,75,75,75,75,75,75,75,75,75,75,75,75,75,75,75,75,75,75],"card_choices":[{"not_picked":["True Grit","Perfected Strike"],"picked":"Anger","floor":1.0},{"not_picked":["Havoc","Rupture"],"picked":"Armaments","floor":4.0},{"not_picked":["Thunderclap","Shrug It Off"],"picked":"Reckless Charge","floor":5.0},{"not_picked":["Pommel Strike","Sword Boomerang","Cleave"],"picked":"SKIP","floor":7.0},{"not_picked":["Entrench","Second Wind"],"picked":"Sword Boomerang","floor":10.0},{"not_picked":["Heavy Blade+1","Blood for Blood+1"],"picked":"Uppercut+1","floor":12.0},{"not_picked":["Double Tap","Offering"],"picked":"Demon Form","floor":16.0},{"not_picked":["Cleave+1","Sword Boomerang+1"],"picked":"Thunderclap+1","floor":18.0},{"not_picked":["Warcry+1","Carnage+1","Heavy Blade+1"],"picked":"SKIP","floor":19.0},{"not_picked":["Heavy Blade+1","Twin Strike+1"],"picked":"Battle Trance","floor":23.0},{"not_picked":["Headbutt+1","Flex","Warcry"],"picked":"SKIP","floor":27.0},{"not_picked":["Armaments","Power Through","True Grit"],"picked":"Reaper+1","floor":29.0},{"not_picked":["Bludgeon+1","Berserk+1","Feed+1"],"picked":"Offering","floor":33.0},{"not_picked":["Pommel Strike+1","Heavy Blade+1","Havoc"],"picked":"Whirlwind+1","floor":35.0},{"not_picked":["Perfected Strike+1","True Grit","Searing Blow+1"],"picked":"Havoc+1","floor":36.0},{"not_picked":["Burning Pact","Berserk+1","Body Slam+1"],"picked":"Disarm","floor":38.0},{"not_picked":["Good Instincts","PanicButton","Discovery"],"picked":"Dark Shackles","floor":39.0},{"not_picked":["Jack Of All Trades","Bandage Up","Finesse"],"picked":"Dark Shackles","floor":39.0},{"not_picked":["Swift Strike+1","Jack Of All Trades","Panacea"],"picked":"Bandage Up","floor":39.0},{"not_picked":["Twin Strike+1","Sentinel","Blood for Blood+1","Clash+1"],"picked":"SKIP","floor":41.0},{"not_picked":["Perfected Strike+1","Clash+1","Body Slam+1"],"picked":"Evolve+1","floor":45.0},{"not_picked":["Warcry+1","Evolve+1","Combust+1"],"picked":"Flame Barrier+1","floor":46.0},{"not_picked":["Reckless Charge+1","True Grit+1","Battle Trance","Armaments"],"picked":"SKIP","floor":48.0}],"player_experience":751949,"relics_obtained":[{"floor":7.0,"key":"Juzu Bracelet"},{"floor":9.0,"key":"Orichalcum"},{"floor":10.0,"key":"Molten Egg 2"},{"floor":22.0,"key":"Nilry\u0027s Codex"},{"floor":23.0,"key":"Anchor"},{"floor":26.0,"key":"Frozen Egg 2"},{"floor":27.0,"key":"Question Card"},{"floor":28.0,"key":"Boot"},{"floor":29.0,"key":"Matryoshka"},{"floor":36.0,"key":"Pocketwatch"},{"floor":37.0,"key":"Incense Burner"},{"floor":41.0,"key":"Bottled Lightning"},{"floor":43.0,"key":"Vajra"},{"floor":43.0,"key":"Dodecahedron"}],"event_choices":[{"damage_healed":0.0,"max_hp_gain":0.0,"max_hp_loss":0.0,"gold_gain":0.0,"event_name":"Liars Game","player_choice":"Ignored","floor":13.0,"gold_loss":0.0,"damage_taken":0.0},{"cards_removed":["Strike_R"],"damage_healed":0.0,"max_hp_gain":0.0,"max_hp_loss":0.0,"gold_gain":0.0,"event_name":"Living Wall","player_choice":"Forget","floor":14.0,"gold_loss":0.0,"damage_taken":0.0},{"damage_healed":0.0,"max_hp_gain":0.0,"max_hp_loss":0.0,"gold_gain":0.0,"event_name":"The Library","player_choice":"Read","floor":20.0,"gold_loss":0.0,"damage_taken":0.0,"cards_obtained":["Limit Break"]},{"damage_healed":0.0,"max_hp_gain":0.0,"max_hp_loss":0.0,"gold_gain":0.0,"cards_transformed":["Strike_R"],"event_name":"Transmorgrifier","player_choice":"Transformed","floor":21.0,"gold_loss":0.0,"damage_taken":0.0,"cards_obtained":["Immolate"]},{"damage_healed":0.0,"max_hp_gain":0.0,"max_hp_loss":0.0,"gold_gain":0.0,"event_name":"Cursed Tome","player_choice":"Obtained Book","floor":22.0,"gold_loss":0.0,"damage_taken":21.0},{"damage_healed":0.0,"max_hp_gain":0.0,"max_hp_loss":0.0,"gold_gain":50.0,"event_name":"Nest","player_choice":"Stole From Cult","floor":25.0,"gold_loss":0.0,"damage_taken":0.0},{"damage_healed":0.0,"max_hp_gain":0.0,"max_hp_loss":0.0,"gold_gain":0.0,"event_name":"Mysterious Sphere","player_choice":"Fight","floor":36.0,"gold_loss":0.0,"damage_taken":0.0},{"damage_healed":0.0,"max_hp_gain":0.0,"max_hp_loss":0.0,"gold_gain":0.0,"event_name":"MindBloom","player_choice":"Fight","floor":37.0,"gold_loss":0.0,"damage_taken":0.0},{"damage_healed":0.0,"max_hp_gain":0.0,"max_hp_loss":0.0,"gold_gain":0.0,"event_name":"SensoryStone","player_choice":"Memory 3","floor":39.0,"gold_loss":0.0,"damage_taken":10.0}],"is_beta":false,"boss_relics":[{"not_picked":["Sozu","Orrery"],"picked":"Fusion Hammer"},{"not_picked":["Astrolabe","Black Blood"],"picked":"Empty Cage"}],"items_purged_floors":[],"is_endless":false,"potions_floor_spawned":[4,12,16,18,19,36,37,48],"killed_by":"Shield and Spear","ascension_level":20}