{"path_per_floor":["M","?","?","?","M","M","E","M","T","$","R","?","M","T","R","B",null,"M","$","M","?","M","R","E","M","T","M","M","?","E","M","R","B",null,"M","$","?","M","M"],"character_chosen":"DEFECT","items_purchased":["Apotheosis","War Paint","Gremlin Horn"],"gold_per_floor":[116,116,116,116,131,150,177,191,216,23,23,43,54,80,80,181,181,196,121,131,131,147,147,181,198,243,256,274,274,306,321,321,421,421,432,34,34,53,68,68],"floor_reached":40,"campfire_rested":3,"playtime":3543,"item_purchase_floors":[10,36,36],"current_hp_per_floor":[74,74,59,64,64,59,42,41,41,41,41,36,34,34,73,62,80,69,69,59,43,28,67,44,39,39,28,23,49,50,50,80,23,80,60,60,80,80,48,0],"items_purged":["Strike_B"],"gold":68,"score":452,"play_id":"74e11e82-07f7-4971-9933-8f47981f0510","local_time":"20180602100236","is_prod":false,"is_daily":false,"chose_seed":false,"is_ascension_mode":true,"campfire_upgraded":1,"win_rate":0.0,"timestamp":1527951756,"campfire_choices":[{"data":"Apotheosis","floor":11,"key":"SMITH"},{"floor":15,"key":"REST"},{"floor":23,"key":"REST"},{"floor":32,"key":"REST"}],"path_taken":["M","?","?","?","M","M","E","?","T","$","R","?","M","?","R","BOSS","M","?","M","?","M","R","E","M","T","?","?","?","E","M","R","BOSS","M","$","?","M","M","E"],"build_version":"2018-05-31","seed_source_timestamp":1403342257779703,"purchased_purges":1,"victory":false,"master_deck":["Strike_B+1","Defend_B","Defend_B+1","Defend_B","Zap","Dualcast+1","Consume","Reprogram","FTL","Cold Snap","Redo","Apotheosis+1","Chaos","Chaos","Rainbow+1","Go for the Eyes","White Noise","FTL+1","Fission","Melter+1","Hologram+1","Defragment","Defragment","Fission","Creative AI","Hologram+1","Compile Driver+1","Sweeping Beam+1","Static Discharge","Writhe"],"max_hp_per_floor":[75,75,75,80,80,80,80,80,80,80,80,80,80,80,80,80,80,80,80,80,80,80,80,80,80,80,80,80,80,80,80,80,80,80,80,80,80,80,80,80],"relics":["Cracked Core","Anchor","Regal Pillow","Odd Mushroom","Oddly Smooth Stone","Sozu","Nilry\u0027s Codex","Vajra","Happy Flower","Bag of Preparation","Astrolabe","War Paint","Gremlin Horn"],"card_choices":[{"not_picked":["Chill","Gash"],"picked":"Consume","floor":1},{"not_picked":["Cold Snap","Streamline"],"picked":"Reprogram","floor":5},{"not_picked":["Lockon","Coolheaded"],"picked":"FTL","floor":6},{"not_picked":["Buffer","Steam Power"],"picked":"Cold Snap","floor":7},{"not_picked":["Stack","Reprogram"],"picked":"Redo","floor":8},{"not_picked":["Storm","Double Energy"],"picked":"Chaos","floor":12},{"not_picked":["Stack","Lockon"],"picked":"Chaos","floor":13},{"not_picked":["Multi-Cast","Reboot"],"picked":"Rainbow","floor":16},{"not_picked":["Stack","Blizzard+1"],"picked":"Go for the Eyes","floor":18},{"not_picked":["Coolheaded","Hologram"],"picked":"White Noise","floor":20},{"not_picked":["Steam","Compile Driver"],"picked":"FTL+1","floor":22},{"not_picked":["Rainbow","Redo+1"],"picked":"Fission","floor":24},{"not_picked":["Conserve Battery","Static Discharge"],"picked":"Melter+1","floor":25},{"not_picked":["Coolheaded+1","Conserve Battery+1"],"picked":"Hologram+1","floor":27},{"not_picked":["Melter","Coolheaded"],"picked":"Defragment","floor":28},{"not_picked":["Go for the Eyes","BootSequence"],"picked":"Defragment","floor":30},{"not_picked":["Double Energy+1","Loop+1"],"picked":"Fission","floor":31},{"not_picked":["Seek","Reboot"],"picked":"Creative AI","floor":33},{"not_picked":["Gash+1","Barrage+1"],"picked":"Static Discharge","floor":35},{"not_picked":["Scrape+1","Barrage+1","Coolheaded+1"],"picked":"SKIP","floor":38},{"not_picked":["Steam+1","Coolheaded","Stack+1"],"picked":"SKIP","floor":39}],"player_experience":321399,"potions_floor_usage":[12,22,24],"damage_taken":[{"damage":1,"enemies":"Cultist","floor":1,"turns":4},{"damage":0,"enemies":"2 Louse","floor":5,"turns":3},{"damage":5,"enemies":"Small Slimes","floor":6,"turns":3},{"damage":17,"enemies":"3 Sentries","floor":7,"turns":7},{"damage":1,"enemies":"2 Fungi Beasts","floor":8,"turns":4},{"damage":5,"enemies":"The Mushroom Lair","floor":12,"turns":3},{"damage":2,"enemies":"Blue Slaver","floor":13,"turns":3},{"damage":11,"enemies":"Slime Boss","floor":16,"turns":10},{"damage":11,"enemies":"Spheric Guardian","floor":18,"turns":4},{"damage":10,"enemies":"Shell Parasite","floor":20,"turns":5},{"damage":15,"enemies":"Cultist and Chosen","floor":22,"turns":5},{"damage":23,"enemies":"Slavers","floor":24,"turns":6},{"damage":5,"enemies":"Snake Plant","floor":25,"turns":4},{"damage":11,"enemies":"Chosen and Byrds","floor":27,"turns":7},{"damage":5,"enemies":"Cultist and Chosen","floor":28,"turns":5},{"damage":6,"enemies":"Book of Stabbing","floor":30,"turns":6},{"damage":0,"enemies":"Snecko","floor":31,"turns":3},{"damage":57,"enemies":"Collector","floor":33,"turns":9},{"damage":20,"enemies":"3 Darklings","floor":35,"turns":4},{"damage":0,"enemies":"3 Shapes","floor":38,"turns":4},{"damage":32,"enemies":"Maw","floor":39,"turns":10},{"damage":53,"enemies":"Giant Head","floor":40,"turns":8}],"relics_obtained":[{"floor":7,"key":"Anchor"},{"floor":9,"key":"Regal Pillow"},{"floor":12,"key":"Odd Mushroom"},{"floor":14,"key":"Oddly Smooth Stone"},{"floor":21,"key":"Nilry\u0027s Codex"},{"floor":24,"key":"Vajra"},{"floor":26,"key":"Happy Flower"},{"floor":30,"key":"Bag of Preparation"}],"event_choices":[{"event_name":"Liars Game","player_choice":"disagreed","floor":2,"damage_taken":0},{"event_name":"Shining Light","player_choice":"Entered Light","floor":3,"damage_taken":0},{"event_name":"Big Fish","player_choice":"Donut","floor":4,"damage_taken":0},{"event_name":"Mushrooms","player_choice":"Fought Mushrooms","floor":12,"damage_taken":0},{"event_name":"Cursed Tome","player_choice":"Obtained Book","floor":21,"damage_taken":0},{"event_name":"The Library","player_choice":"Heal","floor":29,"damage_taken":0},{"event_name":"Winding Halls","player_choice":"Writhe","floor":37,"damage_taken":0}],"boss_relics":[{"not_picked":["Philosopher\u0027s Stone","White Beast Statue"],"picked":"Sozu"},{"not_picked":["Calling Bell","Pandora\u0027s Box"],"picked":"Astrolabe"}],"items_purged_floors":[19],"potions_floor_spawned":[1,6,13,16,18,24,25,30,33,39],"seed_played":"7972623536166632351","killed_by":"Giant Head","ascension_level":1,"potions_obtained":[{"floor":1,"key":"Fire Potion"},{"floor":6,"key":"Explosive Potion"},{"floor":13,"key":"EssenceOfSteel"},{"floor":16,"key":"AttackPotion"}],"is_trial":false}