{"gold_per_floor":[119,133,163,163,183,183,209,235,303,303,17,43,55,72,72,144,144,158,23,23,35,35,51,51,51],"floor_reached":25,"playtime":830,"items_purged":[],"score":422,"play_id":"0beaa7b0-8a8b-48e0-9a64-977d9ea48f21","local_time":"20190216092945","is_ascension_mode":true,"campfire_choices":[{"data":"Zap","floor":6,"key":"SMITH"},{"floor":10,"key":"REST"},{"floor":15,"key":"REST"},{"floor":24,"key":"REST"}],"neow_cost":"NONE","seed_source_timestamp":172497574851791,"circlet_count":0,"master_deck":["AscendersBane","Strike_B","Defend_B+1","Defend_B+1","Defend_B","Defend_B","Zap+1","Dualcast","Gash","Chill","Rebound","Gash","Tempest","Static Discharge+1","Static Discharge+1","Creative AI+1","Rip and Tear+1","Blizzard+1","Cold Snap+1","Genetic Algorithm","Heatsinks+1","Hologram+1"],"relics":["Cracked Core","NeowsBlessing","Tiny Chest","FaceOfCleric","Sundial","Matryoshka","Frozen Egg 2","Ice Cream","Astrolabe","Nloth\u0027s Gift","Omamori"],"potions_floor_usage":[7,7,14,25,25],"damage_taken":[{"damage":0,"enemies":"Small Slimes","floor":1,"turns":1},{"damage":0,"enemies":"Cultist","floor":2,"turns":1},{"damage":0,"enemies":"Jaw Worm","floor":5,"turns":1},{"damage":27,"enemies":"Gremlin Nob","floor":7,"turns":4},{"damage":26,"enemies":"Lagavulin","floor":12,"turns":7},{"damage":12,"enemies":"Exordium Wildlife","floor":13,"turns":2},{"damage":8,"enemies":"Lots of Slimes","floor":14,"turns":8},{"damage":20,"enemies":"Hexaghost","floor":16,"turns":6},{"damage":5,"enemies":"3 Byrds","floor":18,"turns":1},{"damage":21,"enemies":"Chosen","floor":21,"turns":4},{"damage":26,"enemies":"Snecko","floor":23,"turns":7},{"damage":48,"enemies":"Gremlin Leader","floor":25,"turns":2}],"seed_played":"3282634361567771577","potions_obtained":[{"floor":1,"key":"Swift Potion"},{"floor":5,"key":"Block Potion"},{"floor":7,"key":"PowerPotion"},{"floor":12,"key":"Strength Potion"},{"floor":13,"key":"FocusPotion"}],"is_trial":false,"path_per_floor":["M","M","?","?","M","R","E","T","T","R","$","E","M","M","R","B",null,"M","$","?","M","?","M","R","E"],"character_chosen":"DEFECT","items_purchased":["Frozen Egg 2","Heatsinks+1","AttackPotion"],"campfire_rested":3,"item_purchase_floors":[11,19,19],"current_hp_per_floor":[64,64,59,59,60,60,34,34,34,55,55,30,19,12,34,15,62,58,58,58,38,38,13,37,0],"gold":51,"neow_bonus":"THREE_ENEMY_KILL","is_prod":false,"is_daily":false,"chose_seed":false,"campfire_upgraded":1,"win_rate":0,"timestamp":1550327385,"path_taken":["M","M","?","?","?","R","E","?","T","R","?","E","M","M","R","BOSS","M","?","?","?","?","M","R","E"],"build_version":"2019-01-23","purchased_purges":0,"victory":false,"max_hp_per_floor":[71,71,71,71,72,72,73,73,73,73,73,74,75,76,76,77,77,78,78,78,79,79,80,80,80],"card_choices":[{"not_picked":["Skim","Consume"],"picked":"Gash","floor":1},{"not_picked":["Steam","Compile Driver"],"picked":"Chill","floor":2},{"not_picked":["Beam Cell","Blizzard"],"picked":"Rebound","floor":5},{"not_picked":["Stack","Turbo"],"picked":"Gash","floor":7},{"not_picked":["Cold Snap","Go for the Eyes"],"picked":"Tempest","floor":12},{"not_picked":["Conserve Battery","Hologram"],"picked":"Static Discharge+1","floor":13},{"not_picked":["Heatsinks+1","Barrage"],"picked":"Static Discharge+1","floor":14},{"not_picked":["Seek","Buffer+1"],"picked":"Creative AI+1","floor":16},{"not_picked":["Beam Cell","Lockon"],"picked":"Genetic Algorithm","floor":18},{"not_picked":["Gash","Rebound","Beam Cell"],"picked":"SKIP","floor":21},{"not_picked":["Go for the Eyes+1","Gash"],"picked":"Hologram+1","floor":23}],"player_experience":834853,"relics_obtained":[{"floor":7,"key":"Sundial"},{"floor":8,"key":"War Paint"},{"floor":9,"key":"Matryoshka"},{"floor":12,"key":"Ice Cream"},{"floor":22,"key":"Omamori"}],"event_choices":[{"damage_healed":0,"gold_gain":0,"player_choice":"Success","damage_taken":5,"relics_obtained":["Tiny Chest"],"max_hp_gain":0,"max_hp_loss":0,"event_name":"Scrap Ooze","floor":3,"gold_loss":0},{"damage_healed":0,"gold_gain":0,"player_choice":"Trade","damage_taken":0,"relics_obtained":["FaceOfCleric"],"max_hp_gain":0,"max_hp_loss":0,"event_name":"FaceTrader","floor":4,"gold_loss":0},{"damage_healed":0,"gold_gain":0,"player_choice":"Traded Relic","damage_taken":0,"relics_obtained":["Nloth\u0027s Gift"],"max_hp_gain":0,"max_hp_loss":0,"event_name":"N\u0027loth","floor":20,"relics_lost":["War Paint"],"gold_loss":0},{"damage_healed":0,"gold_gain":0,"player_choice":"Relic","damage_taken":0,"max_hp_gain":0,"max_hp_loss":0,"event_name":"Wheel of Change","floor":22,"gold_loss":0}],"is_beta":false,"boss_relics":[{"not_picked":["Pandora\u0027s Box","Tiny House"],"picked":"Astrolabe"}],"items_purged_floors":[],"is_endless":false,"potions_floor_spawned":[1,5,7,12,13],"killed_by":"Gremlin Leader","ascension_level":20}