{"gold_per_floor":[118,293,303,36,54,85,85,110,134,199,54,77,77,112,112,207,207,219,239,249,209,222,256,256,283,283,310,310,310,48,62,62,163,163,176,225,225,46,46,72,72,82,82,113,113,141,141,100,100,100],"floor_reached":51,"playtime":2036,"items_purged":["Doubt","Strike_G"],"score":1403,"play_id":"83f39f27-a2a0-4dc1-a90c-f051eb165441","local_time":"20180928133546","is_ascension_mode":true,"campfire_choices":[{"floor":7,"key":"REST"},{"data":"Noxious Fumes","floor":13,"key":"SMITH"},{"floor":15,"key":"REST"},{"floor":24,"key":"REST"},{"floor":32,"key":"REST"},{"data":"1","floor":41,"key":"LIFT"},{"floor":49,"key":"REST"}],"neow_cost":"","seed_source_timestamp":414128765672712,"circlet_count":0,"master_deck":["Defend_G+1","Defend_G","Defend_G+1","Defend_G","Defend_G","Strike_G","Strike_G","Strike_G","Strike_G","Survivor+1","Neutralize","AscendersBane","Crippling Poison","Skewer","Noxious Fumes+1","Die Die Die","Deflect","Leg Sweep","Deadly Poison","Sucker Punch+1","Corpse Explosion","PiercingWail","Backstab","Cloak And Dagger","Tools of the Trade","Caltrops","Deadly Poison+1","Footwork","Escape Plan","Noxious Fumes","Malaise","Burst","Footwork+1"],"relics":["Ring of the Serpent","Regal Pillow","War Paint","Juzu Bracelet","Art of War","PreservedInsect","Lantern","Centennial Puzzle","Fusion Hammer","Bag of Marbles","Turnip","Matryoshka","Pear","Enchiridion","Omamori","Girya","Bottled Tornado","Du-Vu Doll","Orichalcum","Question Card","Frozen Egg 2","Snake Skull","Mango","Ornamental Fan"],"potions_floor_usage":[6,10,23,27,50,50],"damage_taken":[{"damage":4,"enemies":"Cultist","floor":1,"turns":5},{"damage":1,"enemies":"Small Slimes","floor":3,"turns":4},{"damage":4,"enemies":"Jaw Worm","floor":5,"turns":4},{"damage":26,"enemies":"Gremlin Nob","floor":6,"turns":4},{"damage":21,"enemies":"3 Sentries","floor":8,"turns":8},{"damage":1,"enemies":"3 Sentries","floor":10,"turns":7},{"damage":23,"enemies":"Gremlin Nob","floor":14,"turns":4},{"damage":23,"enemies":"Hexaghost","floor":16,"turns":10},{"damage":7,"enemies":"3 Byrds","floor":18,"turns":3},{"damage":13,"enemies":"2 Thieves","floor":19,"turns":3},{"damage":19,"enemies":"Cultist and Chosen","floor":20,"turns":5},{"damage":8,"enemies":"Shelled Parasite and Fungi","floor":22,"turns":6},{"damage":7,"enemies":"Book of Stabbing","floor":23,"turns":5},{"damage":0,"enemies":"Slavers","floor":25,"turns":3},{"damage":0,"enemies":"Gremlin Leader","floor":27,"turns":4},{"damage":2,"enemies":"Snecko","floor":31,"turns":4},{"damage":33,"enemies":"Collector","floor":33,"turns":9},{"damage":5,"enemies":"Orb Walker","floor":35,"turns":3},{"damage":7,"enemies":"Mysterious Sphere","floor":36,"turns":5},{"damage":23,"enemies":"Giant Head","floor":40,"turns":8},{"damage":24,"enemies":"3 Darklings","floor":42,"turns":3},{"damage":11,"enemies":"2 Orb Walkers","floor":44,"turns":2},{"damage":21,"enemies":"Nemesis","floor":46,"turns":5},{"damage":25,"enemies":"Donu and Deca","floor":50,"turns":8}],"seed_played":"2383918243208373218","potions_obtained":[{"floor":1,"key":"PowerPotion"},{"floor":8,"key":"PowerPotion"},{"floor":16,"key":"AttackPotion"},{"floor":22,"key":"Explosive Potion"},{"floor":25,"key":"SpeedPotion"},{"floor":33,"key":"Ancient Potion"}],"is_trial":false,"path_per_floor":["M","?","M","$","M","E","R","E","T","?","$","T","R","E","R","B",null,"M","M","M","?","M","E","R","E","T","E","?","T","$","M","R","B",null,"M","?","?","$","$","E","R","M","T","E","T","E","?","$","R","B"],"character_chosen":"THE_SILENT","items_purchased":["Noxious Fumes","Die Die Die","PreservedInsect","Bottled Tornado","Footwork","Footwork+1"],"campfire_rested":5,"item_purchase_floors":[4,4,11,30,38,48],"current_hp_per_floor":[59,59,58,58,54,28,64,43,43,42,42,42,42,19,55,32,61,54,41,22,22,14,7,43,43,43,53,37,37,37,35,74,41,70,65,58,80,80,80,57,57,33,33,22,36,15,15,15,58,33],"gold":100,"neow_bonus":"","is_prod":false,"is_daily":false,"chose_seed":false,"campfire_upgraded":1,"win_rate":0,"timestamp":1538156146,"path_taken":["M","?","?","$","M","E","R","E","T","?","$","?","R","E","R","BOSS","M","M","M","?","M","E","R","E","T","E","?","?","?","M","R","BOSS","M","?","?","?","$","E","R","M","T","E","?","E","?","?","R","BOSS"],"build_version":"2018-09-27","purchased_purges":2,"victory":true,"max_hp_per_floor":[70,70,70,70,70,70,70,70,70,70,70,70,70,70,70,70,70,70,70,70,70,70,70,70,70,70,80,80,80,80,80,80,80,80,80,80,80,80,80,80,80,80,80,80,94,94,94,94,94,94],"card_choices":[{"not_picked":["Acrobatics","Blur"],"picked":"Crippling Poison","floor":1},{"not_picked":["Eviscerate","Slice"],"picked":"Skewer","floor":3},{"not_picked":["Expertise","Accuracy"],"picked":"Deflect","floor":5},{"not_picked":["Acrobatics","Underhanded Strike","Slice"],"picked":"SKIP","floor":6},{"not_picked":["Choke","Riddle With Holes"],"picked":"Leg Sweep","floor":8},{"not_picked":["Dodge and Roll","Doppelganger"],"picked":"Deadly Poison","floor":10},{"not_picked":["Bouncing Flask","PiercingWail"],"picked":"Sucker Punch","floor":14},{"not_picked":["Night Terror","Unload"],"picked":"Corpse Explosion","floor":16},{"not_picked":["Accuracy","Underhanded Strike","Tactician"],"picked":"SKIP","floor":18},{"not_picked":["All Out Attack","Dash"],"picked":"PiercingWail","floor":19},{"not_picked":["PiercingWail","Underhanded Strike","Riddle With Holes+1"],"picked":"SKIP","floor":20},{"not_picked":["Dagger Throw","Distraction+1"],"picked":"Backstab","floor":22},{"not_picked":["Slice","Flying Knee","Blade Dance"],"picked":"SKIP","floor":23},{"not_picked":["Prepared","Flying Knee","Glass Knife"],"picked":"SKIP","floor":25},{"not_picked":["Flechettes","Flying Knee"],"picked":"Cloak And Dagger","floor":27},{"not_picked":["Heel Hook","Expertise","Outmaneuver"],"picked":"SKIP","floor":31},{"not_picked":["Corpse Explosion","A Thousand Cuts"],"picked":"Tools of the Trade","floor":33},{"not_picked":["Poisoned Stab","Infinite Blades"],"picked":"Caltrops","floor":35},{"not_picked":["Poisoned Stab","Masterful Stab"],"picked":"Deadly Poison+1","floor":36},{"not_picked":["Predator","Blade Dance"],"picked":"Escape Plan","floor":40},{"not_picked":["Blade Dance","Accuracy"],"picked":"Noxious Fumes","floor":42},{"not_picked":["Outmaneuver","Poisoned Stab+1","Blade Dance+1"],"picked":"Malaise","floor":44},{"not_picked":["Predator","Night Terror","Heel Hook","Underhanded Strike+1"],"picked":"SKIP","floor":46}],"player_experience":507795,"relics_obtained":[{"floor":6,"key":"Regal Pillow"},{"floor":8,"key":"War Paint"},{"floor":9,"key":"Juzu Bracelet"},{"floor":12,"key":"Lantern"},{"floor":14,"key":"Centennial Puzzle"},{"floor":23,"key":"Bag of Marbles"},{"floor":25,"key":"Turnip"},{"floor":26,"key":"Matryoshka"},{"floor":27,"key":"Pear"},{"floor":28,"key":"Enchiridion"},{"floor":29,"key":"Omamori"},{"floor":29,"key":"Girya"},{"floor":36,"key":"Du-Vu Doll"},{"floor":40,"key":"Orichalcum"},{"floor":43,"key":"Question Card"},{"floor":43,"key":"Frozen Egg 2"},{"floor":44,"key":"Snake Skull"},{"floor":45,"key":"Mango"},{"floor":46,"key":"Ornamental Fan"}],"event_choices":[{"event_name":"Liars Game","player_choice":"agreed","floor":2,"damage_taken":0},{"event_name":"Dead Adventurer","player_choice":"Searched \u00272\u0027 times","floor":10,"damage_taken":0},{"event_name":"Designer","player_choice":"Upgrade 2 Random Cards","floor":21,"damage_taken":0},{"event_name":"Cursed Tome","player_choice":"Obtained Book","floor":28,"damage_taken":0},{"event_name":"Mysterious Sphere","player_choice":"Fight","floor":36,"damage_taken":0},{"event_name":"Wheel of Change","player_choice":"Full Heal","floor":37,"damage_taken":0},{"event_name":"Match and Keep!","player_choice":"1 cards matched","floor":47,"damage_taken":0}],"is_beta":false,"boss_relics":[{"not_picked":["Runic Pyramid","Orrery"],"picked":"Fusion Hammer"},{"not_picked":["Calling Bell","Tiny House"],"picked":"Ring of the Serpent"}],"items_purged_floors":[4,38],"is_endless":false,"potions_floor_spawned":[1,8,16,22,25,33,40,44,46],"ascension_level":12}