{"gold_per_floor":[218,218,68,87,103,103,103,159,186,186,203,203,231,247,247,343,343,353,368,388,401,401,401,421,421,421,125,144,154,189,202,202,300,300,312,312,312,312,329,329,359,359,384,384,418,467,467,481,481,481],"floor_reached":51,"playtime":3694,"items_purged":["Strike_G"],"score":951,"play_id":"f42d7e15-e92b-4217-89f1-7d137ff20691","local_time":"20190221013530","is_ascension_mode":true,"campfire_choices":[{"data":"Cloak And Dagger","floor":6.0,"key":"SMITH"},{"floor":10,"key":"REST"},{"data":"Cloak And Dagger","floor":12,"key":"SMITH"},{"floor":15,"key":"REST"},{"data":"Accuracy","floor":23,"key":"SMITH"},{"data":"Cloak And Dagger","floor":25,"key":"SMITH"},{"floor":32,"key":"REST"},{"data":"A Thousand Cuts","floor":40,"key":"SMITH"},{"data":"Accuracy","floor":42,"key":"SMITH"},{"data":"Adrenaline","floor":44,"key":"SMITH"},{"data":"Choke","floor":47,"key":"SMITH"},{"floor":49,"key":"REST"}],"neow_cost":"NONE","seed_source_timestamp":384055094204829,"circlet_count":0,"master_deck":["Defend_G","Defend_G","Defend_G","Defend_G","Defend_G","Strike_G","Strike_G+1","Survivor","Neutralize+1","Calculated Gamble","PiercingWail","Cloak And Dagger+1","Well Laid Plans","Cloak And Dagger+1","Predator","Accuracy+1","Adrenaline+1","Cloak And Dagger+1","Flechettes","Quick Slash+1","Terror+1","Infinite Blades","Footwork+1","Accuracy+1","Acrobatics+1","A Thousand Cuts+1","Choke+1","Cloak And Dagger+1"],"special_seed":0,"relics":["Ring of the Serpent","Bag of Preparation","Tiny Chest","Omamori","Dodecahedron","Cursed Key","Anchor","Meat on the Bone","Pen Nib","Centennial Puzzle","Juzu Bracelet","Tough Bandages","Ginger"],"potions_floor_usage":[8,16,31,41,50,50,50],"damage_taken":[{"damage":0.0,"enemies":"Small Slimes","floor":1.0,"turns":4.0},{"damage":4.0,"enemies":"Jaw Worm","floor":4.0,"turns":4.0},{"damage":0.0,"enemies":"Cultist","floor":5.0,"turns":4.0},{"damage":22,"enemies":"Lagavulin","floor":8,"turns":11},{"damage":0,"enemies":"Looter","floor":11,"turns":3},{"damage":28,"enemies":"3 Sentries","floor":13,"turns":15},{"damage":0,"enemies":"Red Slaver","floor":14,"turns":2},{"damage":32,"enemies":"Hexaghost","floor":16,"turns":13},{"damage":1,"enemies":"Spheric Guardian","floor":18,"turns":3},{"damage":0,"enemies":"Chosen","floor":19,"turns":3},{"damage":7,"enemies":"Centurion and Healer","floor":20,"turns":5},{"damage":10,"enemies":"Snecko","floor":21,"turns":4},{"damage":2,"enemies":"Snake Plant","floor":24,"turns":4},{"damage":0,"enemies":"Centurion and Healer","floor":28,"turns":3},{"damage":0,"enemies":"Sentry and Sphere","floor":29,"turns":3},{"damage":2,"enemies":"Gremlin Leader","floor":30,"turns":6},{"damage":4,"enemies":"Snecko","floor":31,"turns":4},{"damage":4,"enemies":"Champ","floor":33,"turns":6},{"damage":0,"enemies":"Orb Walker","floor":35,"turns":3},{"damage":15,"enemies":"3 Shapes","floor":39,"turns":3},{"damage":14,"enemies":"Reptomancer","floor":41,"turns":4},{"damage":0,"enemies":"Giant Head","floor":45,"turns":5},{"damage":10,"enemies":"2 Orb Walkers","floor":46,"turns":4},{"damage":0,"enemies":"Spire Growth","floor":48,"turns":4},{"damage":14,"enemies":"Donu and Deca","floor":50,"turns":7}],"seed_played":"4462308915651620988","potions_obtained":[{"floor":4.0,"key":"Dexterity Potion"},{"floor":13,"key":"Dexterity Potion"},{"floor":14,"key":"FearPotion"},{"floor":19,"key":"Dexterity Potion"},{"floor":20,"key":"Weak Potion"},{"floor":24,"key":"FairyPotion"},{"floor":30,"key":"Ancient Potion"},{"floor":31,"key":"Swift Potion"},{"floor":33,"key":"Dexterity Potion"},{"floor":45,"key":"FearPotion"},{"floor":48,"key":"Regen Potion"}],"is_trial":false,"path_per_floor":["M","?","$","M","M","R","?","E","T","R","M","R","E","M","R","B",null,"M","M","M","M","?","R","M","R","T","$","M","M","E","M","R","B",null,"M","?","?","?","M","R","E","R","T","R","E","?","R","M","R","B",null],"character_chosen":"THE_SILENT","items_purchased":["Bag of Preparation","Pen Nib","Infinite Blades"],"campfire_rested":4,"item_purchase_floors":[3,27,27],"current_hp_per_floor":[63,49,49,45,45,45,45,23,23,44,44,44,16,16,37,5,54,53,53,46,36,36,36,34,34,34,34,46,46,44,40,61,57,67,67,66,66,66,51,51,37,37,37,37,37,39,39,39,58,58],"gold":481,"neow_bonus":"HUNDRED_GOLD","is_prod":false,"is_daily":false,"chose_seed":false,"campfire_upgraded":8,"win_rate":0,"timestamp":1550687730,"path_taken":["M","?","$","M","M","R","?","E","T","R","M","R","E","?","R","BOSS","M","M","?","M","?","R","M","R","T","$","M","M","E","?","R","BOSS","M","?","?","?","M","R","E","R","T","R","E","?","R","M","R","BOSS"],"build_version":"2019-01-23","purchased_purges":1,"victory":true,"max_hp_per_floor":[70,70,70,70,70,70,70,70,70,70,70,70,70,70,70,70,70,70,70,70,70,70,70,70,70,70,70,70,70,70,70,70,70,70,70,66,66,66,66,66,66,66,66,66,66,66,66,66,66,66],"card_choices":[{"not_picked":["Acrobatics","Noxious Fumes"],"picked":"Calculated Gamble","floor":1.0},{"not_picked":["Slice","Catalyst"],"picked":"PiercingWail","floor":4.0},{"not_picked":["Poisoned Stab","Acrobatics"],"picked":"Cloak And Dagger","floor":5.0},{"not_picked":["Flying Knee","Sucker Punch"],"picked":"Well Laid Plans","floor":8},{"not_picked":["Slice","Calculated Gamble"],"picked":"Cloak And Dagger","floor":11},{"not_picked":["Storm of Steel","Heel Hook"],"picked":"Predator","floor":13},{"not_picked":["Catalyst","Poisoned Stab"],"picked":"Accuracy","floor":14},{"not_picked":["Malaise","Phantasmal Killer"],"picked":"Adrenaline","floor":16},{"not_picked":["Dash","Dagger Spray"],"picked":"Cloak And Dagger","floor":18},{"not_picked":["Backstab","Prepared+1"],"picked":"Flechettes","floor":19},{"not_picked":["Poisoned Stab","Sucker Punch"],"picked":"Quick Slash+1","floor":20},{"not_picked":["Distraction","Escape Plan+1"],"picked":"Terror+1","floor":21},{"not_picked":["Dagger Throw","Deflect","Slice"],"picked":"SKIP","floor":24},{"not_picked":["Cloak And Dagger","Glass Knife"],"picked":"Footwork+1","floor":28},{"not_picked":["Infinite Blades","Blade Dance"],"picked":"Accuracy","floor":29},{"not_picked":["Doppelganger","Reflex","Die Die Die"],"picked":"SKIP","floor":30},{"not_picked":["Deadly Poison","Sucker Punch"],"picked":"Acrobatics+1","floor":31},{"not_picked":["Die Die Die","Unload"],"picked":"A Thousand Cuts","floor":33},{"not_picked":["Underhanded Strike","Dagger Throw+1","Reflex"],"picked":"SKIP","floor":35},{"not_picked":["Well Laid Plans","Expertise","Outmaneuver"],"picked":"SKIP","floor":39},{"not_picked":["Riddle With Holes","Tactician+1"],"picked":"Choke","floor":41},{"not_picked":["Poisoned Stab+1","Deflect+1","Underhanded Strike"],"picked":"SKIP","floor":45},{"not_picked":["Blur","Quick Slash"],"picked":"Cloak And Dagger+1","floor":48}],"player_experience":361782,"relics_obtained":[{"floor":8,"key":"Tiny Chest"},{"floor":9,"key":"Omamori"},{"floor":13,"key":"Dodecahedron"},{"floor":26,"key":"Meat on the Bone"},{"floor":30,"key":"Centennial Puzzle"},{"floor":41,"key":"Juzu Bracelet"},{"floor":45,"key":"Tough Bandages"},{"floor":46,"key":"Ginger"}],"event_choices":[{"damage_healed":0.0,"max_hp_gain":0.0,"max_hp_loss":0.0,"gold_gain":0.0,"event_name":"Shining Light","player_choice":"Entered Light","floor":2.0,"gold_loss":0.0,"damage_taken":14.0,"cards_upgraded":["Neutralize","Strike_G"]},{"cards_removed":["Strike_G"],"damage_healed":0.0,"max_hp_gain":0.0,"max_hp_loss":0.0,"gold_gain":0.0,"event_name":"Living Wall","player_choice":"Forget","floor":7.0,"gold_loss":0.0,"damage_taken":0.0},{"damage_healed":0,"gold_gain":0,"player_choice":"Gave Potion","damage_taken":0,"relics_obtained":["Anchor"],"max_hp_gain":0,"max_hp_loss":0,"event_name":"WeMeetAgain","floor":22,"gold_loss":0},{"damage_healed":0,"gold_gain":0,"player_choice":"Max HP","damage_taken":0,"max_hp_gain":0,"max_hp_loss":4,"event_name":"Winding Halls","floor":36,"gold_loss":0},{"damage_healed":0,"gold_gain":0,"player_choice":"Ignored","damage_taken":0,"max_hp_gain":0,"max_hp_loss":0,"event_name":"Tomb of Lord Red Mask","floor":37,"gold_loss":0},{"cards_removed":["Strike_G"],"damage_healed":0,"gold_gain":0,"player_choice":"Removed Attack","damage_taken":0,"max_hp_gain":0,"max_hp_loss":0,"event_name":"Falling","floor":38,"gold_loss":0},{"damage_healed":0,"gold_gain":0,"player_choice":"Fight","damage_taken":0,"max_hp_gain":0,"max_hp_loss":0,"event_name":"Mysterious Sphere","floor":46,"gold_loss":0}],"is_beta":false,"boss_relics":[{"not_picked":["Velvet Choker","Coffee Dripper"],"picked":"Cursed Key"},{"not_picked":["Fusion Hammer","Lizard Tail"],"picked":"Ring of the Serpent"}],"items_purged_floors":[27],"is_endless":false,"potions_floor_spawned":[4,13,14,19,20,24,30,31,33,35,45,48],"ascension_level":6}