{"gold_per_floor":[115,115,127,151,166,198,198,218,218,218,248,267,278,298,298,396,396,409,409,422,422,126,126,136,136,188,188,205,216,236,266,266,370,370,381,429,126,139,14,14,14],"floor_reached":41,"playtime":1678,"items_purged":["Strike_B","Strike_B","Dualcast"],"score":814,"play_id":"fa518626-5534-4e10-b199-a629bead9d33","local_time":"20180810125747","is_ascension_mode":true,"campfire_choices":[{"data":"Electrodynamics","floor":7,"key":"SMITH"},{"data":"Zap","floor":10,"key":"SMITH"},{"data":"Coolheaded","floor":15,"key":"SMITH"},{"floor":23,"key":"REST"},{"data":"Defragment","floor":25,"key":"SMITH"},{"data":"Loop","floor":27,"key":"SMITH"},{"floor":32,"key":"REST"},{"floor":40,"key":"REST"}],"neow_cost":"NONE","seed_source_timestamp":482399007015468,"circlet_count":0,"master_deck":["Strike_B+1","Strike_B+1","Defend_B","Defend_B","Defend_B","Zap+1","AscendersBane","Glacier","Reboot","Ball Lightning","Rebound","Electrodynamics+1","Ball Lightning","Coolheaded+1","Barrage","Melter","Loop+1","Echo Form","Compile Driver","Conserve Battery","Defragment+1","Stack+1","Reinforced Body","Fission","Defragment+1","Thunder Strike","Hologram+1"],"relics":["Cracked Core","Ancient Tea Set","Anchor","Art of War","Dodecahedron","Nuclear Battery","Whetstone","Lantern","Omamori","Runic Dome","Sundial","DataDisk"],"potions_floor_usage":[6,6,6,16,16,31,33],"damage_taken":[{"damage":4,"enemies":"Jaw Worm","floor":1,"turns":4},{"damage":10,"enemies":"Small Slimes","floor":3,"turns":2},{"damage":1,"enemies":"Cultist","floor":5,"turns":3},{"damage":11,"enemies":"3 Sentries","floor":6,"turns":5},{"damage":0,"enemies":"Exordium Thugs","floor":8,"turns":2},{"damage":0,"enemies":"Gremlin Nob","floor":11,"turns":2},{"damage":4,"enemies":"Red Slaver","floor":12,"turns":2},{"damage":5,"enemies":"Exordium Wildlife","floor":13,"turns":3},{"damage":0,"enemies":"Looter","floor":14,"turns":2},{"damage":22,"enemies":"Hexaghost","floor":16,"turns":7},{"damage":0,"enemies":"Spheric Guardian","floor":18,"turns":2},{"damage":13,"enemies":"2 Thieves","floor":20,"turns":4},{"damage":0,"enemies":"Sentry and Sphere","floor":24,"turns":3},{"damage":0,"enemies":"Cultist and Chosen","floor":28,"turns":4},{"damage":5,"enemies":"Snake Plant","floor":29,"turns":3},{"damage":0,"enemies":"Centurion and Healer","floor":30,"turns":3},{"damage":0,"enemies":"Gremlin Leader","floor":31,"turns":4},{"damage":0,"enemies":"Champ","floor":33,"turns":7},{"damage":17,"enemies":"Orb Walker","floor":35,"turns":4},{"damage":22,"floor":36,"turns":3},{"damage":23,"enemies":"Flame Bruiser 1 Orb","floor":38,"turns":4},{"damage":60,"enemies":"Nemesis","floor":41,"turns":4}],"seed_played":"3840443765929039377","potions_obtained":[{"floor":1,"key":"EntropicBrew"},{"floor":3,"key":"Strength Potion"},{"floor":12,"key":"Regen Potion"},{"floor":18,"key":"Explosive Potion"},{"floor":29,"key":"Fire Potion"},{"floor":31,"key":"LiquidBronze"}],"is_trial":false,"path_per_floor":["M","?","M","T","M","E","R","M","T","R","E","M","M","M","R","B",null,"M","?","M","?","$","R","M","R","T","R","M","M","M","E","R","B",null,"M","?","$","M","$","R"],"character_chosen":"DEFECT","items_purchased":["Defragment","Whetstone","DataDisk","Fire Potion"],"campfire_rested":3,"item_purchase_floors":[22,22,37,37],"current_hp_per_floor":[71,71,61,61,60,49,49,49,49,49,49,45,40,40,40,33,70,70,70,57,41,41,67,67,67,67,67,67,62,62,62,87,87,87,70,48,48,25,25,51,0],"gold":14,"neow_bonus":"TEN_PERCENT_HP_BONUS","is_prod":false,"is_daily":false,"chose_seed":false,"campfire_upgraded":5,"win_rate":0,"timestamp":1533920267,"path_taken":["M","?","?","?","M","E","R","M","T","R","E","M","M","M","R","BOSS","M","?","M","?","$","R","M","R","T","R","M","M","M","E","R","BOSS","M","?","$","M","$","R","E"],"build_version":"2018-08-09","purchased_purges":3,"victory":false,"max_hp_per_floor":[82,82,82,82,82,82,82,82,82,82,82,82,82,82,82,82,82,82,82,82,87,87,87,87,87,87,87,87,87,87,87,87,87,87,87,87,87,87,87,87,87],"card_choices":[{"not_picked":["Blizzard","Barrage"],"picked":"Glacier","floor":1},{"not_picked":["Cold Snap","Go for the Eyes"],"picked":"Ball Lightning","floor":3},{"not_picked":["Gash","Reprogram"],"picked":"Rebound","floor":5},{"not_picked":["Steam","Leap"],"picked":"Electrodynamics","floor":6},{"not_picked":["Sweeping Beam","Redo"],"picked":"Ball Lightning","floor":8},{"not_picked":["Double Energy","Barrage"],"picked":"Coolheaded","floor":11},{"not_picked":["Gash","Meteor Strike"],"picked":"Barrage","floor":12},{"not_picked":["Skim","Compile Driver"],"picked":"Melter","floor":13},{"not_picked":["Ball Lightning","Steam Power"],"picked":"Loop","floor":14},{"not_picked":["All For One","Reboot"],"picked":"Echo Form","floor":16},{"not_picked":["Cold Snap+1","Redo"],"picked":"Compile Driver","floor":18},{"not_picked":["Coolheaded+1","Sweeping Beam"],"picked":"Conserve Battery","floor":20},{"not_picked":["BootSequence","Steam"],"picked":"Stack+1","floor":24},{"not_picked":["Coolheaded+1","Compile Driver+1"],"picked":"Reinforced Body","floor":28},{"not_picked":["Fusion","Steam"],"picked":"Fission","floor":29},{"not_picked":["Turbo+1","Redo"],"picked":"Defragment+1","floor":30},{"not_picked":["Coolheaded+1","Streamline","Beam Cell"],"picked":"SKIP","floor":31},{"not_picked":["Coolheaded+1","Streamline","Beam Cell"],"picked":"SKIP","floor":31},{"not_picked":["Echo Form","Amplify"],"picked":"Thunder Strike","floor":33},{"not_picked":["Turbo","Streamline+1","Gash+1"],"picked":"SKIP","floor":35},{"not_picked":["Rebound+1","Cold Snap+1"],"picked":"Hologram+1","floor":36},{"not_picked":["Scrape+1","Barrage","Glacier"],"picked":"SKIP","floor":38}],"player_experience":445584,"relics_obtained":[{"floor":4,"key":"Ancient Tea Set"},{"floor":6,"key":"Anchor"},{"floor":9,"key":"Art of War"},{"floor":11,"key":"Dodecahedron"},{"floor":26,"key":"Lantern"},{"floor":31,"key":"Omamori"},{"floor":36,"key":"Sundial"}],"event_choices":[{"event_name":"Living Wall","player_choice":"Change","floor":2,"damage_taken":0},{"event_name":"Vampires","player_choice":"Ignored","floor":19,"damage_taken":0},{"event_name":"Forgotten Altar","player_choice":"Shed Blood","floor":21,"damage_taken":0},{"event_name":"Mysterious Sphere","player_choice":"Fight","floor":36,"damage_taken":0}],"is_beta":false,"boss_relics":[{"not_picked":["Ectoplasm","Orrery"],"picked":"Nuclear Battery"},{"not_picked":["Sozu","Runic Pyramid"],"picked":"Runic Dome"}],"items_purged_floors":[22,37,39],"is_endless":false,"potions_floor_spawned":[1,3,12,13,14,18,29,31,38],"killed_by":"Nemesis","ascension_level":11}