{"path_per_floor":["M","?","M","M","M","R","M","R","T","M","E","?","T","M","R","B",null,"M","M","$","?","?","R","E","M","T","?","?","E","$","M","R","B",null,"M","M"],"character_chosen":"THE_SILENT","items_purchased":["Bag of Marbles","Pantograph","Infinite Blades"],"gold_per_floor":[113,113,132,145,155,155,174,174,174,192,222,397,397,408,408,509,509,521,538,68,68,68,68,100,111,136,136,136,163,26,38,38,139,139,158,172],"floor_reached":37,"campfire_rested":0,"playtime":1513,"current_hp_per_floor":[62,55,55,55,51,51,51,51,51,51,46,46,56,57,57,38,77,74,62,62,46,46,46,48,48,48,48,48,36,36,30,30,3,55,9,11],"items_purged":["Doubt","Defend_G"],"gold":172,"score":423,"play_id":"afcc2e48-dd01-4e4f-8985-c027575e3507","is_prod":false,"is_daily":false,"is_ascension_mode":true,"campfire_upgraded":2,"path_taken":["M","?","?","M","M","R","M","R","T","M","E","?","?","M","R","BOSS","M","M","?","?","?","R","E","M","T","?","?","E","$","?","R","BOSS","M","?","M"],"build_version":"2018-02-22-PROD1","purchased_purges":2,"victory":false,"master_deck":["Defend_G","Defend_G","Defend_G","Survivor","Neutralize","Adrenaline","Dodge and Roll","Dagger Spray","Backflip","Dagger Spray","Cloak And Dagger+1","Die Die Die","Dagger Throw","Noxious Fumes+1","Necronomicurse","Bite","Bite","Bite","Bite","Slice","Infinite Blades+1","Riddle With Holes+1","Infinite Blades","Infinite Blades","Tools of the Trade","Leg Sweep"],"max_hp_per_floor":[63,63,63,63,63,63,63,63,63,63,65,65,75,77,77,77,77,77,77,77,77,53,53,53,55,55,55,55,55,55,55,55,55,55,55,57],"relics":["Ring of the Snake","Girya","Torii","Singing Bowl","Pear","Runic Pyramid","Bag of Marbles","Pantograph","Necronomicon","Vajra","Art of War","Shuriken","Runic Dome"],"card_choices":[{"not_picked":["Dagger Throw","Prepared"],"picked":"Adrenaline"},{"not_picked":["Flying Knee","Accuracy"],"picked":"Dodge and Roll"},{"not_picked":["All Out Attack","Flechettes"],"picked":"Dagger Spray"},{"not_picked":["Catalyst","Poisoned Stab"],"picked":"Backflip"},{"not_picked":["Reflex","Quick Slash"],"picked":"Dagger Spray"},{"not_picked":["Underhanded Strike","Concentrate"],"picked":"Cloak And Dagger"},{"not_picked":["Tactician","Corpse Explosion"],"picked":"Die Die Die"},{"not_picked":["All Out Attack","Expertise"],"picked":"Dagger Throw"},{"not_picked":["Escape Plan","Dodge and Roll"],"picked":"Noxious Fumes"},{"not_picked":["Cloak And Dagger","Skewer"],"picked":"Slice"},{"not_picked":["Predator","Sucker Punch"],"picked":"Riddle With Holes"},{"not_picked":["Quick Slash","PiercingWail"],"picked":"Infinite Blades"},{"not_picked":["Unload","Glass Knife"],"picked":"Tools of the Trade"},{"not_picked":["Sucker Punch","Well Laid Plans"],"picked":"Leg Sweep"}],"player_experience":132139,"potions_floor_usage":[33],"damage_taken":[{"damage":1.0,"enemies":"2 Louse","floor":1.0,"turns":3.0},{"damage":0.0,"enemies":"Jaw Worm","floor":3.0,"turns":4.0},{"damage":0.0,"enemies":"Small Slimes","floor":4.0,"turns":3.0},{"damage":4.0,"enemies":"Exordium Wildlife","floor":5.0,"turns":6.0},{"damage":0.0,"enemies":"Looter","floor":7.0,"turns":3.0},{"damage":0.0,"enemies":"Blue Slaver","floor":10.0,"turns":3.0},{"damage":7.0,"enemies":"Gremlin Nob","floor":11.0,"turns":4.0},{"damage":1.0,"enemies":"Lots of Slimes","floor":14.0,"turns":3.0},{"damage":19.0,"enemies":"The Guardian","floor":16.0,"turns":14.0},{"damage":3,"enemies":"Chosen","floor":18,"turns":5},{"damage":12,"enemies":"2 Thieves","floor":19,"turns":3},{"damage":10,"enemies":"Gremlin Leader","floor":24,"turns":5},{"damage":8,"enemies":"Snecko","floor":25,"turns":4},{"damage":20,"enemies":"Book of Stabbing","floor":29,"turns":5},{"damage":8,"enemies":"Cultist and Chosen","floor":31,"turns":4},{"damage":58,"enemies":"Collector","floor":33,"turns":5},{"damage":50,"enemies":"3 Shapes","floor":35,"turns":3},{"damage":0,"enemies":"Orb Walker","floor":36,"turns":2},{"damage":17,"enemies":"4 Shapes","floor":37,"turns":1}],"event_choices":[{"event_name":"Golden Wing","player_choice":"Card Removal","floor":2.0,"damage_taken":0.0},{"event_name":"Liars Game","player_choice":"agreed","floor":12.0,"damage_taken":0.0},{"event_name":"Cursed Tome","player_choice":"Obtained Book","floor":21,"damage_taken":0},{"event_name":"Vampires","player_choice":"Became a vampire","floor":22,"damage_taken":0},{"event_name":"Back to Basics","player_choice":"Elegance","floor":27,"damage_taken":0},{"event_name":"The Library","player_choice":"Read","floor":28,"damage_taken":0}],"boss_relics":[{"not_picked":["Velvet Choker","Sozu"],"picked":"Runic Pyramid"},{"not_picked":["Lizard Tail","Snecko Eye"],"picked":"Runic Dome"}],"potions_floor_spawned":[5,7,14,16,18,25,29,31,36],"seed_played":"-1730294381613356984","killed_by":"4 Shapes","ascension_level":2,"is_trial":false}