{"gold_per_floor":[111,130,146,156,156,186,186,205,205,205,205,234,234,234],"floor_reached":14,"playtime":547,"items_purged":[],"score":204,"play_id":"44aa68be-48ce-479b-a7e1-d52a1cab02d5","local_time":"20190219013912","is_ascension_mode":true,"campfire_choices":[{"floor":7.0,"key":"REST"},{"data":"Defragment","floor":10.0,"key":"SMITH"},{"data":"BootSequence","floor":13,"key":"SMITH"}],"neow_cost":"NONE","seed_source_timestamp":0,"circlet_count":0,"master_deck":["AscendersBane","Strike_B","Strike_B","Strike_B","Strike_B","Defend_B","Defend_B","Defend_B","Defend_B","Zap","Dualcast","Defragment+1","BootSequence+1","Capacitor","Chill","Force Field","Reinforced Body","Steam Power"],"special_seed":0,"relics":["Cracked Core","Regal Pillow","Bottled Lightning","Omamori"],"potions_floor_usage":[11,14],"damage_taken":[{"damage":1.0,"enemies":"Cultist","floor":1.0,"turns":3.0},{"damage":0.0,"enemies":"2 Louse","floor":2.0,"turns":2.0},{"damage":5.0,"enemies":"Small Slimes","floor":3.0,"turns":4.0},{"damage":11.0,"enemies":"Red Slaver","floor":4.0,"turns":4.0},{"damage":18.0,"enemies":"Lagavulin","floor":6.0,"turns":10.0},{"damage":30.0,"enemies":"Exordium Thugs","floor":8.0,"turns":7.0},{"damage":0,"enemies":"Gremlin Gang","floor":11,"turns":1},{"damage":8,"enemies":"3 Sentries","floor":12,"turns":13},{"damage":33,"enemies":"Gremlin Nob","floor":14,"turns":6}],"seed_played":"-1030981557554628956","potions_obtained":[{"floor":1.0,"key":"SmokeBomb"},{"floor":4.0,"key":"Dexterity Potion"},{"floor":8.0,"key":"SpeedPotion"},{"floor":12,"key":"EntropicBrew"}],"is_trial":false,"path_per_floor":["M","M","M","M","?","E","R","M","T","R","M","E","R","E"],"character_chosen":"DEFECT","items_purchased":[],"campfire_rested":1,"item_purchase_floors":[],"current_hp_per_floor":[70,70,65,54,54,36,74,44,44,44,44,36,36,3],"gold":234,"neow_bonus":"TEN_PERCENT_HP_BONUS","is_prod":false,"is_daily":false,"chose_seed":false,"campfire_upgraded":2,"win_rate":0,"timestamp":1550558352,"path_taken":["M","M","?","M","?","E","R","M","T","R","M","E","R","E"],"build_version":"2019-01-23","purchased_purges":0,"victory":false,"max_hp_per_floor":[78,78,78,78,78,78,78,78,78,78,78,78,78,78],"card_choices":[{"not_picked":["Beam Cell","Glacier"],"picked":"Defragment","floor":1.0},{"not_picked":["Recycle","Sweeping Beam"],"picked":"BootSequence","floor":2.0},{"not_picked":["Ball Lightning","Chaos"],"picked":"Capacitor","floor":3.0},{"not_picked":["Barrage","Rebound"],"picked":"Chill","floor":4.0},{"not_picked":["Go for the Eyes","FTL"],"picked":"Force Field","floor":6.0},{"not_picked":["FTL","Ball Lightning"],"picked":"Reinforced Body","floor":8.0},{"not_picked":["Stack","Fusion"],"picked":"Steam Power","floor":12}],"player_experience":308683,"relics_obtained":[{"floor":6.0,"key":"Regal Pillow"},{"floor":9.0,"key":"Bottled Lightning"},{"floor":12,"key":"Omamori"}],"event_choices":[{"damage_healed":0.0,"max_hp_gain":0.0,"max_hp_loss":0.0,"gold_gain":0.0,"event_name":"FaceTrader","player_choice":"Leave","floor":5.0,"gold_loss":0.0,"damage_taken":0.0}],"is_beta":false,"boss_relics":[],"items_purged_floors":[],"is_endless":false,"potions_floor_spawned":[1,4,8,12],"killed_by":"Gremlin Nob","ascension_level":20}