{"gold_per_floor":[111,122,133,208,57,84,84,110,110,130,130,130,157,171,171,271,271,289,88,88,102,120,146,146,146],"floor_reached":25,"playtime":1206,"items_purged":[],"score":241,"play_id":"b7dc0780-352a-4f88-8b1b-3251b5af4aed","local_time":"20190211033203","is_ascension_mode":false,"campfire_choices":[{"floor":7,"key":"REST"},{"floor":12,"key":"REST"},{"floor":15,"key":"RECALL"},{"floor":24,"key":"REST"}],"neow_cost":"NONE","seed_source_timestamp":228395037717100,"circlet_count":0,"master_deck":["Strike_R","Strike_R","Strike_R","Strike_R+1","Defend_R","Defend_R","Defend_R","Defend_R","Bash","Carnage+1","Thunderclap","Seeing Red","Uppercut","Flex","Shockwave","Bludgeon"],"relics":["Burning Blood","NeowsBlessing","Whetstone","Smiling Mask","Turnip","CultistMask","Red Skull","White Beast Statue","Toy Ornithopter","Omamori"],"potions_floor_usage":[10,13,16,21,21,23,25,25],"damage_taken":[{"damage":0,"enemies":"Small Slimes","floor":1,"turns":1},{"damage":0,"enemies":"2 Louse","floor":2,"turns":1},{"damage":0,"enemies":"Cultist","floor":3,"turns":1},{"damage":22,"enemies":"3 Sentries","floor":6,"turns":7},{"damage":26,"enemies":"Lagavulin","floor":8,"turns":4},{"damage":10,"enemies":"Exordium Wildlife","floor":10,"turns":4},{"damage":18,"enemies":"Gremlin Nob","floor":13,"turns":4},{"damage":12,"enemies":"Exordium Thugs","floor":14,"turns":4},{"damage":25,"enemies":"Hexaghost","floor":16,"turns":7},{"damage":12,"enemies":"Shell Parasite","floor":18,"turns":4},{"damage":20,"enemies":"3 Byrds","floor":21,"turns":5},{"damage":25,"enemies":"Snake Plant","floor":22,"turns":3},{"damage":51,"enemies":"Gremlin Leader","floor":23,"turns":10},{"damage":51,"enemies":"Slavers","floor":25,"turns":4}],"seed_played":"8525143881257898179","potions_obtained":[{"floor":3,"key":"SkillPotion"},{"floor":6,"key":"PowerPotion"},{"floor":8,"key":"Weak Potion"},{"floor":16,"key":"Weak Potion"},{"floor":18,"key":"FearPotion"},{"floor":21,"key":"Swift Potion"},{"floor":22,"key":"EssenceOfSteel"},{"floor":23,"key":"SteroidPotion"}],"is_trial":false,"path_per_floor":["M","M","M","?","$","E","R","E","T","M","?","R","E","M","R","B",null,"M","$","?","M","M","E","R","E"],"character_chosen":"IRONCLAD","items_purchased":["Whetstone","Toy Ornithopter"],"campfire_rested":3,"item_purchase_floors":[5,19],"current_hp_per_floor":[80,80,80,69,69,53,77,57,57,53,53,77,65,59,59,40,80,74,74,74,70,51,11,35,0],"gold":146,"neow_bonus":"THREE_ENEMY_KILL","is_prod":false,"is_daily":false,"chose_seed":false,"campfire_upgraded":0,"win_rate":0,"timestamp":1549852323,"path_taken":["M","M","M","?","$","E","R","E","T","M","?","R","E","M","R","BOSS","M","?","?","?","M","E","R","E"],"build_version":"2019-02-06","purchased_purges":0,"victory":false,"max_hp_per_floor":[80,80,80,80,80,80,80,80,80,80,80,80,80,80,80,80,80,80,80,80,80,80,80,80,80],"card_choices":[{"not_picked":["Armaments","Iron Wave"],"picked":"Carnage","floor":1},{"not_picked":["Wild Strike","Dark Embrace"],"picked":"Thunderclap","floor":2},{"not_picked":["Whirlwind","Thunderclap"],"picked":"Seeing Red","floor":3},{"not_picked":["Clothesline","Evolve"],"picked":"Uppercut","floor":6},{"not_picked":["Headbutt","Bloodletting","Havoc"],"picked":"SKIP","floor":8},{"not_picked":["Thunderclap","Pommel Strike"],"picked":"Flex","floor":10},{"not_picked":["Ghostly Armor","Iron Wave","Twin Strike"],"picked":"SKIP","floor":13},{"not_picked":["Perfected Strike","Sword Boomerang"],"picked":"Shockwave","floor":14},{"not_picked":["Fiend Fire","Offering"],"picked":"Bludgeon","floor":16},{"not_picked":["Armaments+1","Disarm","Feel No Pain"],"picked":"SKIP","floor":18},{"not_picked":["True Grit","Power Through","Evolve"],"picked":"SKIP","floor":21},{"not_picked":["Shockwave","Twin Strike","Heavy Blade"],"picked":"SKIP","floor":22},{"not_picked":["Twin Strike","Body Slam","Shrug It Off"],"picked":"SKIP","floor":23}],"player_experience":192237,"relics_obtained":[{"floor":6,"key":"Smiling Mask"},{"floor":8,"key":"Turnip"},{"floor":13,"key":"Red Skull"},{"floor":23,"key":"Omamori"}],"event_choices":[{"damage_healed":0,"gold_gain":75,"player_choice":"Gather Gold","damage_taken":11,"max_hp_gain":0,"max_hp_loss":0,"event_name":"World of Goop","floor":4,"gold_loss":0},{"damage_healed":0,"gold_gain":0,"player_choice":"Trade","damage_taken":0,"relics_obtained":["CultistMask"],"max_hp_gain":0,"max_hp_loss":0,"event_name":"FaceTrader","floor":11,"gold_loss":0},{"cards_removed":["Strike_R"],"damage_healed":0,"gold_gain":0,"player_choice":"Card Removal","damage_taken":0,"max_hp_gain":0,"max_hp_loss":0,"event_name":"Wheel of Change","floor":20,"gold_loss":0}],"is_beta":true,"boss_relics":[{"not_picked":["Empty Cage","Pandora\u0027s Box"],"picked":"White Beast Statue"}],"items_purged_floors":[],"is_endless":false,"potions_floor_spawned":[3,6,8,16,18,21,22,23],"killed_by":"Slavers","ascension_level":0}