{"gold_per_floor":[118,118,118,135,152,152,183,183,210,210,227,245,245,274,274,274],"floor_reached":16,"playtime":536,"items_purged":[],"score":200,"play_id":"c412c9f3-0bf8-4b44-9819-212345ee650c","local_time":"20190204094422","is_ascension_mode":true,"campfire_choices":[{"data":"Zap","floor":6,"key":"SMITH"},{"floor":10,"key":"REST"},{"floor":15,"key":"REST"}],"neow_cost":"CURSE","seed_source_timestamp":1067446683665353,"circlet_count":0,"master_deck":["AscendersBane","Strike_B","Strike_B","Strike_B","Strike_B","Defend_B","Defend_B","Defend_B","Defend_B+1","Zap+1","Dualcast+1","Rainbow","Redo","Gash","Ball Lightning","Compile Driver","Gash","Gash","Loop"],"relics":["Cracked Core","Oddly Smooth Stone","Odd Mushroom"],"potions_floor_usage":[12],"damage_taken":[{"damage":12,"enemies":"Jaw Worm","floor":1,"turns":4},{"damage":0,"enemies":"2 Louse","floor":4,"turns":3},{"damage":4,"enemies":"Cultist","floor":5,"turns":4},{"damage":23,"enemies":"Lagavulin","floor":7,"turns":5},{"damage":0,"enemies":"2 Fungi Beasts","floor":11,"turns":2},{"damage":11,"enemies":"Large Slime","floor":12,"turns":4},{"damage":8,"enemies":"The Mushroom Lair","floor":14,"turns":3},{"damage":32,"enemies":"Hexaghost","floor":16,"turns":8}],"seed_played":"6550119673456359821","potions_obtained":[{"floor":4,"key":"Weak Potion"},{"floor":5,"key":"AttackPotion"},{"floor":12,"key":"Ancient Potion"}],"is_trial":false,"path_per_floor":["M","?","?","M","M","R","E","?","T","R","M","M","?","?","R","B"],"character_chosen":"DEFECT","items_purchased":[],"campfire_rested":2,"item_purchase_floors":[],"current_hp_per_floor":[52,57,57,57,53,53,30,7,7,29,29,18,18,10,32,0],"gold":274,"neow_bonus":"THREE_RARE_CARDS","is_prod":false,"is_daily":false,"chose_seed":false,"campfire_upgraded":1,"win_rate":0,"timestamp":1549291462,"path_taken":["M","?","?","?","M","R","E","?","T","R","M","M","?","?","R","BOSS"],"build_version":"2019-01-23","purchased_purges":0,"victory":false,"max_hp_per_floor":[71,76,76,76,76,76,76,76,76,76,76,76,76,76,76,76],"card_choices":[{"not_picked":["Buffer","Meteor Strike"],"picked":"Rainbow","floor":0},{"not_picked":["Go for the Eyes","Darkness"],"picked":"Redo","floor":1},{"not_picked":["Stack","Go for the Eyes"],"picked":"Gash","floor":4},{"not_picked":["Cold Snap","Coolheaded"],"picked":"Ball Lightning","floor":5},{"not_picked":["Rebound","Skim"],"picked":"Compile Driver","floor":7},{"not_picked":["Rip and Tear","Blizzard"],"picked":"Gash","floor":11},{"not_picked":["Darkness","Genetic Algorithm"],"picked":"Gash","floor":12},{"not_picked":["Streamline","Stack"],"picked":"Loop","floor":14}],"player_experience":801381,"relics_obtained":[{"floor":7,"key":"Oddly Smooth Stone"},{"floor":14,"key":"Odd Mushroom"}],"event_choices":[{"damage_healed":0,"gold_gain":0,"player_choice":"Donut","damage_taken":0,"max_hp_gain":5,"max_hp_loss":0,"event_name":"Big Fish","floor":2,"gold_loss":0},{"cards_removed":["Doubt"],"damage_healed":0,"gold_gain":0,"player_choice":"Removed Curses","damage_taken":0,"max_hp_gain":0,"max_hp_loss":0,"event_name":"Fountain of Cleansing","floor":3,"gold_loss":0},{"damage_healed":0,"gold_gain":0,"player_choice":"Entered Light","damage_taken":23,"max_hp_gain":0,"max_hp_loss":0,"event_name":"Shining Light","floor":8,"gold_loss":0,"cards_upgraded":["Dualcast","Defend_B"]},{"damage_healed":0,"gold_gain":0,"player_choice":"Ignored","damage_taken":0,"max_hp_gain":0,"max_hp_loss":0,"event_name":"Liars Game","floor":13,"gold_loss":0},{"damage_healed":0,"gold_gain":0,"player_choice":"Fought Mushrooms","damage_taken":0,"max_hp_gain":0,"max_hp_loss":0,"event_name":"Mushrooms","floor":14,"gold_loss":0}],"is_beta":false,"boss_relics":[],"items_purged_floors":[],"is_endless":false,"potions_floor_spawned":[4,5,12,14],"killed_by":"Hexaghost","ascension_level":20}