{"path_per_floor":["M","M","M","M","?","R","?","M","T","E","M","R","E","M","R","B",null,"M","M","$","M","?"],"character_chosen":"THE_SILENT","items_purchased":["Juzu Bracelet","Membership Card","Quick Slash"],"gold_per_floor":[115,129,149,164,164,164,164,179,179,211,222,222,253,264,264,362,362,373,383,12,31,31],"floor_reached":23,"campfire_rested":2,"playtime":1639,"current_hp_per_floor":[64,62,57,48,48,48,48,29,29,25,12,36,26,23,47,23,80,76,68,68,39,39],"items_purged":[],"gold":31,"score":226,"play_id":"2c0bec83-7c2e-48d6-be33-1f4e83aeff5f","is_prod":false,"is_daily":false,"is_ascension_mode":true,"campfire_upgraded":1,"path_taken":["M","M","?","M","?","R","?","?","T","E","M","R","E","M","R","BOSS","M","M","$","M","?","E"],"build_version":"2018-02-15-PROD1","purchased_purges":1,"victory":false,"master_deck":["Defend_G","Defend_G","Defend_G","Defend_G","Defend_G","Strike_G","Strike_G","Strike_G","Strike_G","Survivor","Neutralize","Sucker Punch","Prepared","Envenom+1","Poisoned Stab","Backflip","PiercingWail","Skewer","Leg Sweep","Noxious Fumes","Masterful Stab","After Image","Dodge and Roll","Escape Plan","Quick Slash","Backflip+1"],"max_hp_per_floor":[70,70,70,70,70,70,70,70,70,80,80,80,80,80,80,80,80,80,80,80,80,80],"relics":["Philosopher\u0027s Stone","Sundial","Pear","Ice Cream","Runic Pyramid","Juzu Bracelet","Membership Card"],"card_choices":[{"not_picked":["Slice","Bane"],"picked":"Sucker Punch"},{"not_picked":["Slice","Outmaneuver"],"picked":"Prepared"},{"not_picked":["Dodge and Roll","Deflect"],"picked":"Envenom"},{"not_picked":["Dagger Throw","Bane"],"picked":"Poisoned Stab"},{"not_picked":["Deflect","Choke"],"picked":"PiercingWail"},{"not_picked":["Outmaneuver","Prepared"],"picked":"Skewer"},{"not_picked":["Prepared","Sucker Punch"],"picked":"Leg Sweep"},{"not_picked":["Deflect","Flechettes"],"picked":"Noxious Fumes"},{"not_picked":["Blur","Poisoned Stab"],"picked":"Masterful Stab"},{"not_picked":["Adrenaline","Envenom"],"picked":"After Image"},{"not_picked":["Backstab","Poisoned Stab"],"picked":"Dodge and Roll"},{"not_picked":["Dagger Throw","Well Laid Plans"],"picked":"Escape Plan"},{"not_picked":["Outmaneuver","Calculated Gamble"],"picked":"Backflip"}],"player_experience":102942,"potions_floor_usage":[10,14,16,21,21,23,23,23],"damage_taken":[{"damage":6,"enemies":"Cultist","floor":1,"turns":5},{"damage":2,"enemies":"Jaw Worm","floor":2,"turns":5},{"damage":5,"enemies":"Small Slimes","floor":3,"turns":6},{"damage":9,"enemies":"Looter","floor":4,"turns":4},{"damage":19,"enemies":"Gremlin Gang","floor":8,"turns":5},{"damage":14,"enemies":"3 Sentries","floor":10,"turns":8},{"damage":13,"enemies":"Exordium Thugs","floor":11,"turns":5},{"damage":10,"enemies":"Lagavulin","floor":13,"turns":6},{"damage":3,"enemies":"Looter","floor":14,"turns":2},{"damage":24,"enemies":"Hexaghost","floor":16,"turns":8},{"damage":4,"enemies":"Chosen","floor":18,"turns":5},{"damage":8,"enemies":"Shell Parasite","floor":19,"turns":8},{"damage":29,"enemies":"Sentry and Sphere","floor":21,"turns":8},{"damage":43,"enemies":"Slavers","floor":23,"turns":3}],"event_choices":[{"event_name":"Transmorgrifier","player_choice":"Transform","floor":5,"damage_taken":0},{"event_name":"Dead Adventurer","player_choice":"Searched \u00271\u0027 times","floor":7,"damage_taken":0},{"event_name":"The Lab","player_choice":"Got Potions","floor":22,"damage_taken":0}],"boss_relics":[{"not_picked":["White Beast Statue","Runic Dome"],"picked":"Runic Pyramid"}],"potions_floor_spawned":[3,11,13,16,18,21],"seed_played":"-1111219381165918720","killed_by":"Slavers","ascension_level":2,"is_trial":false}