{"gold_per_floor":[109,109,120,70,70,70,70,82,82,357,391,401,376,376,376,376],"floor_reached":16,"playtime":674,"items_purged":[],"score":123,"play_id":"504440df-620c-4da0-9bf4-785fe0060314","local_time":"20190127121414","is_ascension_mode":true,"campfire_choices":[{"data":"Panacea","floor":6,"key":"SMITH"},{"floor":15,"key":"REST"}],"neow_cost":"NONE","seed_source_timestamp":317581884025476,"circlet_count":0,"master_deck":["Strike_R","Strike_R","Strike_R","Strike_R","Strike_R","Defend_R","Defend_R","Defend_R","Bash","Panacea+1","Battle Trance","Evolve","Iron Wave","Regret","Spot Weakness","True Grit"],"relics":["Burning Blood","Bag of Preparation","Strawberry","Happy Flower","Kunai"],"potions_floor_usage":[11,16,16],"damage_taken":[{"damage":0,"enemies":"Small Slimes","floor":1,"turns":3},{"damage":6,"enemies":"Cultist","floor":3,"turns":3},{"damage":11,"enemies":"2 Louse","floor":8,"turns":3},{"damage":48,"enemies":"3 Sentries","floor":11,"turns":8},{"damage":27,"enemies":"Gremlin Gang","floor":12,"turns":4},{"damage":35,"enemies":"Hexaghost","floor":16,"turns":10}],"seed_played":"839773492225556317","potions_obtained":[{"floor":3,"key":"Fire Potion"},{"floor":8,"key":"Weak Potion"},{"floor":11,"key":"Poison Potion"}],"is_trial":false,"path_per_floor":["M","?","M","?","$","R","?","M","T","?","E","M","?","T","R","B"],"character_chosen":"IRONCLAD","items_purchased":[],"campfire_rested":1,"item_purchase_floors":[],"current_hp_per_floor":[80,68,68,68,68,68,68,63,70,70,28,7,7,7,33,0],"gold":376,"neow_bonus":"RANDOM_COLORLESS","is_prod":false,"is_daily":false,"chose_seed":false,"campfire_upgraded":1,"win_rate":0,"timestamp":1548573254,"path_taken":["M","?","M","?","$","R","?","?","T","?","E","?","?","?","R","BOSS"],"build_version":"2019-01-23","purchased_purges":0,"victory":false,"max_hp_per_floor":[80,80,80,80,80,80,80,80,87,87,87,87,87,87,87,87],"card_choices":[{"not_picked":["Sentinel","Anger"],"picked":"Battle Trance","floor":1},{"not_picked":["Carnage","Clash"],"picked":"Evolve","floor":3},{"not_picked":["Whirlwind","Rupture"],"picked":"Iron Wave","floor":8},{"not_picked":["Uppercut","Blood for Blood"],"picked":"Spot Weakness","floor":11},{"not_picked":["Evolve","Anger"],"picked":"True Grit","floor":12}],"player_experience":268836,"relics_obtained":[{"floor":9,"key":"Strawberry"},{"floor":11,"key":"Happy Flower"},{"floor":14,"key":"Kunai"}],"event_choices":[{"damage_healed":0,"gold_gain":0,"player_choice":"Success","damage_taken":12,"relics_obtained":["Bag of Preparation"],"max_hp_gain":0,"max_hp_loss":0,"event_name":"Scrap Ooze","floor":2,"gold_loss":0},{"cards_removed":["Defend_R"],"damage_healed":0,"gold_gain":0,"player_choice":"Card Removal","damage_taken":0,"max_hp_gain":0,"max_hp_loss":0,"event_name":"The Cleric","floor":4,"gold_loss":50},{"damage_healed":0,"gold_gain":0,"player_choice":"0 cards matched","damage_taken":0,"max_hp_gain":0,"max_hp_loss":0,"event_name":"Match and Keep!","floor":7,"gold_loss":0,"cards_obtained":[]},{"damage_healed":0,"gold_gain":275,"player_choice":"Desecrate","damage_taken":0,"max_hp_gain":0,"max_hp_loss":0,"event_name":"Golden Shrine","floor":10,"gold_loss":0,"cards_obtained":["Regret"]},{"damage_healed":0,"gold_gain":0,"player_choice":"Left Gold","damage_taken":0,"max_hp_gain":0,"max_hp_loss":0,"event_name":"World of Goop","floor":13,"gold_loss":25}],"is_beta":false,"boss_relics":[],"items_purged_floors":[],"is_endless":false,"potions_floor_spawned":[3,8,11],"killed_by":"Hexaghost","ascension_level":5}