{"gold_per_floor":[19,33,50,0,12,12,30,30,77,112,112,123,73,405,405,510,510,520,500,500,513,71,71,105,105,105,116,133,143,143,171,171,273,273,283,293,293,293,75,75,75,75,126,126,136,169,182,197,197,197],"floor_reached":50,"playtime":2187,"items_purged":["Defend_B"],"score":912,"play_id":"fd7b0926-257b-4689-bb19-ed51db84aaab","local_time":"20180802005642","is_ascension_mode":true,"campfire_choices":[{"data":"Beam Cell","floor":6,"key":"SMITH"},{"data":"Hyperbeam","floor":8,"key":"SMITH"},{"data":"Zap","floor":11,"key":"SMITH"},{"data":"Seek","floor":15,"key":"SMITH"},{"data":"Hologram","floor":23,"key":"SMITH"},{"data":"Strike_B","floor":25,"key":"PURGE"},{"data":"Defragment+1","floor":32,"key":"PURGE"},{"data":"Coolheaded","floor":40,"key":"PURGE"},{"data":"Strike_B","floor":42,"key":"PURGE"},{"floor":49,"key":"REST"}],"neow_cost":"NO_GOLD","seed_source_timestamp":3307021965304322,"circlet_count":0,"master_deck":["Strike_B","Defend_B","Defend_B","Defend_B","Zap+1","Dualcast","AscendersBane","Ball Lightning","Beam Cell+1","Stack","Hyperbeam+1","Hologram+1","Conserve Battery","Seek+1","Echo Form","Reprogram+1","Go for the Eyes","Rebound+1","Streamline+1","Self Repair+1","Echo Form","Hologram+1","Madness","Madness"],"relics":["Cracked Core","Meat on the Bone","Anchor","Happy Flower","Old Coin","Velvet Choker","Pen Nib","Peace Pipe","Potion Belt","Orichalcum","Thread and Needle","Fusion Hammer","Bag of Preparation","Bronze Scales","Sundial","Emotion Chip"],"potions_floor_usage":[10,16,16,24,31,33,46,50,50,50,50],"damage_taken":[{"damage":1,"enemies":"Cultist","floor":1,"turns":4},{"damage":7,"enemies":"Jaw Worm","floor":2,"turns":2},{"damage":3,"enemies":"2 Louse","floor":3,"turns":3},{"damage":2,"enemies":"Blue Slaver","floor":5,"turns":3},{"damage":10,"enemies":"Exordium Wildlife","floor":7,"turns":3},{"damage":0,"enemies":"Lagavulin","floor":10,"turns":7},{"damage":0,"enemies":"Exordium Thugs","floor":12,"turns":4},{"damage":20,"enemies":"Gremlin Nob","floor":14,"turns":4},{"damage":28,"enemies":"The Guardian","floor":16,"turns":13},{"damage":0,"enemies":"Chosen","floor":18,"turns":2},{"damage":0,"enemies":"Shell Parasite","floor":21,"turns":4},{"damage":46,"enemies":"Gremlin Leader","floor":24,"turns":6},{"damage":3,"enemies":"Centurion and Healer","floor":27,"turns":3},{"damage":23,"enemies":"Cultist and Chosen","floor":28,"turns":5},{"damage":0,"enemies":"Snake Plant","floor":29,"turns":2},{"damage":16,"enemies":"Book of Stabbing","floor":31,"turns":4},{"damage":31,"enemies":"Champ","floor":33,"turns":9},{"damage":2,"enemies":"3 Shapes","floor":35,"turns":3},{"damage":0,"enemies":"Orb Walker","floor":36,"turns":2},{"damage":23,"enemies":"Transient","floor":45,"turns":5},{"damage":18,"enemies":"Nemesis","floor":46,"turns":7},{"damage":37,"enemies":"Maw","floor":47,"turns":6},{"damage":0,"enemies":"Flame Bruiser 2 Orb","floor":48,"turns":3},{"damage":111,"enemies":"Time Eater","floor":50,"turns":10}],"seed_played":"-3354514489693913235","potions_obtained":[{"floor":1,"key":"FocusPotion"},{"floor":5,"key":"EssenceOfSteel"},{"floor":10,"key":"EssenceOfSteel"},{"floor":14,"key":"Energy Potion"},{"floor":18,"key":"Strength Potion"},{"floor":19,"key":"SteroidPotion"},{"floor":24,"key":"EssenceOfSteel"},{"floor":28,"key":"Explosive Potion"},{"floor":29,"key":"FocusPotion"},{"floor":36,"key":"FocusPotion"},{"floor":45,"key":"Fruit Juice"},{"floor":46,"key":"Weak Potion"}],"is_trial":false,"path_per_floor":["M","M","M","?","M","R","M","R","T","E","R","M","?","E","R","B",null,"M","?","?","M","$","R","E","R","T","M","M","M","?","E","R","B",null,"M","M","?","?","$","R","$","R","T","T","M","E","M","M","R"],"character_chosen":"DEFECT","items_purchased":["Pen Nib","Peace Pipe","Bag of Preparation"],"campfire_rested":1,"item_purchase_floors":[22,22,39],"current_hp_per_floor":[81,74,71,71,69,69,59,59,59,59,59,59,59,51,51,35,76,76,76,76,76,76,76,42,42,42,51,40,52,52,48,48,39,77,89,89,78,78,78,78,78,78,78,78,55,74,69,79,94,0],"gold":197,"neow_bonus":"TWENTY_PERCENT_HP_BONUS","is_prod":false,"is_daily":false,"chose_seed":false,"campfire_upgraded":5,"win_rate":0,"timestamp":1533189402,"path_taken":["M","?","M","?","M","R","M","R","T","E","R","M","?","E","R","BOSS","M","?","?","M","$","R","E","R","T","?","M","M","?","E","R","BOSS","M","M","?","?","$","R","?","R","T","?","?","E","M","M","R","BOSS"],"build_version":"2018-07-26","purchased_purges":1,"victory":false,"max_hp_per_floor":[89,89,89,89,89,89,89,89,89,89,89,89,89,89,89,89,89,89,89,89,89,89,89,89,89,89,89,89,89,89,89,89,89,89,89,89,89,89,89,89,89,89,89,89,89,94,94,94,94,94],"card_choices":[{"not_picked":["Rebound","Rip and Tear"],"picked":"Ball Lightning","floor":1},{"not_picked":["Rebound","Coolheaded"],"picked":"Beam Cell","floor":2},{"not_picked":["Barrage","Leap"],"picked":"Coolheaded","floor":3},{"not_picked":["Leap","Chill"],"picked":"Stack","floor":5},{"not_picked":["Double Energy","FTL"],"picked":"Hyperbeam","floor":7},{"not_picked":["Stack","Redo"],"picked":"Hologram","floor":10},{"not_picked":["Compile Driver","Ball Lightning"],"picked":"Conserve Battery","floor":12},{"not_picked":["Darkness","Cold Snap"],"picked":"Seek","floor":14},{"not_picked":["Amplify","Meteor Strike"],"picked":"Echo Form","floor":16},{"not_picked":["Stack","Static Discharge"],"picked":"Defragment","floor":18},{"not_picked":["Darkness","Redo"],"picked":"Reprogram+1","floor":21},{"not_picked":["Double Energy","Redo"],"picked":"Go for the Eyes","floor":24},{"not_picked":["Ball Lightning","Cold Snap"],"picked":"Rebound+1","floor":27},{"not_picked":["Go for the Eyes","BootSequence"],"picked":"Streamline+1","floor":28},{"not_picked":["Capacitor+1","Defragment","Beam Cell"],"picked":"SKIP","floor":29},{"not_picked":["Rainbow","Scrape"],"picked":"Self Repair+1","floor":31},{"not_picked":["Amplify","Electrodynamics"],"picked":"Echo Form","floor":33},{"not_picked":["Streamline+1","Turbo","Defragment"],"picked":"SKIP","floor":35},{"not_picked":["Ball Lightning","Turbo+1"],"picked":"Hologram+1","floor":36},{"not_picked":["Cold Snap+1","Loop","Barrage+1"],"picked":"SKIP","floor":45},{"not_picked":["Coolheaded+1","Leap+1","Self Repair+1"],"picked":"SKIP","floor":46},{"not_picked":["Cold Snap+1","Genetic Algorithm","Melter+1"],"picked":"SKIP","floor":47},{"not_picked":["Turbo+1","Sweeping Beam","Seek"],"picked":"SKIP","floor":48}],"player_experience":435469,"relics_obtained":[{"floor":9,"key":"Anchor"},{"floor":10,"key":"Happy Flower"},{"floor":14,"key":"Old Coin"},{"floor":24,"key":"Potion Belt"},{"floor":26,"key":"Orichalcum"},{"floor":31,"key":"Thread and Needle"},{"floor":43,"key":"Bronze Scales"},{"floor":44,"key":"Sundial"},{"floor":46,"key":"Emotion Chip"}],"event_choices":[{"event_name":"WeMeetAgain","player_choice":"Gold","floor":4,"damage_taken":0},{"event_name":"The Cleric","player_choice":"Card Removal","floor":13,"damage_taken":0},{"event_name":"The Woman in Blue","player_choice":"Bought 1 Potion","floor":19,"damage_taken":0},{"event_name":"Upgrade Shrine","player_choice":"Upgraded","floor":20,"damage_taken":0},{"event_name":"Vampires","player_choice":"Ignored","floor":30,"damage_taken":0},{"event_name":"Winding Halls","player_choice":"Embrace Madness","floor":37,"damage_taken":0},{"event_name":"Tomb of Lord Red Mask","player_choice":"Ignored","floor":38,"damage_taken":0}],"is_beta":false,"boss_relics":[{"not_picked":["Empty Cage","Calling Bell"],"picked":"Velvet Choker"},{"not_picked":["Lizard Tail","Black Star"],"picked":"Fusion Hammer"}],"items_purged_floors":[39],"is_endless":false,"potions_floor_spawned":[1,5,10,12,14,18,24,28,29,36,45,46],"killed_by":"Time Eater","ascension_level":11}