{"path_per_floor":["M","?","?","$","M","E","?","R","T","M","R","?","M","M","R","B",null,"M","M","?","$","M","M","R","?","T","M","M","R","M","M","R"],"character_chosen":"IRONCLAD","items_purchased":["Flex","Shrug It Off","Limit Break","Inflame"],"gold_per_floor":[117,117,117,38,57,84,84,84,84,96,96,96,114,124,124,228,228,238,256,256,21,39,53,53,53,53,69,87,87,102,120,120],"floor_reached":33,"campfire_rested":3,"playtime":1831,"current_hp_per_floor":[73,73,57,57,63,45,45,69,69,75,75,80,80,80,80,57,80,80,56,56,56,44,12,36,36,36,54,58,80,65,48,48],"items_purged":[],"gold":120,"play_id":"ab3d4856-423e-402c-8b33-eb15332a44b9","is_prod":false,"is_daily":false,"campfire_rituals":0,"campfire_upgraded":3,"is_hardmode":false,"path_taken":["M","?","?","$","?","E","?","R","T","M","R","?","M","M","R","BOSS","M","M","?","$","M","M","R","?","T","M","M","R","M","M","R","BOSS"],"build_version":"2018-01-04-PROD1","purchased_purges":0,"victory":false,"master_deck":["Strike_R","Strike_R","Strike_R","Strike_R","Strike_R","Defend_R","Defend_R","Defend_R","Defend_R","Bash","Heavy Blade","Flex","Shrug It Off","Iron Wave","Double Tap","Twin Strike","Heavy Blade","Flex","Demon Form","Metallicize","Spot Weakness","Writhe","Limit Break","Inflame","Double Tap","Battle Trance","Spot Weakness","Headbutt"],"max_hp_per_floor":[80,80,80,80,80,80,80,80,80,80,80,80,80,80,80,80,80,80,80,80,80,80,80,80,80,80,80,80,80,80,80,80],"relics":["Burning Blood","Anchor","Dodecahedron","Mark of Pain","Mummified Hand","Bird Faced Urn"],"campfire_meditates":0,"card_choices":[{"not_picked":["Clothesline","Second Wind"],"picked":"Heavy Blade"},{"not_picked":["Searing Blow","Cleave"],"picked":"Battle Trance"},{"not_picked":["Dual Wield","Shrug It Off"],"picked":"Iron Wave"},{"not_picked":["Metallicize","Battle Trance"],"picked":"Twin Strike"},{"not_picked":["Flex","Anger"],"picked":"Heavy Blade"},{"not_picked":["Twin Strike","Brutality"],"picked":"Flex"},{"not_picked":["Brutality","Feed"],"picked":"Demon Form"},{"not_picked":["True Grit","Clash"],"picked":"Metallicize"},{"not_picked":["Perfected Strike","Thunderclap"],"picked":"Spot Weakness"},{"not_picked":["Fire Breathing","Sword Boomerang"],"picked":"Double Tap"},{"not_picked":["Thunderclap","Whirlwind"],"picked":"Battle Trance"},{"not_picked":["Sever Soul","Combust"],"picked":"Spot Weakness"},{"not_picked":["Infernal Blade","Iron Wave"],"picked":"Headbutt"}],"player_experience":37581,"potions_floor_usage":[6,16,27,27,28,30],"damage_taken":[{"damage":13,"enemies":"Blue Slaver","floor":1,"turns":5},{"damage":0,"enemies":"Jaw Worm","floor":5,"turns":5},{"damage":24,"enemies":"Gremlin Nob","floor":6,"turns":4},{"damage":0,"enemies":"Small Slimes","floor":10,"turns":2},{"damage":0,"enemies":"3 Louse","floor":13,"turns":3},{"damage":0,"enemies":"Red Slaver","floor":14,"turns":2},{"damage":29,"enemies":"The Guardian","floor":16,"turns":7},{"damage":0,"enemies":"Spheric Guardian","floor":18,"turns":3},{"damage":30,"enemies":"3 Byrds","floor":19,"turns":6},{"damage":18,"enemies":"Snake Plant","floor":22,"turns":3},{"damage":38,"enemies":"Chosen and Byrds","floor":23,"turns":5},{"damage":0,"enemies":"Sentry and Sphere","floor":27,"turns":4},{"damage":6,"enemies":"Slaver and Parasite","floor":28,"turns":3},{"damage":25,"enemies":"Centurion and Healer","floor":30,"turns":4},{"damage":27,"enemies":"Snake Plant","floor":31,"turns":4},{"damage":85,"enemies":"Automaton","floor":33,"turns":6}],"event_choices":[{"event_name":"The Lab","player_choice":"Got Potions","floor":2,"damage_taken":0},{"event_name":"Shining Light","player_choice":"Entered Light","floor":3,"damage_taken":0},{"event_name":"Living Wall","player_choice":"Change","floor":7,"damage_taken":0},{"event_name":"Big Fish","player_choice":"Banana","floor":12,"damage_taken":0},{"event_name":"The Mausoleum","player_choice":"Yes","floor":20,"damage_taken":0},{"event_name":"Addict","player_choice":"Ignored","floor":25,"damage_taken":0}],"boss_relics":[{"not_picked":["Philosopher\u0027s Stone","Runic Pyramid"],"picked":"Mark of Pain"}],"potions_floor_spawned":[5,10,19,22,23,28],"seed_played":"1999549083203772425","killed_by":"Automaton","is_trial":false}