{"gold_per_floor":[119,132,132,2,14,14,27,27,51,65,65,98,114,126,126,230,230,248,266,285,64,76,76,95,95,148,180,192,224,236,283,295,307],"floor_reached":33,"playtime":4683,"items_purged":["Normality"],"score":312,"play_id":"621898d5-2c98-42c0-bd30-159a562d6d06","local_time":"20190226002925","is_ascension_mode":true,"campfire_choices":[{"data":"Mind Blast","floor":6,"key":"SMITH"},{"data":"Creative AI","floor":8,"key":"SMITH"},{"floor":11,"key":"REST"},{"floor":15,"key":"REST"},{"floor":23,"key":"REST"},{"floor":25,"key":"REST"},{"floor":30,"key":"REST"},{"data":"Defragment","floor":32,"key":"SMITH"}],"neow_cost":"NONE","seed_source_timestamp":33756389745900,"circlet_count":0,"master_deck":["Strike_B","Strike_B","Strike_B","Defend_B","Defend_B","Defend_B","Defend_B","Zap","Dualcast","Sweeping Beam","Coolheaded","Mind Blast+1","Redo","Go for the Eyes","Creative AI+1","Tempest","Beam Cell","BootSequence","Cold Snap","Seek","Injury","Clumsy","Defragment+1","Conserve Battery","Turbo","Undo","Rebound+1","Rebound+1","Self Repair","All For One","Ball Lightning+1","Self Repair","Go for the Eyes","Beam Cell+1","Glacier+1","Leap","Go for the Eyes+1"],"relics":["Cracked Core","Lantern","Vajra","Strawberry","Calling Bell","Centennial Puzzle","Shuriken","Prayer Wheel","Oddly Smooth Stone","MawBank","StoneCalendar"],"potions_floor_usage":[12,22,24,24,31,33,33],"damage_taken":[{"damage":1,"enemies":"Jaw Worm","floor":1,"turns":2},{"damage":6,"enemies":"Cultist","floor":2,"turns":3},{"damage":3,"enemies":"Small Slimes","floor":5,"turns":2},{"damage":0,"enemies":"2 Fungi Beasts","floor":7,"turns":2},{"damage":9,"enemies":"Large Slime","floor":10,"turns":7},{"damage":29,"enemies":"3 Sentries","floor":12,"turns":6},{"damage":0,"enemies":"Blue Slaver","floor":13,"turns":1},{"damage":4,"enemies":"Exordium Thugs","floor":14,"turns":4},{"damage":49,"enemies":"Hexaghost","floor":16,"turns":12},{"damage":18,"enemies":"2 Thieves","floor":18,"turns":4},{"damage":15,"enemies":"Shell Parasite","floor":19,"turns":8},{"damage":13,"enemies":"Chosen and Byrds","floor":20,"turns":6},{"damage":16,"enemies":"Cultist and Chosen","floor":22,"turns":8},{"damage":3,"enemies":"Snake Plant","floor":24,"turns":3},{"damage":21,"enemies":"Shelled Parasite and Fungi","floor":27,"turns":6},{"damage":6,"enemies":"Snecko","floor":29,"turns":5},{"damage":23,"enemies":"Book of Stabbing","floor":31,"turns":5},{"damage":75,"enemies":"Collector","floor":33,"turns":6}],"seed_played":"5392230184492131373","potions_obtained":[{"floor":7,"key":"LiquidBronze"},{"floor":12,"key":"SpeedPotion"},{"floor":16,"key":"Dexterity Potion"},{"floor":19,"key":"Swift Potion"},{"floor":22,"key":"LiquidBronze"},{"floor":27,"key":"Weak Potion"},{"floor":29,"key":"Strength Potion"}],"is_trial":false,"path_per_floor":["M","M","?","$","M","R","M","R","T","M","R","E","M","M","R","B",null,"M","M","M","$","M","R","M","R","T","M","$","M","R","E","R","B"],"character_chosen":"DEFECT","items_purchased":["Mind Blast","Redo","Oddly Smooth Stone"],"campfire_rested":5,"item_purchase_floors":[4,4,21],"current_hp_per_floor":[74,68,68,68,65,65,65,65,65,56,75,53,53,49,73,24,82,64,49,36,36,20,44,48,72,72,65,65,66,82,73,73,0],"gold":307,"neow_bonus":"RANDOM_COMMON_RELIC","is_prod":false,"is_daily":false,"chose_seed":false,"campfire_upgraded":3,"win_rate":0,"timestamp":1551137365,"path_taken":["M","M","?","$","M","R","M","R","T","M","R","E","M","M","R","BOSS","M","?","M","$","M","R","M","R","T","M","?","M","R","E","R","BOSS"],"build_version":"2019-01-23","purchased_purges":1,"victory":false,"max_hp_per_floor":[75,75,75,75,75,75,75,75,75,75,75,82,82,82,82,82,82,82,82,82,82,82,82,82,82,82,82,82,82,82,82,82,82],"card_choices":[{"not_picked":["Stack","Melter"],"picked":"Sweeping Beam","floor":1},{"not_picked":["Turbo","Compile Driver"],"picked":"Coolheaded","floor":2},{"not_picked":["Streamline","Darkness"],"picked":"Go for the Eyes","floor":5},{"not_picked":["Consume","Auto Shields"],"picked":"Creative AI","floor":7},{"not_picked":["Steam","Hologram"],"picked":"Tempest","floor":10},{"not_picked":["Darkness","Heatsinks"],"picked":"Beam Cell","floor":12},{"not_picked":["Barrage","Compile Driver"],"picked":"BootSequence","floor":13},{"not_picked":["Chill","Streamline"],"picked":"Cold Snap","floor":14},{"not_picked":["Creative AI","Meteor Strike"],"picked":"Seek","floor":16},{"not_picked":["Auto Shields","Force Field"],"picked":"Defragment","floor":18},{"not_picked":["Streamline+1","Sunder"],"picked":"Conserve Battery","floor":18},{"not_picked":["Stack","Compile Driver"],"picked":"Turbo","floor":19},{"not_picked":["Double Energy","Stack"],"picked":"Undo","floor":19},{"not_picked":["Blizzard","Consume"],"picked":"Rebound+1","floor":20},{"not_picked":["Compile Driver","Coolheaded"],"picked":"Rebound+1","floor":20},{"not_picked":["Compile Driver+1","Auto Shields"],"picked":"Self Repair","floor":22},{"not_picked":["Static Discharge","Stack"],"picked":"All For One","floor":22},{"not_picked":["Barrage","Stack+1"],"picked":"Ball Lightning+1","floor":24},{"not_picked":["Fusion","Skim+1"],"picked":"Self Repair","floor":24},{"not_picked":["Streamline+1","Hologram"],"picked":"Go for the Eyes","floor":27},{"not_picked":["Gash","Coolheaded"],"picked":"Beam Cell+1","floor":27},{"not_picked":["Conserve Battery","Rip and Tear+1"],"picked":"Glacier+1","floor":29},{"not_picked":["Darkness","Sunder"],"picked":"Leap","floor":29},{"not_picked":["Rip and Tear","Meteor Strike"],"picked":"Go for the Eyes+1","floor":31}],"player_experience":59802,"relics_obtained":[{"floor":9,"key":"Vajra"},{"floor":12,"key":"Strawberry"},{"floor":17,"key":"Centennial Puzzle"},{"floor":17,"key":"Shuriken"},{"floor":17,"key":"Prayer Wheel"},{"floor":26,"key":"MawBank"},{"floor":31,"key":"StoneCalendar"}],"event_choices":[{"cards_removed":["Strike_B"],"damage_healed":0,"gold_gain":0,"player_choice":"Purged","damage_taken":0,"max_hp_gain":0,"max_hp_loss":0,"event_name":"Purifier","floor":3,"gold_loss":0}],"is_beta":false,"boss_relics":[{"not_picked":["Pandora\u0027s Box","Orrery"],"picked":"Calling Bell"}],"items_purged_floors":[21],"is_endless":false,"potions_floor_spawned":[7,12,16,19,22,27,29],"killed_by":"Collector","ascension_level":1}