{"gold_per_floor":[116,131,131,131,147,147,186,186,186,35,110,110,110,145,145,270,270,293,309,309],"floor_reached":20,"playtime":577,"items_purged":["Strike_G"],"score":242,"play_id":"63f2674c-923b-4677-9e92-8ddddd4a9b01","local_time":"20181205204038","is_ascension_mode":true,"campfire_choices":[{"data":"Neutralize","floor":6,"key":"SMITH"},{"data":"Masterful Stab","floor":8,"key":"SMITH"},{"floor":13,"key":"REST"},{"data":"Caltrops","floor":15,"key":"SMITH"}],"neow_cost":"PERCENT_DAMAGE","seed_source_timestamp":982381955725024,"circlet_count":0,"master_deck":["Survivor","Neutralize+1","Adrenaline","Masterful Stab+1","Predator","PiercingWail","Caltrops+1","Terror","After Image","Outmaneuver","Blade Dance","Backflip","Outmaneuver","Deflect","Outmaneuver","Blade Dance","Blade Dance","Masterful Stab","Backflip+1","Leg Sweep+1"],"relics":["Ring of the Snake","Golden Idol","Blue Candle","Meat on the Bone","Mercury Hourglass","Potion Belt","Pandora\u0027s Box"],"potions_floor_usage":[7,16],"damage_taken":[{"damage":0,"enemies":"Small Slimes","floor":1,"turns":4},{"damage":0,"enemies":"Jaw Worm","floor":2,"turns":5},{"damage":0,"enemies":"2 Louse","floor":5,"turns":2},{"damage":19,"enemies":"3 Sentries","floor":7,"turns":7},{"damage":7,"enemies":"Gremlin Nob","floor":14,"turns":3},{"damage":0,"enemies":"Hexaghost","floor":16,"turns":6},{"damage":0,"enemies":"3 Byrds","floor":18,"turns":2},{"damage":17,"enemies":"2 Thieves","floor":19,"turns":4},{"damage":10,"enemies":"Sentry and Sphere","floor":20,"turns":4}],"seed_played":"2036803758707982016","potions_obtained":[{"floor":1,"key":"SkillPotion"},{"floor":14,"key":"AttackPotion"},{"floor":18,"key":"GamblersBrew"}],"is_trial":false,"path_per_floor":["M","M","?","?","M","R","E","R","T","$","?","T","R","E","R","B",null,"M","M","M"],"character_chosen":"THE_SILENT","items_purchased":["Caltrops"],"campfire_rested":1,"item_purchase_floors":[10],"current_hp_per_floor":[49,49,49,49,49,49,30,30,30,30,19,19,38,43,43,43,65,65,48,38],"gold":309,"neow_bonus":"THREE_RARE_CARDS","is_prod":false,"is_daily":false,"chose_seed":false,"campfire_upgraded":3,"win_rate":0,"timestamp":1544060438,"path_taken":["M","M","?","?","M","R","E","R","T","?","?","?","R","E","R","BOSS","M","M","M"],"build_version":"2018-11-15","purchased_purges":1,"victory":false,"max_hp_per_floor":[70,70,70,65,65,65,65,65,65,65,65,65,65,65,65,65,65,65,65,65],"card_choices":[{"not_picked":["Storm of Steel","Doppelganger"],"picked":"Adrenaline","floor":0},{"not_picked":["Acrobatics","Slice"],"picked":"Masterful Stab","floor":1},{"not_picked":["Tactician","Prepared","Expertise"],"picked":"SKIP","floor":2},{"not_picked":["Underhanded Strike","Deflect"],"picked":"Predator","floor":5},{"not_picked":["Poisoned Stab","Bane"],"picked":"PiercingWail","floor":7},{"not_picked":["Footwork","Choke"],"picked":"Terror","floor":14},{"not_picked":["Wraith Form v2","Storm of Steel"],"picked":"After Image","floor":16},{"not_picked":["Masterful Stab","Bane"],"picked":"Backflip+1","floor":18},{"not_picked":["Tactician","Acrobatics"],"picked":"Leg Sweep+1","floor":19}],"player_experience":659722,"relics_obtained":[{"floor":7,"key":"Blue Candle"},{"floor":9,"key":"Meat on the Bone"},{"floor":12,"key":"Mercury Hourglass"},{"floor":14,"key":"Potion Belt"}],"event_choices":[{"damage_healed":0,"gold_gain":0,"player_choice":"Ignored","damage_taken":0,"max_hp_gain":0,"max_hp_loss":0,"event_name":"Liars Game","floor":3,"gold_loss":0},{"damage_healed":0,"gold_gain":0,"player_choice":"Lose Max HP","damage_taken":0,"relics_obtained":["Golden Idol"],"max_hp_gain":0,"max_hp_loss":5,"event_name":"Golden Idol","floor":4,"gold_loss":0},{"damage_healed":0,"gold_gain":75,"player_choice":"Gather Gold","damage_taken":11,"max_hp_gain":0,"max_hp_loss":0,"event_name":"World of Goop","floor":11,"gold_loss":0}],"is_beta":false,"boss_relics":[{"not_picked":["Runic Dome","Busted Crown"],"picked":"Pandora\u0027s Box"}],"items_purged_floors":[10],"is_endless":false,"potions_floor_spawned":[1,14,18],"killed_by":"Sentry and Sphere","ascension_level":1}