{"gold_per_floor":[117,42,60,60,75,103,113,113,143,143,153,173,186,196,196,294,294,307,335,351,368,368,368,368,368,368,368,384,402,253,266,266,266],"floor_reached":33,"playtime":1729,"items_purged":["Normality"],"score":329,"play_id":"e8574ac7-9dbd-4756-854a-724b61e56f50","local_time":"20181210140442","is_ascension_mode":true,"campfire_choices":[{"data":"Armaments","floor":8,"key":"SMITH"},{"data":"Bludgeon","floor":10,"key":"SMITH"},{"floor":15,"key":"REST"},{"data":"Shrug It Off","floor":23,"key":"SMITH"},{"data":"Metallicize","floor":25,"key":"SMITH"},{"floor":27,"key":"REST"},{"floor":32,"key":"REST"}],"neow_cost":"CURSE","seed_source_timestamp":15227271384073,"circlet_count":0,"master_deck":["Defend_R","Defend_R","Defend_R","Defend_R","Bash","Pommel Strike","Shrug It Off+1","Armaments+1","Bludgeon+1","Headbutt","Metallicize+1","Warcry","Double Tap","Thunderclap","Pommel Strike+1","Flex","Bite","Bite","Bite","Bite","Bite","Shrug It Off"],"relics":["Burning Blood","Gambling Chip","Sundial","Tiny Chest","Philosopher\u0027s Stone","Red Mask","Nilry\u0027s Codex","Matryoshka","Bag of Preparation"],"potions_floor_usage":[21,33,33,33],"damage_taken":[{"damage":9,"enemies":"Jaw Worm","floor":1,"turns":4},{"damage":0,"enemies":"Cultist","floor":3,"turns":2},{"damage":14,"enemies":"Small Slimes","floor":5,"turns":5},{"damage":32,"enemies":"Gremlin Nob","floor":6,"turns":4},{"damage":7,"enemies":"Exordium Wildlife","floor":7,"turns":6},{"damage":9,"enemies":"3 Louse","floor":11,"turns":4},{"damage":6,"enemies":"Large Slime","floor":12,"turns":5},{"damage":12,"enemies":"Exordium Wildlife","floor":13,"turns":3},{"damage":15,"enemies":"2 Fungi Beasts","floor":14,"turns":3},{"damage":37,"enemies":"Slime Boss","floor":16,"turns":14},{"damage":20,"enemies":"2 Thieves","floor":18,"turns":4},{"damage":16,"enemies":"Masked Bandits","floor":19,"turns":5},{"damage":5,"enemies":"Chosen","floor":20,"turns":3},{"damage":14,"enemies":"Snecko","floor":21,"turns":4},{"damage":24,"enemies":"Centurion and Healer","floor":28,"turns":5},{"damage":14,"enemies":"3 Cultists","floor":29,"turns":4},{"damage":26,"enemies":"Sentry and Sphere","floor":31,"turns":4},{"damage":71,"enemies":"Collector","floor":33,"turns":5}],"seed_played":"7267186204414758974","potions_obtained":[{"floor":1,"key":"EssenceOfSteel"},{"floor":11,"key":"SpeedPotion"},{"floor":14,"key":"Ancient Potion"},{"floor":18,"key":"Regen Potion"},{"floor":21,"key":"FearPotion"},{"floor":28,"key":"Block Potion"}],"is_trial":false,"path_per_floor":["M","$","M","?","M","E","M","R","T","R","M","M","M","M","R","B",null,"M","?","M","M","?","R","?","R","T","R","M","M","$","M","R","B"],"character_chosen":"IRONCLAD","items_purchased":["Bag of Preparation"],"campfire_rested":3,"item_purchase_floors":[30],"current_hp_per_floor":[77,77,80,80,72,48,49,49,49,49,48,50,46,39,63,34,80,66,58,61,55,55,55,39,39,39,63,47,44,44,26,50,0],"gold":266,"neow_bonus":"ONE_RARE_RELIC","is_prod":false,"is_daily":false,"chose_seed":false,"campfire_upgraded":4,"win_rate":0,"timestamp":1544425482,"path_taken":["M","$","M","?","M","E","M","R","T","R","M","?","M","M","R","BOSS","M","?","M","M","?","R","?","R","T","R","M","M","$","M","R","BOSS"],"build_version":"2018-12-06","purchased_purges":1,"victory":false,"max_hp_per_floor":[80,80,80,80,80,80,80,80,80,80,80,80,80,80,80,80,80,80,80,80,80,80,80,80,80,80,80,80,80,80,80,80,80],"card_choices":[{"not_picked":["Heavy Blade","Metallicize"],"picked":"Pommel Strike","floor":1},{"not_picked":["Armaments","Feed"],"picked":"Shrug It Off","floor":3},{"not_picked":["Body Slam","Hemokinesis"],"picked":"Armaments","floor":5},{"not_picked":["Seeing Red","Fire Breathing"],"picked":"Bludgeon","floor":6},{"not_picked":["Anger","Rupture"],"picked":"Headbutt","floor":7},{"not_picked":["Havoc","Twin Strike","Combust"],"picked":"SKIP","floor":11},{"not_picked":["Clash","Armaments"],"picked":"Metallicize","floor":12},{"not_picked":["Headbutt","Twin Strike","Armaments"],"picked":"SKIP","floor":13},{"not_picked":["Corruption","Sword Boomerang"],"picked":"Warcry","floor":14},{"not_picked":["Limit Break","Bludgeon"],"picked":"Double Tap","floor":16},{"not_picked":["Cleave","Headbutt"],"picked":"Thunderclap","floor":18},{"not_picked":["Perfected Strike+1","Iron Wave"],"picked":"Pommel Strike+1","floor":20},{"not_picked":["Armaments+1","Burning Pact"],"picked":"Flex","floor":21},{"not_picked":["Thunderclap","Twin Strike","Intimidate"],"picked":"SKIP","floor":28},{"not_picked":["Spot Weakness","Clash"],"picked":"Shrug It Off","floor":29},{"not_picked":["Sword Boomerang","Thunderclap+1","Headbutt"],"picked":"SKIP","floor":31}],"player_experience":195066,"relics_obtained":[{"floor":6,"key":"Sundial"},{"floor":9,"key":"Tiny Chest"},{"floor":19,"key":"Red Mask"},{"floor":24,"key":"Nilry\u0027s Codex"},{"floor":26,"key":"Matryoshka"}],"event_choices":[{"damage_healed":0,"gold_gain":0,"player_choice":"Gave Potion","damage_taken":0,"relics_obtained":["Blood Vial"],"max_hp_gain":0,"max_hp_loss":0,"event_name":"WeMeetAgain","floor":4,"gold_loss":0},{"damage_healed":0,"gold_gain":0,"player_choice":"Fought Bandits","damage_taken":0,"max_hp_gain":0,"max_hp_loss":0,"event_name":"Masked Bandits","floor":19,"gold_loss":0},{"damage_healed":0,"gold_gain":0,"player_choice":"Became a vampire (Vial)","damage_taken":0,"max_hp_gain":0,"max_hp_loss":0,"event_name":"Vampires","floor":22,"relics_lost":["Blood Vial"],"gold_loss":0,"cards_obtained":["Bite","Bite","Bite","Bite","Bite"]},{"damage_healed":0,"gold_gain":0,"player_choice":"Obtained Book","damage_taken":16,"max_hp_gain":0,"max_hp_loss":0,"event_name":"Cursed Tome","floor":24,"gold_loss":0}],"is_beta":false,"boss_relics":[{"not_picked":["Runic Cube","Eternal Feather"],"picked":"Philosopher\u0027s Stone"}],"items_purged_floors":[2],"is_endless":false,"potions_floor_spawned":[1,11,14,18,21,28,29],"killed_by":"Collector","ascension_level":4}