{"gold_per_floor":[111,111,111,129,148,177,177,188,215,234,246,275,275,47,47,124,124,139,159,159,258,258,258,289,289,289,289],"floor_reached":27,"playtime":1030,"items_purged":[],"score":398,"play_id":"25e194be-2a5f-4aeb-92e3-c7d06aafe7bc","local_time":"20190205001507","is_ascension_mode":true,"campfire_choices":[{"floor":7.0,"key":"REST"},{"floor":15.0,"key":"REST"},{"data":"Shockwave","floor":23.0,"key":"SMITH"},{"floor":25,"key":"REST"}],"neow_cost":"NONE","seed_source_timestamp":0,"circlet_count":0,"master_deck":["AscendersBane","Strike_R","Strike_R","Strike_R+1","Strike_R","Strike_R","Defend_R+1","Defend_R","Defend_R","Defend_R+1","Bash","Pommel Strike+1","Bloodletting","Burning Pact","Shrug It Off","Intimidate","Flame Barrier","Disarm","Seeing Red","Infernal Blade","Double Tap","Parasite","Metallicize","Rampage+1","Reaper+1","Cleave+1","Shockwave+1"],"special_seed":0,"relics":["Burning Blood","Vajra","War Paint","Dream Catcher","Regal Pillow","Molten Egg 2","Juzu Bracelet","Philosopher\u0027s Stone","Whetstone","Blue Candle"],"potions_floor_usage":[24],"damage_taken":[{"damage":10.0,"enemies":"Small Slimes","floor":1.0,"turns":3.0},{"damage":8.0,"enemies":"Cultist","floor":4.0,"turns":5.0},{"damage":7.0,"enemies":"2 Louse","floor":5.0,"turns":3.0},{"damage":41.0,"enemies":"Lagavulin","floor":6.0,"turns":8.0},{"damage":5.0,"enemies":"Large Slime","floor":8.0,"turns":7.0},{"damage":8.0,"enemies":"3 Louse","floor":10.0,"turns":4.0},{"damage":8.0,"enemies":"2 Fungi Beasts","floor":11.0,"turns":6.0},{"damage":32.0,"enemies":"3 Sentries","floor":12.0,"turns":12.0},{"damage":55.0,"enemies":"The Guardian","floor":16.0,"turns":15.0},{"damage":21.0,"enemies":"3 Byrds","floor":18.0,"turns":5.0},{"damage":17.0,"enemies":"2 Thieves","floor":19.0,"turns":4.0},{"damage":79,"enemies":"Slavers","floor":24,"turns":8},{"damage":58,"enemies":"Book of Stabbing","floor":27,"turns":8}],"seed_played":"8952463291406666604","potions_obtained":[{"floor":4.0,"key":"Swift Potion"},{"floor":6.0,"key":"SkillPotion"},{"floor":16.0,"key":"AttackPotion"},{"floor":19.0,"key":"SpeedPotion"}],"is_trial":false,"path_per_floor":["M","?","?","M","M","E","R","M","T","M","M","E","?","$","R","B",null,"M","M","?","?","?","R","E","R","T","E"],"character_chosen":"IRONCLAD","items_purchased":["Metallicize","Juzu Bracelet"],"campfire_rested":3,"item_purchase_floors":[14,14],"current_hp_per_floor":[68,56,56,54,53,18,42,43,43,41,39,13,33,33,72,23,66,63,64,64,64,64,64,9,48,48,0],"gold":289,"neow_bonus":"THREE_CARDS","is_prod":false,"is_daily":false,"chose_seed":false,"campfire_upgraded":1,"win_rate":0,"timestamp":1549343707,"path_taken":["M","?","?","M","M","E","R","?","T","M","M","E","?","$","R","BOSS","M","M","?","?","?","R","E","R","T","E"],"build_version":"2019-01-23","purchased_purges":0,"victory":false,"max_hp_per_floor":[80,80,80,80,80,80,80,80,80,80,80,80,80,80,80,80,80,80,80,80,80,80,80,80,80,80,80],"card_choices":[{"not_picked":["Warcry","Armaments"],"picked":"Pommel Strike","floor":0.0},{"not_picked":["Flex","Clash"],"picked":"Bloodletting","floor":1.0},{"not_picked":["Bloodletting","Armaments"],"picked":"Burning Pact","floor":4.0},{"not_picked":["Iron Wave","Entrench"],"picked":"Shrug It Off","floor":5.0},{"not_picked":["Combust","Feel No Pain"],"picked":"Intimidate","floor":6.0},{"not_picked":["Hemokinesis","True Grit"],"picked":"Flame Barrier","floor":7.0},{"not_picked":["Rupture","Pommel Strike"],"picked":"Disarm","floor":8.0},{"not_picked":["Havoc","Inflame"],"picked":"Seeing Red","floor":10.0},{"not_picked":["Combust","Heavy Blade"],"picked":"Infernal Blade","floor":11.0},{"not_picked":["Bloodletting","Infernal Blade"],"picked":"Double Tap","floor":12.0},{"not_picked":["Body Slam+1","Pommel Strike+1"],"picked":"Rampage+1","floor":15.0},{"not_picked":["Limit Break","Dark Embrace"],"picked":"Reaper+1","floor":16.0},{"not_picked":["Second Wind","Reckless Charge+1","Infernal Blade"],"picked":"SKIP","floor":18.0},{"not_picked":["True Grit","Feel No Pain+1"],"picked":"Cleave+1","floor":19.0},{"not_picked":["Anger+1","Clash+1","Cleave+1"],"picked":"SKIP","floor":24}],"player_experience":228210,"relics_obtained":[{"floor":3.0,"key":"War Paint"},{"floor":6.0,"key":"Dream Catcher"},{"floor":9.0,"key":"Regal Pillow"},{"floor":12.0,"key":"Molten Egg 2"},{"floor":24,"key":"Whetstone"},{"floor":26,"key":"Blue Candle"}],"event_choices":[{"damage_healed":0.0,"max_hp_gain":0.0,"max_hp_loss":0.0,"gold_gain":0.0,"event_name":"Scrap Ooze","player_choice":"Success","floor":2.0,"gold_loss":0.0,"damage_taken":12.0,"relics_obtained":["Vajra"]},{"damage_healed":0.0,"max_hp_gain":0.0,"max_hp_loss":0.0,"gold_gain":0.0,"event_name":"Wheel of Change","player_choice":"Relic","floor":3.0,"gold_loss":0.0,"damage_taken":0.0},{"damage_healed":20.0,"max_hp_gain":0.0,"max_hp_loss":0.0,"gold_gain":0.0,"event_name":"Mushrooms","player_choice":"Healed and dodged fight","floor":13.0,"gold_loss":0.0,"damage_taken":0.0,"cards_obtained":["Parasite"]},{"damage_healed":0.0,"max_hp_gain":0.0,"max_hp_loss":0.0,"gold_gain":0.0,"event_name":"Vampires","player_choice":"Ignored","floor":20.0,"gold_loss":0.0,"damage_taken":0.0},{"damage_healed":0.0,"max_hp_gain":0.0,"max_hp_loss":0.0,"gold_gain":99.0,"event_name":"Nest","player_choice":"Stole From Cult","floor":21.0,"gold_loss":0.0,"damage_taken":0.0},{"damage_healed":0.0,"max_hp_gain":0.0,"max_hp_loss":0.0,"gold_gain":0.0,"event_name":"The Library","player_choice":"Read","floor":22.0,"gold_loss":0.0,"damage_taken":0.0,"cards_obtained":["Shockwave"]}],"is_beta":false,"boss_relics":[{"not_picked":["Orrery","Calling Bell"],"picked":"Philosopher\u0027s Stone"}],"items_purged_floors":[],"is_endless":false,"potions_floor_spawned":[4,6,10,11,16,19],"killed_by":"Book of Stabbing","ascension_level":13}