{"gold_per_floor":[215,215,173,248,14,48,48,77,77,77],"floor_reached":10,"playtime":290,"items_purged":["Strike_G"],"score":144,"play_id":"3af959b6-1f30-4738-9910-2665de671068","local_time":"20181210123356","is_ascension_mode":true,"campfire_choices":[{"data":"Noxious Fumes","floor":7,"key":"SMITH"}],"neow_cost":"NONE","seed_source_timestamp":1385454469311421,"circlet_count":0,"master_deck":["AscendersBane","Defend_G","Defend_G","Defend_G","Defend_G","Defend_G","Strike_G","Strike_G","Strike_G","Strike_G","Survivor","Neutralize","All Out Attack","Terror","Noxious Fumes+1","Predator","Leg Sweep","Deflect"],"relics":["Ring of the Snake","Bronze Scales","Boot","Regal Pillow"],"potions_floor_usage":[6,10],"damage_taken":[{"damage":1,"enemies":"Cultist","floor":1,"turns":4},{"damage":7,"enemies":"3 Sentries","floor":6,"turns":3},{"damage":30,"enemies":"Gremlin Nob","floor":8,"turns":4},{"damage":6,"enemies":"3 Sentries","floor":10,"turns":2}],"seed_played":"-241059877652886057","potions_obtained":[{"floor":1,"key":"SkillPotion"},{"floor":6,"key":"PowerPotion"},{"floor":8,"key":"Dexterity Potion"}],"is_trial":false,"path_per_floor":["M","?","$","?","$","E","R","E","T","E"],"character_chosen":"THE_SILENT","items_purchased":["Terror","Noxious Fumes","Predator"],"campfire_rested":0,"item_purchase_floors":[3,5,5],"current_hp_per_floor":[58,53,53,42,42,35,35,5,5,0],"gold":77,"neow_bonus":"HUNDRED_GOLD","is_prod":false,"is_daily":false,"chose_seed":false,"campfire_upgraded":1,"win_rate":0,"timestamp":1544463236,"path_taken":["M","?","$","?","$","E","R","E","T","E"],"build_version":"2018-12-06","purchased_purges":1,"victory":false,"max_hp_per_floor":[66,66,66,66,66,66,66,66,66,66],"card_choices":[{"not_picked":["Prepared","Bane"],"picked":"All Out Attack","floor":1},{"not_picked":["Escape Plan","Caltrops"],"picked":"Leg Sweep","floor":6},{"not_picked":["Distraction","Backflip"],"picked":"Deflect","floor":8}],"player_experience":671971,"relics_obtained":[{"floor":6,"key":"Boot"},{"floor":8,"key":"Regal Pillow"}],"event_choices":[{"damage_healed":0,"gold_gain":0,"player_choice":"Success","damage_taken":5,"relics_obtained":["Bronze Scales"],"max_hp_gain":0,"max_hp_loss":0,"event_name":"Scrap Ooze","floor":2,"gold_loss":0},{"damage_healed":0,"gold_gain":75,"player_choice":"Gather Gold","damage_taken":11,"max_hp_gain":0,"max_hp_loss":0,"event_name":"World of Goop","floor":4,"gold_loss":0}],"is_beta":false,"boss_relics":[],"items_purged_floors":[5],"is_endless":false,"potions_floor_spawned":[1,6,8],"killed_by":"3 Sentries","ascension_level":20}