{"gold_per_floor":[116,128,142,159,121,121,148,164,164,30,48,74,74,44,44,118,118,130,130,130,130,150,150,184,184],"floor_reached":25,"playtime":773,"items_purged":["Strike_B"],"score":464,"play_id":"5005c82d-afa9-450e-bd92-bf5df422c5fc","local_time":"20181014105248","is_ascension_mode":true,"campfire_choices":[{"data":"Defragment","floor":6,"key":"SMITH"},{"data":"Zap","floor":13,"key":"SMITH"},{"data":"Defragment","floor":15,"key":"SMITH"},{"data":"Lockon","floor":23,"key":"SMITH"}],"neow_cost":"NONE","seed_source_timestamp":556829458030227,"circlet_count":0,"master_deck":["Strike_B","Strike_B","Strike_B","Defend_B","Defend_B","Defend_B","Defend_B","Zap+1","Dualcast","AscendersBane","Melter","Rip and Tear","Defragment+1","Ball Lightning","Go for the Eyes","White Noise","Defragment+1","Undo","Electrodynamics","Lockon+1","Ghostly","Ghostly","Ghostly","Ghostly","Ghostly","Defragment"],"relics":["Cracked Core","Dodecahedron","Smiling Mask","Oddly Smooth Stone","Velvet Choker","Enchiridion","Meat on the Bone"],"potions_floor_usage":[7,11,12,16,16,24,25],"damage_taken":[{"damage":1,"enemies":"Cultist","floor":1,"turns":3},{"damage":0,"enemies":"2 Louse","floor":2,"turns":2},{"damage":7,"enemies":"Small Slimes","floor":3,"turns":2},{"damage":13,"enemies":"Blue Slaver","floor":4,"turns":2},{"damage":18,"enemies":"Lagavulin","floor":7,"turns":6},{"damage":3,"enemies":"Looter","floor":8,"turns":3},{"damage":0,"enemies":"Exordium Thugs","floor":11,"turns":4},{"damage":5,"enemies":"Gremlin Nob","floor":12,"turns":3},{"damage":5,"enemies":"Slime Boss","floor":16,"turns":6},{"damage":22,"enemies":"Shell Parasite","floor":18,"turns":5},{"damage":0,"enemies":"Spheric Guardian","floor":22,"turns":2},{"damage":9,"enemies":"Book of Stabbing","floor":24,"turns":5},{"damage":15,"enemies":"Snecko","floor":25,"turns":4}],"seed_played":"6844495577560064061","potions_obtained":[{"floor":3,"key":"EssenceOfSteel"},{"floor":7,"key":"Regen Potion"},{"floor":11,"key":"PowerPotion"},{"floor":14,"key":"Strength Potion"},{"floor":14,"key":"Fire Potion"},{"floor":16,"key":"SkillPotion"},{"floor":18,"key":"Explosive Potion"}],"is_trial":false,"path_per_floor":["M","M","M","M","?","R","E","M","T","$","M","E","R","?","R","B",null,"M","?","?","?","M","R","E"],"character_chosen":"DEFECT","items_purchased":["Chill"],"campfire_rested":0,"item_purchase_floors":[10],"current_hp_per_floor":[63,63,56,43,43,43,25,22,22,22,34,29,29,29,29,24,59,37,71,35,14,14,14,5,0],"gold":184,"neow_bonus":"THREE_CARDS","is_prod":false,"is_daily":false,"chose_seed":false,"campfire_upgraded":4,"win_rate":0,"timestamp":1539528768,"path_taken":["M","M","M","?","?","R","E","M","T","$","M","E","R","?","R","BOSS","M","?","?","?","M","R","E","M"],"build_version":"2018-10-11","purchased_purges":1,"victory":false,"max_hp_per_floor":[71,71,71,71,71,71,71,71,71,71,71,71,71,71,71,71,71,71,71,35,35,35,35,35,35],"card_choices":[{"not_picked":["Go for the Eyes","Cold Snap"],"picked":"Melter","floor":0},{"not_picked":["Rebound","Blizzard"],"picked":"Rip and Tear","floor":1},{"not_picked":["Go for the Eyes","Conserve Battery"],"picked":"Defragment","floor":2},{"not_picked":["Streamline","Steam"],"picked":"Ball Lightning","floor":3},{"not_picked":["Streamline","Machine Learning"],"picked":"Go for the Eyes","floor":4},{"not_picked":["Tempest","Static Discharge"],"picked":"White Noise","floor":7},{"not_picked":["Force Field","Gash","Beam Cell"],"picked":"SKIP","floor":8},{"not_picked":["Gash","Darkness"],"picked":"Defragment","floor":11},{"not_picked":["Coolheaded","Leap"],"picked":"Undo","floor":12},{"not_picked":["Seek","Thunder Strike"],"picked":"Electrodynamics","floor":16},{"not_picked":["Barrage","Heatsinks"],"picked":"Lockon","floor":18},{"not_picked":["Beam Cell","Sweeping Beam","Streamline"],"picked":"SKIP","floor":22},{"not_picked":["Go for the Eyes","Steam"],"picked":"Defragment","floor":24}],"player_experience":561901,"relics_obtained":[{"floor":7,"key":"Dodecahedron"},{"floor":9,"key":"Smiling Mask"},{"floor":12,"key":"Oddly Smooth Stone"},{"floor":21,"key":"Enchiridion"},{"floor":24,"key":"Meat on the Bone"}],"event_choices":[{"event_name":"World of Goop","player_choice":"Left","floor":5,"damage_taken":0},{"event_name":"The Woman in Blue","player_choice":"Bought 2 Potions","floor":14,"damage_taken":0},{"event_name":"Bonfire Elementals","player_choice":"UNCOMMON","floor":19,"damage_taken":0},{"event_name":"Ghosts","player_choice":"Became a Ghost","floor":20,"damage_taken":0},{"event_name":"Cursed Tome","player_choice":"Obtained Book","floor":21,"damage_taken":0}],"is_beta":false,"boss_relics":[{"not_picked":["Lizard Tail","Runic Dome"],"picked":"Velvet Choker"}],"items_purged_floors":[10],"is_endless":false,"potions_floor_spawned":[3,7,11,16,18,22],"killed_by":"Snecko","ascension_level":18}