{"gold_per_floor":[111,128,128,140,140,166,178,221,260,297,329,360,324,350,362,470,482,512,542,570,582,594],"floor_reached":22,"playtime":985,"items_purged":[],"score":333,"play_id":"12e34962-854a-41cb-956a-e81472d10f69","local_time":"20180924192203","is_ascension_mode":true,"campfire_choices":[{"data":"Sucker Punch","floor":7,"key":"SMITH"},{"floor":15,"key":"REST"}],"neow_cost":"NONE","seed_source_timestamp":90373481328358,"circlet_count":0,"master_deck":["Defend_G","Defend_G","Defend_G+1","Defend_G","Defend_G","Strike_G","Strike_G","Strike_G+1","Strike_G","Survivor","Neutralize","AscendersBane","Unload","Noxious Fumes","Dagger Throw","Sucker Punch+1","Dagger Spray","Backflip","Deadly Poison","Calculated Gamble","Tools of the Trade","Caltrops","Infinite Blades","PiercingWail"],"relics":["Ring of the Snake","MawBank","Boot","Blood Vial","Torii","Fusion Hammer"],"potions_floor_usage":[8,19],"damage_taken":[{"damage":0,"enemies":"2 Louse","floor":1,"turns":3},{"damage":1,"enemies":"Cultist","floor":2,"turns":4},{"damage":2,"enemies":"Jaw Worm","floor":4,"turns":4},{"damage":14,"enemies":"Lagavulin","floor":6,"turns":7},{"damage":6,"enemies":"Gremlin Nob","floor":8,"turns":3},{"damage":18,"enemies":"3 Sentries","floor":10,"turns":8},{"damage":1,"enemies":"Gremlin Gang","floor":11,"turns":2},{"damage":1,"enemies":"2 Fungi Beasts","floor":12,"turns":3},{"damage":1,"enemies":"Looter","floor":14,"turns":3},{"damage":9,"enemies":"The Guardian","floor":16,"turns":11},{"damage":1,"enemies":"Chosen","floor":18,"turns":4},{"damage":20,"enemies":"2 Thieves","floor":19,"turns":4},{"damage":2,"enemies":"Centurion and Healer","floor":20,"turns":8},{"damage":46,"enemies":"Snecko","floor":22,"turns":5}],"seed_played":"5470788370552432798","potions_obtained":[{"floor":1,"key":"Ancient Potion"},{"floor":2,"key":"FearPotion"},{"floor":8,"key":"Energy Potion"},{"floor":21,"key":"FearPotion"},{"floor":21,"key":"Fire Potion"}],"is_trial":false,"path_per_floor":["M","M","?","M","?","E","R","E","T","E","M","M","?","M","R","B",null,"M","M","M","?"],"character_chosen":"THE_SILENT","items_purchased":[],"campfire_rested":1,"item_purchase_floors":[],"current_hp_per_floor":[63,62,62,60,46,32,32,26,26,10,11,12,12,13,34,27,59,60,42,42,42,0],"gold":594,"neow_bonus":"ONE_RANDOM_RARE_CARD","is_prod":false,"is_daily":false,"chose_seed":false,"campfire_upgraded":1,"win_rate":0,"timestamp":1537831323,"path_taken":["M","M","?","?","?","E","R","E","T","E","M","M","?","M","R","BOSS","M","?","M","?","M"],"build_version":"2018-09-20","purchased_purges":0,"victory":false,"max_hp_per_floor":[70,70,70,70,70,70,70,70,70,70,70,70,70,70,70,70,70,70,70,70,70,70],"card_choices":[{"not_picked":["Outmaneuver","Deflect"],"picked":"Noxious Fumes","floor":1},{"not_picked":["Distraction","Heel Hook"],"picked":"Dagger Throw","floor":2},{"not_picked":["Cloak And Dagger","Bane"],"picked":"Sucker Punch","floor":4},{"not_picked":["Underhanded Strike","Choke","Flechettes"],"picked":"SKIP","floor":6},{"not_picked":["Underhanded Strike","Reflex","Unload"],"picked":"SKIP","floor":8},{"not_picked":["Caltrops","Masterful Stab"],"picked":"Dagger Spray","floor":10},{"not_picked":["All Out Attack","Flying Knee"],"picked":"Backflip","floor":11},{"not_picked":["Calculated Gamble","Cloak And Dagger"],"picked":"Deadly Poison","floor":12},{"not_picked":["Sucker Punch","Blade Dance","Calculated Gamble"],"picked":"SKIP","floor":14},{"not_picked":["Sucker Punch","Blade Dance"],"picked":"Calculated Gamble","floor":14},{"not_picked":["Glass Knife","Unload"],"picked":"Tools of the Trade","floor":16},{"not_picked":["Outmaneuver","Sucker Punch"],"picked":"Caltrops","floor":18},{"not_picked":["PiercingWail","Slice"],"picked":"Infinite Blades","floor":19},{"not_picked":["Tools of the Trade","Flying Knee"],"picked":"PiercingWail","floor":20}],"player_experience":502898,"relics_obtained":[{"floor":6,"key":"MawBank"},{"floor":8,"key":"Boot"},{"floor":9,"key":"Blood Vial"},{"floor":10,"key":"Torii"}],"event_choices":[{"event_name":"Bonfire Elementals","player_choice":"BASIC","floor":3,"damage_taken":0},{"event_name":"Shining Light","player_choice":"Entered Light","floor":5,"damage_taken":0},{"event_name":"World of Goop","player_choice":"Left","floor":13,"damage_taken":0},{"event_name":"The Lab","player_choice":"Got Potions","floor":21,"damage_taken":0}],"is_beta":false,"boss_relics":[{"not_picked":["Velvet Choker","Empty Cage"],"picked":"Fusion Hammer"}],"items_purged_floors":[],"is_endless":false,"potions_floor_spawned":[1,2,8,10,11,14],"killed_by":"Snecko","ascension_level":12}