{"path_per_floor":["M","?","M","?","M","E","M","$","T","$","E","M","?","M","R","B",null,"M","$","M","?","?"],"character_chosen":"IRONCLAD","items_purchased":["Spot Weakness"],"gold_per_floor":[20,20,38,38,51,83,98,23,49,49,80,97,47,61,61,165,165,179,8,20,20,20],"floor_reached":23,"campfire_rested":0,"playtime":1114,"current_hp_per_floor":[96,77,82,82,88,63,61,61,61,61,67,60,60,55,55,25,114,91,91,69,69,69],"items_purged":["Normality","Normality"],"gold":20,"score":276,"play_id":"d02d71b2-c096-4829-a322-1bed54a0bcb7","is_prod":false,"is_daily":false,"is_ascension_mode":false,"campfire_upgraded":1,"path_taken":["M","?","?","?","M","E","M","$","T","$","E","M","?","?","R","BOSS","M","$","M","?","?","E"],"build_version":"2018-02-08-PROD1","purchased_purges":2,"victory":false,"master_deck":["Strike_R","Strike_R+1","Strike_R","Strike_R","Strike_R","Defend_R","Defend_R","Defend_R","Defend_R","Bash","Evolve+1","Uppercut","Rampage","Searing Blow+1","Pommel Strike","Iron Wave","Perfected Strike","Immolate","Doubt","Doubt","Clothesline+1","Spot Weakness","Warcry"],"max_hp_per_floor":[96,96,96,96,96,96,96,96,96,96,96,96,96,96,96,96,114,114,114,114,114,114],"relics":["Burning Blood","Orichalcum","Kunai","Prayer Wheel","Darkstone Periapt","Calling Bell","Juzu Bracelet","Letter Opener","Meat on the Bone"],"card_choices":[{"not_picked":["Shockwave","Anger"],"picked":"Evolve"},{"not_picked":["Twin Strike","Cleave"],"picked":"Uppercut"},{"not_picked":["Intimidate","Combust"],"picked":"Rampage"},{"not_picked":["Cleave","Dual Wield"],"picked":"Searing Blow"},{"not_picked":["Rupture","Body Slam"],"picked":"Pommel Strike"},{"not_picked":["Intimidate","Rupture"],"picked":"Clash"},{"not_picked":["Wild Strike","Combust"],"picked":"Iron Wave"},{"not_picked":["Pommel Strike","Clash"],"picked":"Perfected Strike"},{"not_picked":["Demon Form","Bludgeon"],"picked":"Immolate"},{"not_picked":["Shrug It Off","Searing Blow"],"picked":"Clothesline"},{"not_picked":["Cleave","Disarm"],"picked":"Warcry"}],"player_experience":55668,"potions_floor_usage":[16,23],"damage_taken":[{"damage":0,"enemies":"2 Louse","floor":1,"turns":2},{"damage":1,"enemies":"Cultist","floor":3,"turns":4},{"damage":0,"enemies":"Small Slimes","floor":5,"turns":3},{"damage":31,"enemies":"Lagavulin","floor":6,"turns":7},{"damage":8,"enemies":"Looter","floor":7,"turns":3},{"damage":0,"enemies":"Gremlin Nob","floor":11,"turns":3},{"damage":13,"enemies":"Lots of Slimes","floor":12,"turns":4},{"damage":11,"enemies":"Large Slime","floor":14,"turns":7},{"damage":36,"enemies":"Hexaghost","floor":16,"turns":9},{"damage":29,"enemies":"Shell Parasite","floor":18,"turns":7},{"damage":28,"enemies":"3 Byrds","floor":20,"turns":7},{"damage":72,"enemies":"Gremlin Leader","floor":23,"turns":5}],"event_choices":[{"event_name":"Shining Light","player_choice":"Entered Light","floor":2,"damage_taken":0},{"event_name":"Accursed Blacksmith","player_choice":"Rummage","floor":4,"damage_taken":0},{"event_name":"The Cleric","player_choice":"Card Removal","floor":13,"damage_taken":0},{"event_name":"Addict","player_choice":"Ignored","floor":21,"damage_taken":0},{"event_name":"Drug Dealer","player_choice":"Ignored","floor":22,"damage_taken":0}],"boss_relics":[{"not_picked":["Runic Pyramid","Runic Dome"],"picked":"Calling Bell"}],"potions_floor_spawned":[1,3,6,12,16,18],"seed_played":"1979997707965591576","killed_by":"Gremlin Leader","ascension_level":0,"is_trial":false}