{"path_per_floor":["M","?","?","M","?","R","E","M","T","E","$","?","R","M","R","B",null,"M","M","?","?","$","R","E","?","T","R","M","$","M","?","R","B",null,"M","?","$","M","M","M","R","M","T","?","M","R","M","M","R","B"],"character_chosen":"IRONCLAD","items_purchased":["Flame Barrier","Whetstone","Metallicize","Evolve","Paper Frog","Kunai","Lee\u0027s Waffle"],"gold_per_floor":[111,111,61,79,79,79,118,134,134,177,98,98,98,122,122,250,250,273,286,286,286,59,59,394,394,419,419,444,40,56,56,56,181,181,201,534,2,19,32,44,44,57,57,57,77,77,89,104,104,104],"floor_reached":51,"campfire_rested":2,"playtime":2717,"current_hp_per_floor":[68,61,61,51,31,55,43,43,43,32,32,32,32,22,46,46,83,83,86,70,70,70,70,64,60,60,60,60,60,60,60,60,43,60,53,53,67,60,66,71,71,58,58,58,68,68,70,79,79,62],"items_purged":["Bite","Defend_R"],"gold":104,"score":603,"play_id":"4ab4e993-209f-4df7-9f63-c1f883f85330","is_prod":false,"is_daily":false,"is_ascension_mode":false,"campfire_upgraded":7,"path_taken":["M","?","?","M","?","R","E","?","T","E","?","?","R","M","R","BOSS","M","M","?","?","$","R","E","?","T","R","?","$","M","?","R","BOSS","M","?","$","M","?","M","R","M","T","?","M","R","M","M","R","BOSS"],"build_version":"2018-02-12-PROD1","purchased_purges":4,"victory":true,"master_deck":["Defend_R","Bash","Impervious+1","Immolate+1","Barricade+1","Cleave","Armaments+1","Feed+1","Flame Barrier+1","Feel No Pain+1","True Grit","Juggernaut+1","Metallicize+1","Intimidate+1","Necronomicurse","Metallicize+1","Intimidate","Bite","Bite","Bite","Bite","Power Through","Evolve+1","Headbutt+1","Flex+1","Shrug It Off","Pommel Strike+1","Clothesline+1","Disarm+1"],"max_hp_per_floor":[80,80,80,80,80,80,80,80,80,80,80,80,80,83,83,83,83,83,86,86,86,86,86,86,60,60,60,60,60,60,60,60,60,60,60,60,67,67,71,71,71,71,71,71,75,75,79,79,79,79],"relics":["Astrolabe","Lantern","Mercury Hourglass","Unceasing Top","Dream Catcher","Velvet Choker","Necronomicon","Whetstone","Old Coin","Omamori","Paper Frog","Centennial Puzzle","Runic Dome","Kunai","Lee\u0027s Waffle","Toolbox"],"card_choices":[{"not_picked":["Blood for Blood","Anger"],"picked":"Cleave"},{"not_picked":["Cleave","Shrug It Off"],"picked":"Armaments"},{"not_picked":["Cleave","Sever Soul"],"picked":"Feed"},{"not_picked":["Warcry","Uppercut"],"picked":"Feel No Pain"},{"not_picked":["Sever Soul","Clash"],"picked":"True Grit"},{"not_picked":["Dark Embrace","Berserk"],"picked":"Juggernaut"},{"not_picked":["Infernal Blade","Intimidate"],"picked":"Metallicize"},{"not_picked":["Battle Trance","Cleave"],"picked":"Intimidate"},{"not_picked":["Flex","True Grit"],"picked":"Intimidate"},{"not_picked":["Havoc","Uppercut"],"picked":"Power Through"},{"not_picked":["Clothesline","Whirlwind"],"picked":"Headbutt"},{"not_picked":["Battle Trance","Sword Boomerang"],"picked":"Flex"},{"not_picked":["Flex","Metallicize"],"picked":"Shrug It Off"},{"not_picked":["Shrug It Off","Anger"],"picked":"Pommel Strike"},{"not_picked":["Seeing Red","Juggernaut"],"picked":"Clothesline"},{"not_picked":["Thunderclap","Evolve"],"picked":"Disarm"}],"player_experience":77540,"potions_floor_usage":[24,33,33,39,50,50,50],"damage_taken":[{"damage":12,"enemies":"Small Slimes","floor":1,"turns":4},{"damage":10,"enemies":"Cultist","floor":4,"turns":5},{"damage":12,"enemies":"Lagavulin","floor":7,"turns":9},{"damage":0,"enemies":"2 Louse","floor":8,"turns":3},{"damage":11,"enemies":"3 Sentries","floor":10,"turns":6},{"damage":13,"enemies":"2 Fungi Beasts","floor":14,"turns":3},{"damage":0,"enemies":"The Guardian","floor":16,"turns":15},{"damage":0,"enemies":"Spheric Guardian","floor":18,"turns":6},{"damage":0,"enemies":"Shell Parasite","floor":19,"turns":7},{"damage":6,"enemies":"Slavers","floor":24,"turns":5},{"damage":0,"enemies":"Chosen and Byrds","floor":28,"turns":6},{"damage":0,"enemies":"Snecko","floor":30,"turns":6},{"damage":27,"enemies":"Collector","floor":33,"turns":10},{"damage":13,"enemies":"3 Shapes","floor":35,"turns":5},{"damage":9,"enemies":"3 Darklings","floor":38,"turns":4},{"damage":4,"enemies":"4 Shapes","floor":39,"turns":5},{"damage":0,"enemies":"Maw","floor":40,"turns":7},{"damage":15,"enemies":"3 Darklings","floor":42,"turns":6},{"damage":2,"enemies":"Sphere and 2 Shapes","floor":45,"turns":6},{"damage":6,"enemies":"4 Shapes","floor":47,"turns":6},{"damage":0,"enemies":"Maw","floor":48,"turns":9},{"damage":34,"enemies":"Awakened One","floor":50,"turns":14}],"event_choices":[{"event_name":"Scrap Ooze","player_choice":"success","floor":2,"damage_taken":7},{"event_name":"The Cleric","player_choice":"Card Removal","floor":3,"damage_taken":0},{"event_name":"Golden Idol","player_choice":"Take Damage","floor":5,"damage_taken":0},{"event_name":"Bonfire Elementals","player_choice":"BASIC","floor":12,"damage_taken":0},{"event_name":"Cursed Tome","player_choice":"Obtained Book","floor":20,"damage_taken":0},{"event_name":"Fountain of Cleansing","player_choice":"Removed Curse","floor":21,"damage_taken":0},{"event_name":"Vampires","player_choice":"Became a vampire","floor":25,"damage_taken":0},{"event_name":"The Mausoleum","player_choice":"Yes","floor":31,"damage_taken":0},{"event_name":"The Moai Head","player_choice":"Gave Idol","floor":36,"damage_taken":0},{"event_name":"The Woman in Blue","player_choice":"Bought 0 Potions","floor":44,"damage_taken":0}],"boss_relics":[{"not_picked":["Runic Pyramid","Lizard Tail"],"picked":"Velvet Choker"},{"not_picked":["Runic Cube","Black Star"],"picked":"Runic Dome"}],"potions_floor_spawned":[1,7,14,16,24,30,38,40,42,45,47],"seed_played":"-288491806124034477","ascension_level":0,"is_trial":false}