{"gold_per_floor":[110,110,90,108,118,151,151,161,239,239,239],"floor_reached":11,"playtime":352,"items_purged":[],"score":142,"play_id":"1662b849-121e-4ae7-b338-3f9ac3903591","local_time":"20181022062056","is_ascension_mode":true,"campfire_choices":[],"neow_cost":"NONE","seed_source_timestamp":379895029100473,"circlet_count":0,"master_deck":["Defend_G","Defend_G","Defend_G","Defend_G","Defend_G","Strike_G","Strike_G","Strike_G","Strike_G","Survivor","Neutralize","AscendersBane","PiercingWail","Cloak And Dagger","Deadly Poison","Slice","Leg Sweep","Parasite"],"relics":["Ring of the Snake","NeowsBlessing","Girya","Gremlin Horn"],"potions_floor_usage":[3,6,11],"damage_taken":[{"damage":0,"enemies":"Jaw Worm","floor":1,"turns":1},{"damage":0,"enemies":"2 Louse","floor":4,"turns":1},{"damage":0,"enemies":"Small Slimes","floor":5,"turns":1},{"damage":46,"enemies":"Lagavulin","floor":6,"turns":9},{"damage":13,"enemies":"Gremlin Gang","floor":8,"turns":7},{"damage":31,"enemies":"3 Sentries","floor":11,"turns":8}],"seed_played":"4373788115197008613","potions_obtained":[{"floor":1,"key":"FearPotion"},{"floor":3,"key":"Fruit Juice"},{"floor":6,"key":"Weak Potion"}],"is_trial":false,"path_per_floor":["M","?","?","M","M","E","?","M","T","?"],"character_chosen":"THE_SILENT","items_purchased":[],"campfire_rested":0,"item_purchase_floors":[],"current_hp_per_floor":[59,64,69,69,69,23,23,10,10,29,0],"gold":239,"neow_bonus":"THREE_ENEMY_KILL","is_prod":false,"is_daily":false,"chose_seed":false,"campfire_upgraded":0,"win_rate":0,"timestamp":1540203656,"path_taken":["M","?","?","M","?","E","?","M","T","?","E"],"build_version":"2018-10-18","purchased_purges":0,"victory":false,"max_hp_per_floor":[66,71,76,76,76,76,76,76,76,76,76],"card_choices":[{"not_picked":["Distraction","Slice"],"picked":"PiercingWail","floor":1},{"not_picked":["Acrobatics","Blade Dance"],"picked":"Cloak And Dagger","floor":4},{"not_picked":["Concentrate","Calculated Gamble"],"picked":"Deadly Poison","floor":5},{"not_picked":["Phantasmal Killer","Bane"],"picked":"Slice","floor":6},{"not_picked":["Quick Slash","Predator"],"picked":"Leg Sweep","floor":8}],"player_experience":595479,"relics_obtained":[{"floor":6,"key":"Girya"},{"floor":9,"key":"Gremlin Horn"}],"event_choices":[{"damage_healed":0,"gold_gain":0,"player_choice":"Donut","damage_taken":0,"max_hp_gain":5,"max_hp_loss":0,"event_name":"Big Fish","floor":2,"gold_loss":0},{"damage_healed":0,"gold_gain":0,"player_choice":"Bought 1 Potion","damage_taken":0,"max_hp_gain":0,"max_hp_loss":0,"event_name":"The Woman in Blue","floor":3,"gold_loss":0},{"cards_removed":["Strike_G"],"damage_healed":0,"gold_gain":0,"player_choice":"Offered Basic","damage_taken":0,"max_hp_gain":0,"max_hp_loss":0,"event_name":"Bonfire Elementals","floor":7,"gold_loss":0},{"damage_healed":19,"gold_gain":0,"player_choice":"Healed and dodged fight","damage_taken":0,"max_hp_gain":0,"max_hp_loss":0,"event_name":"Mushrooms","floor":10,"gold_loss":0,"cards_obtained":["Parasite"]}],"is_beta":false,"boss_relics":[],"items_purged_floors":[],"is_endless":false,"potions_floor_spawned":[1,6],"killed_by":"3 Sentries","ascension_level":19}