{"gold_per_floor":[111,129,146,41,41,41,41,70,141,171,187,29,48,77,77,77],"floor_reached":16,"playtime":661,"items_purged":[],"score":240,"play_id":"a4295a65-9806-4ea9-9f88-c361eaf2df16","local_time":"20190216094651","is_ascension_mode":true,"campfire_choices":[{"data":"Bash","floor":6,"key":"SMITH"},{"data":"Carnage","floor":15,"key":"SMITH"}],"neow_cost":"NONE","seed_source_timestamp":173691549660864,"circlet_count":0,"master_deck":["AscendersBane","Strike_R","Strike_R","Strike_R","Strike_R","Strike_R","Defend_R","Defend_R","Defend_R","Defend_R","Bash+1","Anger","Feel No Pain+1","Pommel Strike","Shrug It Off","Twin Strike","Feed","Carnage+1","Whirlwind"],"relics":["Burning Blood","Omamori","Self Forming Clay","Kunai","Orichalcum","Bronze Scales"],"potions_floor_usage":[11,13,14,14],"damage_taken":[{"damage":6,"enemies":"Jaw Worm","floor":1,"turns":6},{"damage":1,"enemies":"Cultist","floor":2,"turns":3},{"damage":0,"enemies":"2 Louse","floor":3,"turns":2},{"damage":49,"enemies":"Lagavulin","floor":8,"turns":8},{"damage":18,"enemies":"3 Sentries","floor":10,"turns":12},{"damage":15,"enemies":"Exordium Thugs","floor":11,"turns":5},{"damage":0,"enemies":"Exordium Wildlife","floor":13,"turns":4},{"damage":24,"enemies":"Lagavulin","floor":14,"turns":6},{"damage":21,"enemies":"The Guardian","floor":16,"turns":5}],"seed_played":"7805740157021335332","potions_obtained":[{"floor":8,"key":"SpeedPotion"},{"floor":10,"key":"FearPotion"},{"floor":11,"key":"Fire Potion"},{"floor":13,"key":"AttackPotion"}],"is_trial":false,"path_per_floor":["M","M","M","$","?","R","?","E","T","E","M","$","M","E","R","B"],"character_chosen":"IRONCLAD","items_purchased":["Shrug It Off","AttackPotion","Orichalcum"],"campfire_rested":0,"item_purchase_floors":[4,4,12],"current_hp_per_floor":[75,80,82,82,87,87,87,44,44,32,26,26,35,17,17,0],"gold":77,"neow_bonus":"TEN_PERCENT_HP_BONUS","is_prod":false,"is_daily":false,"chose_seed":false,"campfire_upgraded":2,"win_rate":0,"timestamp":1550328411,"path_taken":["M","M","M","$","?","R","?","E","T","E","?","?","M","E","R","BOSS"],"build_version":"2019-01-23","purchased_purges":0,"victory":false,"max_hp_per_floor":[82,82,82,82,87,87,87,87,87,87,90,90,93,93,93,93],"card_choices":[{"not_picked":["Flex","Heavy Blade"],"picked":"Anger","floor":1},{"not_picked":["Rupture","Rage"],"picked":"Feel No Pain","floor":2},{"not_picked":["Thunderclap","Sever Soul"],"picked":"Pommel Strike","floor":3},{"not_picked":["Armaments","Thunderclap"],"picked":"Twin Strike","floor":8},{"not_picked":["Armaments","Cleave"],"picked":"Feed","floor":10},{"not_picked":["Headbutt","True Grit"],"picked":"Carnage","floor":11},{"not_picked":["Sword Boomerang","Pummel","Sentinel"],"picked":"SKIP","floor":13},{"not_picked":["Twin Strike","Warcry"],"picked":"Whirlwind","floor":14}],"player_experience":836030,"relics_obtained":[{"floor":8,"key":"Omamori"},{"floor":9,"key":"Self Forming Clay"},{"floor":10,"key":"Kunai"},{"floor":14,"key":"Bronze Scales"}],"event_choices":[{"damage_healed":0,"gold_gain":0,"player_choice":"Donut","damage_taken":0,"max_hp_gain":5,"max_hp_loss":0,"event_name":"Big Fish","floor":5,"gold_loss":0},{"damage_healed":0,"gold_gain":0,"player_choice":"Upgraded","damage_taken":0,"max_hp_gain":0,"max_hp_loss":0,"event_name":"Upgrade Shrine","floor":7,"gold_loss":0,"cards_upgraded":["Feel No Pain"]}],"is_beta":false,"boss_relics":[],"items_purged_floors":[],"is_endless":false,"potions_floor_spawned":[8,10,11,13],"killed_by":"The Guardian","ascension_level":20}