{"gold_per_floor":[17,31,31,47,60,95,95,128,128,144,144,171,184,202,202,280,280,293,293],"floor_reached":19,"playtime":958,"items_purged":[],"score":372,"play_id":"601364ec-dbdd-4528-8d3e-6e739f0b3d94","local_time":"20181020154836","is_ascension_mode":true,"campfire_choices":[{"data":"Self Repair","floor":7,"key":"SMITH"},{"floor":11,"key":"REST"},{"data":"Zap","floor":15,"key":"SMITH"}],"neow_cost":"NO_GOLD","seed_source_timestamp":240549010230808,"circlet_count":0,"master_deck":["Strike_B","Strike_B","Strike_B","Strike_B","Defend_B","Defend_B","Defend_B","Defend_B","Zap+1","Dualcast","AscendersBane","Violence","Secret Technique","Leap","Ball Lightning","Chill","Self Repair+1","Doom and Gloom","Hologram","Seek","Compile Driver","Core Surge","Genetic Algorithm"],"relics":["Cracked Core","Dodecahedron","Du-Vu Doll","Mummified Hand","Regal Pillow","Dream Catcher","Sozu"],"potions_floor_usage":[6,16,19,19],"damage_taken":[{"damage":1,"enemies":"Cultist","floor":1,"turns":3},{"damage":1,"enemies":"2 Louse","floor":2,"turns":3},{"damage":1,"enemies":"Small Slimes","floor":4,"turns":3},{"damage":5,"enemies":"Red Slaver","floor":5,"turns":4},{"damage":19,"enemies":"Lagavulin","floor":6,"turns":8},{"damage":20,"enemies":"3 Sentries","floor":8,"turns":5},{"damage":13,"enemies":"Exordium Wildlife","floor":10,"turns":2},{"damage":17,"enemies":"Lagavulin","floor":12,"turns":7},{"damage":8,"enemies":"Blue Slaver","floor":13,"turns":4},{"damage":0,"enemies":"3 Louse","floor":14,"turns":4},{"damage":15,"enemies":"The Guardian","floor":16,"turns":10},{"damage":28,"enemies":"3 Byrds","floor":18,"turns":5},{"damage":55,"enemies":"Masked Bandits","floor":19,"turns":4}],"seed_played":"-6097543847196789686","potions_obtained":[{"floor":4,"key":"Regen Potion"},{"floor":10,"key":"Block Potion"},{"floor":13,"key":"SkillPotion"},{"floor":16,"key":"SkillPotion"}],"is_trial":false,"path_per_floor":["M","M","T","M","M","E","R","E","T","M","R","E","M","M","R","B",null,"M"],"character_chosen":"DEFECT","items_purchased":[],"campfire_rested":1,"item_purchase_floors":[],"current_hp_per_floor":[63,62,62,61,56,58,58,48,48,35,71,64,66,71,71,66,70,52,0],"gold":293,"neow_bonus":"RANDOM_COLORLESS_2","is_prod":false,"is_daily":false,"chose_seed":false,"campfire_upgraded":2,"win_rate":0,"timestamp":1540064916,"path_taken":["M","?","?","M","M","E","R","E","T","?","R","E","M","M","R","BOSS","M","?"],"build_version":"2018-10-18","purchased_purges":0,"victory":false,"max_hp_per_floor":[71,71,71,71,71,71,71,71,71,71,71,71,71,71,71,71,71,71,71],"card_choices":[{"not_picked":["Redo","Blizzard"],"picked":"Leap","floor":1},{"not_picked":["Blizzard","Redo"],"picked":"Ball Lightning","floor":2},{"not_picked":["Gash","Hologram"],"picked":"Chill","floor":4},{"not_picked":["Go for the Eyes","Leap"],"picked":"Self Repair","floor":5},{"not_picked":["Gash","Ball Lightning"],"picked":"Doom and Gloom","floor":6},{"not_picked":["Fusion","Conserve Battery"],"picked":"Hologram","floor":8},{"not_picked":["Stack","Barrage"],"picked":"Seek","floor":10},{"not_picked":["Double Energy","Chill"],"picked":"Compile Driver","floor":12},{"not_picked":["Coolheaded","Doom and Gloom","BootSequence"],"picked":"SKIP","floor":13},{"not_picked":["Lockon","Leap","Sweeping Beam"],"picked":"SKIP","floor":14},{"not_picked":["Machine Learning","Amplify"],"picked":"Core Surge","floor":16},{"not_picked":["Consume","Cold Snap"],"picked":"Genetic Algorithm","floor":18}],"player_experience":585279,"relics_obtained":[{"floor":3,"key":"Dodecahedron"},{"floor":6,"key":"Du-Vu Doll"},{"floor":8,"key":"Mummified Hand"},{"floor":9,"key":"Regal Pillow"},{"floor":12,"key":"Dream Catcher"}],"event_choices":[{"damage_healed":0,"gold_gain":0,"player_choice":"Fought Bandits","damage_taken":0,"max_hp_gain":0,"max_hp_loss":0,"event_name":"Masked Bandits","floor":19,"gold_loss":0}],"is_beta":false,"boss_relics":[{"not_picked":["FrozenCore","Snecko Eye"],"picked":"Sozu"}],"items_purged_floors":[],"is_endless":false,"potions_floor_spawned":[4,10,13,14,16,18],"killed_by":"Masked Bandits","ascension_level":19}