{"gold_per_floor":[109,34,34,51,67,67,93,83,83,98,98,98],"floor_reached":12,"playtime":788,"items_purged":["Decay"],"score":136,"play_id":"44978370-559a-40a0-a428-1fc40d67e028","local_time":"20190222234243","is_ascension_mode":true,"campfire_choices":[{"data":"White Noise","floor":6,"key":"SMITH"}],"neow_cost":"CURSE","seed_source_timestamp":553090406655357,"circlet_count":0,"master_deck":["AscendersBane","Strike_B","Strike_B","Strike_B","Strike_B","Defend_B","Defend_B","Defend_B","Defend_B","Zap+1","Dualcast","Darkness","Stack","White Noise+1","Go for the Eyes","Darkness"],"special_seed":0,"relics":["Cracked Core","Boot","Gremlin Horn"],"potions_floor_usage":[7,12],"damage_taken":[{"damage":1,"enemies":"2 Louse","floor":1,"turns":2},{"damage":1,"enemies":"Cultist","floor":4,"turns":3},{"damage":2,"enemies":"Jaw Worm","floor":5,"turns":3},{"damage":3,"enemies":"Lagavulin","floor":7,"turns":4},{"damage":19,"enemies":"Exordium Thugs","floor":8,"turns":5},{"damage":29,"enemies":"Lots of Slimes","floor":10,"turns":4},{"damage":29,"enemies":"Gremlin Nob","floor":12,"turns":3}],"seed_played":"-86747412011116594","potions_obtained":[{"floor":4,"key":"SteroidPotion"},{"floor":10,"key":"Energy Potion"}],"is_trial":false,"path_per_floor":["M","$","?","M","M","R","E","M","T","M","?","E"],"character_chosen":"DEFECT","items_purchased":[],"campfire_rested":0,"item_purchase_floors":[],"current_hp_per_floor":[77,77,77,76,74,74,71,52,52,23,23,0],"gold":98,"neow_bonus":"TWENTY_PERCENT_HP_BONUS","is_prod":false,"is_daily":false,"chose_seed":false,"campfire_upgraded":1,"win_rate":0,"timestamp":1550853763,"path_taken":["M","$","?","M","?","R","E","M","T","M","?","E"],"build_version":"2019-01-23","purchased_purges":1,"victory":false,"max_hp_per_floor":[85,85,85,85,85,85,85,85,85,85,85,85],"card_choices":[{"not_picked":["Rip and Tear","Compile Driver"],"picked":"Darkness","floor":1},{"not_picked":["Compile Driver","Reprogram"],"picked":"Stack","floor":4},{"not_picked":["Coolheaded","Force Field"],"picked":"White Noise","floor":5},{"not_picked":["Double Energy","Turbo","Static Discharge"],"picked":"SKIP","floor":7},{"not_picked":["Turbo","Barrage"],"picked":"Go for the Eyes","floor":8},{"not_picked":["Hologram","Stack"],"picked":"Darkness","floor":10}],"player_experience":371079,"relics_obtained":[{"floor":7,"key":"Boot"},{"floor":9,"key":"Gremlin Horn"}],"event_choices":[{"damage_healed":0,"gold_gain":0,"player_choice":"Forge","damage_taken":0,"max_hp_gain":0,"max_hp_loss":0,"event_name":"Accursed Blacksmith","floor":3,"gold_loss":0,"cards_upgraded":["Zap"]},{"damage_healed":0,"gold_gain":0,"player_choice":"Ignored","damage_taken":0,"max_hp_gain":0,"max_hp_loss":0,"event_name":"Shining Light","floor":11,"gold_loss":0}],"is_beta":false,"boss_relics":[],"items_purged_floors":[2],"is_endless":false,"potions_floor_spawned":[4,10],"killed_by":"Gremlin Nob","ascension_level":14}