{"path_per_floor":["M","M","M","?","M","E","R","M","T","M","R","M","E","M","R","B",null,"M","$","$","M","M","R","E","R","T","M","?","M","?","$","R","B",null,"M","M","?","M","$","R","E","R","T","M","M","R","M","?","R"],"character_chosen":"THE_SILENT","items_purchased":["Medical Kit","Infinite Blades","Cloak And Dagger"],"gold_per_floor":[110,123,142,142,159,192,192,202,202,217,217,236,261,276,276,381,381,381,173,55,55,55,55,55,55,55,55,55,55,55,5,5,5,5,5,5,5,5,5,5,5,5,5,5,5,5,5,5,5],"floor_reached":50,"campfire_rested":4,"playtime":3730,"current_hp_per_floor":[70,70,70,70,55,37,37,37,37,37,58,55,41,41,41,28,70,70,70,70,70,67,67,62,62,62,62,62,62,62,62,62,13,70,70,65,65,33,33,54,34,55,55,53,51,51,25,25,46],"items_purged":["Writhe"],"gold":5,"play_id":"e6d3d60c-2560-4c66-9e43-e0beb5a147bd","is_prod":false,"is_daily":false,"is_ascension_mode":false,"campfire_upgraded":6,"path_taken":["M","M","M","?","M","E","R","M","T","M","R","M","E","M","R","BOSS","M","?","$","M","M","R","E","R","T","M","?","M","?","?","R","BOSS","M","M","?","M","$","R","E","R","T","M","M","R","M","?","R","BOSS"],"build_version":"2018-02-01-PROD3","purchased_purges":1,"victory":false,"master_deck":["Defend_G","Defend_G","Defend_G","Defend_G","Defend_G","Strike_G","Strike_G","Strike_G","Strike_G","Survivor","Neutralize","Terror+1","Blade Dance+1","Infinite Blades+1","Blade Dance+1","Calculated Gamble","Accuracy+1","Prepared","After Image","Infinite Blades","Cloak And Dagger+1","Accuracy+1","After Image","After Image"],"max_hp_per_floor":[70,70,70,70,70,70,70,70,70,70,70,70,70,70,70,70,70,70,70,70,70,70,70,70,70,70,70,70,70,70,70,70,70,70,70,70,70,70,70,70,70,70,70,70,70,70,70,70,70],"relics":["Ring of the Snake","NeowsBlessing","Ninja Scroll","Du-Vu Doll","Vajra","Ectoplasm","Medical Kit","Bag of Marbles","Pen Nib","Smiling Mask","Lizard Tail","Girya"],"card_choices":[{"not_picked":["Outmaneuver","Backstab"],"picked":"Terror"},{"not_picked":["Cloak And Dagger","Outmaneuver"],"picked":"Blade Dance"},{"not_picked":["Riddle With Holes","Bouncing Flask"],"picked":"Infinite Blades"},{"not_picked":["PiercingWail","Quick Slash"],"picked":"Blade Dance"},{"not_picked":["Sucker Punch","Dash"],"picked":"Calculated Gamble"},{"not_picked":["PiercingWail","Blade Dance"],"picked":"Accuracy"},{"not_picked":["Quick Slash","Bouncing Flask"],"picked":"Prepared"},{"not_picked":["Corpse Explosion","Envenom"],"picked":"After Image"},{"not_picked":["Deflect","Wraith Form"],"picked":"Accuracy"},{"not_picked":["Die Die Die","Bullet Time"],"picked":"After Image"}],"player_experience":179480,"potions_floor_usage":[22,22,27,29,36,41,47,50,50],"damage_taken":[{"damage":0.0,"enemies":"Small Slimes","floor":1.0,"turns":1.0},{"damage":0.0,"enemies":"Blue Slaver","floor":2.0,"turns":1.0},{"damage":0.0,"enemies":"Jaw Worm","floor":3.0,"turns":1.0},{"damage":15.0,"enemies":"Lots of Slimes","floor":5.0,"turns":7.0},{"damage":18.0,"enemies":"3 Sentries","floor":6.0,"turns":10.0},{"damage":0.0,"enemies":"Looter","floor":8.0,"turns":3.0},{"damage":0.0,"enemies":"Exordium Wildlife","floor":10.0,"turns":2.0},{"damage":3.0,"enemies":"3 Louse","floor":12.0,"turns":4.0},{"damage":14.0,"enemies":"Gremlin Nob","floor":13.0,"turns":3.0},{"damage":0.0,"enemies":"Large Slime","floor":14.0,"turns":3.0},{"damage":13.0,"enemies":"Slime Boss","floor":16.0,"turns":8.0},{"damage":0,"enemies":"3 Byrds","floor":18,"turns":4},{"damage":0,"enemies":"Chosen","floor":21,"turns":3},{"damage":3,"enemies":"Slaver and Parasite","floor":22,"turns":4},{"damage":5,"enemies":"Book of Stabbing","floor":24,"turns":3},{"damage":0,"enemies":"Centurion and Healer","floor":27,"turns":3},{"damage":0,"enemies":"Snake Plant","floor":29,"turns":4},{"damage":49,"enemies":"Champ","floor":33,"turns":6},{"damage":0,"enemies":"3 Shapes","floor":35,"turns":4},{"damage":5,"enemies":"3 Darklings","floor":36,"turns":5},{"damage":32,"enemies":"Sphere and 2 Shapes","floor":38,"turns":4},{"damage":20,"enemies":"Nemesis","floor":41,"turns":4},{"damage":2,"enemies":"Maw","floor":44,"turns":5},{"damage":2,"enemies":"3 Darklings","floor":45,"turns":6},{"damage":26,"enemies":"Sphere and 2 Shapes","floor":47,"turns":4},{"damage":84,"enemies":"Awakened One","floor":50,"turns":5}],"event_choices":[{"event_name":"Bonfire Elementals","player_choice":"BASIC","floor":4.0,"damage_taken":0.0},{"event_name":"Wheel of Change","player_choice":"Gold","floor":28,"damage_taken":0},{"event_name":"The Mausoleum","player_choice":"Yes","floor":30,"damage_taken":0},{"event_name":"Upgrade Shrine","player_choice":"Upgraded","floor":37,"damage_taken":0},{"event_name":"Match and Keep!","player_choice":"1 cards matched","floor":48,"damage_taken":0}],"boss_relics":[{"not_picked":["Astrolabe","Tiny House"],"picked":"Lizard Tail"}],"potions_floor_spawned":[3,5,8,12,13,16,22,24,33,36,38,41],"seed_played":"4672501215790827660","killed_by":"Awakened One","ascension_level":0,"is_trial":false}