{"gold_per_floor":[214,224,224,189,189,220,220,248,248,260,290,320,351,389,401,486,498,522,47,146,146,44,75,93,93,170,170,205,205,120,138,138,212,212,231,331,31,31,31,56,56,6,32,45,45,57,57,7,7,7],"floor_reached":51,"playtime":1993,"items_purged":["Strike_R","Strike_R","Decay"],"score":1192,"play_id":"79b3d2e5-2494-46b6-9226-819acd538c47","local_time":"20190205030038","is_ascension_mode":true,"campfire_choices":[{"floor":7.0,"key":"REST"},{"floor":10.0,"key":"REST"},{"data":"Uppercut","floor":15.0,"key":"SMITH"},{"floor":25.0,"key":"REST"},{"data":"Immolate","floor":27.0,"key":"SMITH"},{"data":"True Grit","floor":29.0,"key":"SMITH"},{"data":"Shrug It Off","floor":32.0,"key":"SMITH"},{"data":"Anger","floor":41.0,"key":"SMITH"},{"data":"Cleave","floor":45.0,"key":"SMITH"},{"floor":47.0,"key":"REST"},{"data":"Bash","floor":49.0,"key":"SMITH"}],"neow_cost":"NONE","seed_source_timestamp":0,"circlet_count":0,"master_deck":["AscendersBane","Strike_R","Defend_R","Defend_R","Defend_R","Defend_R","Bash+1","Metallicize+1","Cleave+1","Metallicize+1","Shrug It Off+1","Uppercut+1","Anger+1","Corruption+1","Immolate+1","True Grit+1","Metallicize+1","Thunderclap+1","Feel No Pain+1","Shrug It Off+1"],"special_seed":0,"relics":["Burning Blood","Frozen Egg 2","The Courier","MawBank","Blood Vial","Busted Crown","Torii","Incense Burner","Regal Pillow","Pear","WingedGreaves","Smiling Mask","Cursed Key","Bird Faced Urn","Tiny Chest","Matryoshka","Pantograph","Orichalcum","Lantern"],"potions_floor_usage":[],"damage_taken":[{"damage":13.0,"enemies":"Jaw Worm","floor":1.0,"turns":4.0},{"damage":4.0,"enemies":"Small Slimes","floor":2.0,"turns":4.0},{"damage":32.0,"enemies":"Gremlin Nob","floor":6.0,"turns":5.0},{"damage":33.0,"enemies":"Lagavulin","floor":8.0,"turns":12.0},{"damage":0.0,"enemies":"Cultist","floor":11.0,"turns":4.0},{"damage":4.0,"enemies":"Blue Slaver","floor":12.0,"turns":5.0},{"damage":5.0,"enemies":"2 Fungi Beasts","floor":13.0,"turns":5.0},{"damage":22.0,"enemies":"3 Sentries","floor":14.0,"turns":10.0},{"damage":41.0,"enemies":"Hexaghost","floor":16.0,"turns":14.0},{"damage":9.0,"enemies":"3 Byrds","floor":18.0,"turns":5.0},{"damage":31.0,"enemies":"Gremlin Leader","floor":23.0,"turns":8.0},{"damage":20.0,"enemies":"2 Thieves","floor":24.0,"turns":3.0},{"damage":18.0,"enemies":"Slavers","floor":28.0,"turns":7.0},{"damage":12.0,"enemies":"Shelled Parasite and Fungi","floor":31.0,"turns":6.0},{"damage":40.0,"enemies":"Automaton","floor":33.0,"turns":13.0},{"damage":5.0,"enemies":"3 Shapes","floor":35.0,"turns":4.0},{"damage":5.0,"enemies":"Mind Bloom Boss Battle","floor":36.0,"turns":8.0},{"damage":37.0,"enemies":"Reptomancer","floor":40.0,"turns":9.0},{"damage":12.0,"enemies":"3 Darklings","floor":44.0,"turns":5.0},{"damage":41.0,"enemies":"Jaw Worm Horde","floor":46.0,"turns":3.0},{"damage":94,"enemies":"Donu and Deca","floor":50,"turns":13}],"seed_played":"5237207140618876096","potions_obtained":[{"floor":6.0,"key":"LiquidBronze"},{"floor":11.0,"key":"Dexterity Potion"},{"floor":16.0,"key":"AttackPotion"},{"floor":23.0,"key":"AttackPotion"},{"floor":24.0,"key":"Regen Potion"},{"floor":28.0,"key":"FairyPotion"}],"is_trial":false,"path_per_floor":["M","M","?","?","?","E","R","E","T","R","M","M","M","E","R","B",null,"M","$","?","?","$","E","M","R","T","R","E","R","?","M","R","B",null,"M","?","$","?","?","E","R","$","T","M","R","M","R","$","R","B",null],"character_chosen":"IRONCLAD","items_purchased":["Torii","Incense Burner","Block Potion","Tiny Chest","Matryoshka"],"campfire_rested":4,"item_purchase_floors":[19,19,22,37,37],"current_hp_per_floor":[65,67,60,80,80,54,78,51,51,75,80,80,80,64,64,31,68,67,67,67,67,67,44,32,71,81,81,71,71,71,67,67,35,76,79,90,90,85,85,59,59,59,59,65,65,36,76,76,76,14],"gold":7,"neow_bonus":"HUNDRED_GOLD","is_prod":false,"is_daily":false,"chose_seed":false,"campfire_upgraded":7,"win_rate":0,"timestamp":1549353638,"path_taken":["M","M","?","?","?","E","R","E","T","R","?","M","M","E","R","BOSS","M","$","?","?","$","E","?","R","T","R","E","R","?","M","R","BOSS","M","?","$","?","?","E","R","?","T","M","R","?","R","$","R","BOSS"],"build_version":"2019-01-23","purchased_purges":3,"victory":true,"max_hp_per_floor":[80,80,80,80,80,80,80,80,80,80,80,80,80,80,80,80,80,80,80,80,80,80,80,80,80,90,90,90,90,90,90,90,90,90,90,90,90,85,85,85,85,85,85,85,85,85,85,85,85,85],"card_choices":[{"not_picked":["Iron Wave","Ghostly Armor"],"picked":"Metallicize","floor":1.0},{"not_picked":["Armaments","Heavy Blade"],"picked":"Cleave","floor":2.0},{"not_picked":["Hemokinesis","Carnage"],"picked":"Metallicize","floor":6.0},{"not_picked":["Hemokinesis","Clash"],"picked":"Shrug It Off","floor":8.0},{"not_picked":["Clothesline","Blood for Blood"],"picked":"Uppercut","floor":11.0},{"not_picked":["Wild Strike","Thunderclap"],"picked":"Anger","floor":12.0},{"not_picked":["Reaper","Carnage","Sword Boomerang"],"picked":"SKIP","floor":13.0},{"not_picked":["Headbutt","Body Slam"],"picked":"Corruption+1","floor":14.0},{"not_picked":["Reaper","Brutality+1"],"picked":"Immolate","floor":16.0},{"not_picked":[],"picked":"True Grit","floor":18.0},{"not_picked":["Body Slam"],"picked":"SKIP","floor":23.0},{"not_picked":[],"picked":"Metallicize+1","floor":24.0},{"not_picked":["Reckless Charge"],"picked":"SKIP","floor":28.0},{"not_picked":["Reckless Charge"],"picked":"SKIP","floor":28.0},{"not_picked":[],"picked":"Thunderclap+1","floor":31.0},{"not_picked":["Shrug It Off"],"picked":"SKIP","floor":35.0},{"not_picked":[],"picked":"Feel No Pain+1","floor":36.0},{"not_picked":[],"picked":"Shrug It Off+1","floor":40.0},{"not_picked":["Rupture+1"],"picked":"SKIP","floor":44.0},{"not_picked":["Sentinel+1"],"picked":"SKIP","floor":46.0}],"player_experience":229240,"relics_obtained":[{"floor":6.0,"key":"Frozen Egg 2"},{"floor":8.0,"key":"The Courier"},{"floor":9.0,"key":"MawBank"},{"floor":14.0,"key":"Blood Vial"},{"floor":23.0,"key":"Regal Pillow"},{"floor":26.0,"key":"Pear"},{"floor":28.0,"key":"WingedGreaves"},{"floor":36.0,"key":"Bird Faced Urn"},{"floor":40.0,"key":"Pantograph"},{"floor":43.0,"key":"Orichalcum"},{"floor":43.0,"key":"Lantern"}],"event_choices":[{"cards_removed":["Strike_R"],"damage_healed":0.0,"max_hp_gain":0.0,"max_hp_loss":0.0,"gold_gain":0.0,"event_name":"Golden Wing","player_choice":"Card Removal","floor":3.0,"gold_loss":0.0,"damage_taken":7.0},{"damage_healed":20.0,"max_hp_gain":0.0,"max_hp_loss":0.0,"gold_gain":0.0,"event_name":"The Cleric","player_choice":"Healed","floor":4.0,"gold_loss":35.0,"damage_taken":0.0},{"damage_healed":0.0,"max_hp_gain":0.0,"max_hp_loss":0.0,"gold_gain":0.0,"event_name":"Upgrade Shrine","player_choice":"Upgraded","floor":5.0,"gold_loss":0.0,"damage_taken":0.0,"cards_upgraded":["Metallicize"]},{"damage_healed":0.0,"max_hp_gain":0.0,"max_hp_loss":0.0,"gold_gain":99.0,"event_name":"Nest","player_choice":"Stole From Cult","floor":20.0,"gold_loss":0.0,"damage_taken":0.0},{"cards_removed":["Strike_R"],"damage_healed":0.0,"max_hp_gain":0.0,"max_hp_loss":0.0,"gold_gain":0.0,"event_name":"Bonfire Elementals","player_choice":"Offered Basic","floor":21.0,"gold_loss":0.0,"damage_taken":0.0},{"damage_healed":0.0,"max_hp_gain":0.0,"max_hp_loss":0.0,"gold_gain":0.0,"event_name":"Addict","player_choice":"Obtained Relic","floor":30.0,"gold_loss":85.0,"damage_taken":0.0,"relics_obtained":["Smiling Mask"]},{"damage_healed":0.0,"max_hp_gain":0.0,"max_hp_loss":0.0,"gold_gain":0.0,"event_name":"MindBloom","player_choice":"Fight","floor":36.0,"gold_loss":0.0,"damage_taken":0.0},{"damage_healed":0.0,"max_hp_gain":0.0,"max_hp_loss":5.0,"gold_gain":0.0,"event_name":"Winding Halls","player_choice":"Max HP","floor":38.0,"gold_loss":0.0,"damage_taken":0.0},{"damage_healed":0.0,"max_hp_gain":0.0,"max_hp_loss":0.0,"gold_gain":0.0,"event_name":"Mysterious Sphere","player_choice":"Ignored","floor":39.0,"gold_loss":0.0,"damage_taken":0.0}],"is_beta":false,"boss_relics":[{"not_picked":["Runic Cube","Lizard Tail"],"picked":"Busted Crown"},{"not_picked":["Orrery","Calling Bell"],"picked":"Cursed Key"}],"items_purged_floors":[22,42,48],"is_endless":false,"potions_floor_spawned":[6,11,13,16,23,24,28,36],"ascension_level":13}