{"gold_per_floor":[119,135,149,224,238,238,269,419,442,473,473,4,4,19,19,118,118,141,141,141],"floor_reached":20,"playtime":879,"items_purged":["Doubt"],"score":404,"play_id":"1d605b7d-7ce4-4139-8009-722f01b812a6","local_time":"20181103122653","is_ascension_mode":true,"campfire_choices":[{"data":"Glass Knife","floor":6.0,"key":"SMITH"},{"floor":13.0,"key":"REST"},{"floor":15.0,"key":"REST"}],"neow_cost":"NONE","seed_source_timestamp":0,"circlet_count":0,"master_deck":["AscendersBane","Defend_G","Defend_G","Defend_G","Defend_G","Defend_G","Strike_G","Strike_G","Strike_G","Strike_G","Strike_G","Survivor","Neutralize","Glass Knife+1","Deadly Poison","Backstab","Well Laid Plans","Catalyst","Venomology","Footwork","Flechettes","Malaise","Riddle With Holes","Writhe"],"special_seed":0,"relics":["Ring of the Snake","Boot","Bag of Preparation","Centennial Puzzle","Golden Idol","Membership Card","Bird Faced Urn","Fusion Hammer","Pen Nib"],"potions_floor_usage":[20],"damage_taken":[{"damage":0.0,"enemies":"Cultist","floor":1.0,"turns":4.0},{"damage":0.0,"enemies":"2 Louse","floor":2.0,"turns":4.0},{"damage":4.0,"enemies":"Small Slimes","floor":3.0,"turns":3.0},{"damage":6.0,"enemies":"Gremlin Gang","floor":5.0,"turns":5.0},{"damage":30.0,"enemies":"3 Sentries","floor":7.0,"turns":10.0},{"damage":0.0,"enemies":"Gremlin Nob","floor":10.0,"turns":3.0},{"damage":0.0,"enemies":"Lots of Slimes","floor":14.0,"turns":5.0},{"damage":37.0,"enemies":"Slime Boss","floor":16.0,"turns":9.0},{"damage":11.0,"enemies":"Spheric Guardian","floor":18.0,"turns":3.0},{"damage":7,"enemies":"Colosseum Slavers","floor":20,"turns":4},{"damage":63,"enemies":"Colosseum Nobs","floor":20,"turns":6}],"seed_played":"4669273500797422777","potions_obtained":[{"floor":1.0,"key":"LiquidBronze"},{"floor":3.0,"key":"LiquidBronze"},{"floor":5.0,"key":"PowerPotion"},{"floor":14.0,"key":"Strength Potion"},{"floor":16.0,"key":"AttackPotion"}],"is_trial":false,"path_per_floor":["M","M","M","?","M","R","E","?","T","E","?","$","R","M","R","B",null,"M","?","?"],"character_chosen":"THE_SILENT","items_purchased":["Membership Card","Bird Faced Urn","Footwork"],"campfire_rested":2,"item_purchase_floors":[12,12,12],"current_hp_per_floor":[59,59,55,44,38,38,8,8,8,8,8,8,26,30,48,15,49,40,40,0],"gold":141,"neow_bonus":"ONE_RANDOM_RARE_CARD","is_prod":false,"is_daily":false,"chose_seed":false,"campfire_upgraded":1,"win_rate":0,"timestamp":1541262413,"path_taken":["M","M","M","?","M","R","E","?","T","E","?","$","R","M","R","BOSS","M","?","?"],"build_version":"2018-11-01","purchased_purges":1,"victory":false,"max_hp_per_floor":[66,66,66,66,66,66,66,66,66,66,60,60,60,60,60,60,60,60,60,60],"card_choices":[{"not_picked":["Heel Hook","Deflect"],"picked":"Deadly Poison","floor":1.0},{"not_picked":["Dodge and Roll","Calculated Gamble"],"picked":"Backstab","floor":2.0},{"not_picked":["Quick Slash","Backstab"],"picked":"Well Laid Plans","floor":3.0},{"not_picked":["Escape Plan","Accuracy","Reflex"],"picked":"SKIP","floor":5.0},{"not_picked":["Outmaneuver","Prepared"],"picked":"Catalyst","floor":7.0},{"not_picked":["Eviscerate","Predator"],"picked":"Venomology","floor":10.0},{"not_picked":["Outmaneuver","Flying Knee"],"picked":"Flechettes","floor":14.0},{"not_picked":["Die Die Die","Tools of the Trade"],"picked":"Malaise","floor":16.0},{"not_picked":["Distraction","Backstab"],"picked":"Riddle With Holes","floor":18.0}],"player_experience":614086,"relics_obtained":[{"floor":7.0,"key":"Boot"},{"floor":9.0,"key":"Bag of Preparation"},{"floor":10.0,"key":"Centennial Puzzle"}],"event_choices":[{"damage_healed":0.0,"max_hp_gain":0.0,"max_hp_loss":0.0,"gold_gain":75.0,"event_name":"World of Goop","player_choice":"Gather Gold","floor":4.0,"gold_loss":0.0,"damage_taken":11.0},{"damage_healed":0.0,"max_hp_gain":0.0,"max_hp_loss":0.0,"gold_gain":150.0,"event_name":"Liars Game","player_choice":"AGREE","floor":8.0,"gold_loss":0.0,"damage_taken":0.0,"cards_obtained":["Doubt"]},{"damage_healed":0.0,"max_hp_gain":0.0,"max_hp_loss":6.0,"gold_gain":0.0,"event_name":"Golden Idol","player_choice":"Lose Max HP","floor":11.0,"gold_loss":0.0,"damage_taken":0.0,"relics_obtained":["Golden Idol"]},{"damage_healed":0.0,"max_hp_gain":0.0,"max_hp_loss":0.0,"gold_gain":0.0,"event_name":"The Mausoleum","player_choice":"Opened","floor":19.0,"gold_loss":0.0,"damage_taken":0.0,"relics_obtained":["Pen Nib"],"cards_obtained":["Writhe"]},{"damage_healed":0,"gold_gain":0,"player_choice":"Fight","damage_taken":0,"max_hp_gain":0,"max_hp_loss":0,"event_name":"Colosseum","floor":20,"gold_loss":0},{"damage_healed":0,"gold_gain":0,"player_choice":"Fought Nobs","damage_taken":0,"max_hp_gain":0,"max_hp_loss":0,"event_name":"Colosseum","floor":20,"gold_loss":0}],"is_beta":false,"boss_relics":[{"not_picked":["Philosopher\u0027s Stone","Orrery"],"picked":"Fusion Hammer"}],"items_purged_floors":[12],"is_endless":false,"potions_floor_spawned":[1,3,5,14,16,18,20],"killed_by":"Colosseum Nobs","ascension_level":19}