{"gold_per_floor":[119,134,134,134,150,178,178,178,259,289,289,302,8,0,0,78,78,94,94,19,33,53,53,0,0,0,27,27,42,74,90,90,162,212,226,226,236,246,263,263,297,315,315,327,339,18,50,0,0,0],"floor_reached":51,"playtime":2646,"items_purged":["Strike_B","Strike_B"],"score":1382,"play_id":"b5183398-d38c-42b0-be21-4d94beec2599","local_time":"20180821164314","is_ascension_mode":true,"campfire_choices":[{"floor":8,"key":"REST"},{"data":"Hologram","floor":11,"key":"SMITH"},{"floor":15,"key":"REST"},{"floor":23,"key":"REST"},{"floor":25,"key":"REST"},{"floor":28,"key":"REST"},{"floor":32,"key":"REST"},{"floor":40,"key":"REST"},{"floor":49,"key":"REST"}],"neow_cost":"TEN_PERCENT_HP_LOSS","seed_source_timestamp":771096788652300,"circlet_count":0,"master_deck":["Defend_B","Defend_B","Defend_B","Defend_B","Zap","Dualcast","AscendersBane","Hyperbeam+1","Sweeping Beam","Rebound+1","Meteor Strike+1","Hologram+1","Go for the Eyes","Beam Cell+1","Creative AI","Echo Form","Conserve Battery+1","Echo Form","BootSequence","Hologram+1","Heatsinks","Conserve Battery+1","Reinforced Body+1","Hologram+1","Stack+1"],"relics":["Cracked Core","Bag of Preparation","Dodecahedron","The Courier","Prayer Wheel","Whetstone","Bronze Scales","Snecko Eye","Nilry\u0027s Codex","Emotion Chip","Dream Catcher","Strawberry","Tiny House","Vajra","Toxic Egg 2","Bird Faced Urn","Happy Flower","Red Mask"],"potions_floor_usage":[16,22,27,27,31,33,34,39,41,42],"damage_taken":[{"damage":2,"enemies":"Jaw Worm","floor":1,"turns":2},{"damage":6,"enemies":"Cultist","floor":2,"turns":3},{"damage":8,"enemies":"Small Slimes","floor":5,"turns":3},{"damage":30,"enemies":"Lagavulin","floor":6,"turns":5},{"damage":0,"enemies":"3 Sentries","floor":10,"turns":2},{"damage":0,"enemies":"Gremlin Gang","floor":12,"turns":1},{"damage":0,"enemies":"Slime Boss","floor":16,"turns":5},{"damage":0,"enemies":"Spheric Guardian","floor":18,"turns":2},{"damage":0,"enemies":"2 Thieves","floor":21,"turns":2},{"damage":45,"enemies":"Shelled Parasite and Fungi","floor":22,"turns":3},{"damage":18,"enemies":"Book of Stabbing","floor":27,"turns":3},{"damage":3,"enemies":"Snecko","floor":29,"turns":4},{"damage":10,"enemies":"Gremlin Leader","floor":30,"turns":4},{"damage":9,"enemies":"Snake Plant","floor":31,"turns":2},{"damage":8,"enemies":"Automaton","floor":33,"turns":5},{"damage":9,"enemies":"Flame Bruiser 1 Orb","floor":35,"turns":3},{"damage":6,"enemies":"Orb Walker","floor":37,"turns":2},{"damage":0,"enemies":"Transient","floor":38,"turns":5},{"damage":5,"enemies":"Flame Bruiser 2 Orb","floor":39,"turns":4},{"damage":16,"enemies":"2 Orb Walkers","floor":41,"turns":3},{"damage":13,"enemies":"Spire Growth","floor":42,"turns":3},{"damage":36,"enemies":"Transient","floor":44,"turns":5},{"damage":2,"enemies":"4 Shapes","floor":45,"turns":2},{"damage":3,"enemies":"Giant Head","floor":47,"turns":4},{"damage":55,"enemies":"Awakened One","floor":50,"turns":9}],"seed_played":"6929029180986558225","potions_obtained":[{"floor":1,"key":"Fire Potion"},{"floor":10,"key":"SkillPotion"},{"floor":12,"key":"EssenceOfSteel"},{"floor":16,"key":"GamblersBrew"},{"floor":22,"key":"Swift Potion"},{"floor":30,"key":"Swift Potion"},{"floor":31,"key":"SpeedPotion"},{"floor":33,"key":"GamblersBrew"},{"floor":34,"key":"Fruit Juice"},{"floor":37,"key":"AttackPotion"},{"floor":39,"key":"SpeedPotion"},{"floor":41,"key":"SkillPotion"}],"is_trial":false,"path_per_floor":["M","M","?","?","M","E","T","R","T","E","R","M","$","?","R","B",null,"M","?","?","M","M","R","?","R","T","E","R","M","E","M","R","B",null,"M","?","M","M","M","R","E","M","T","M","M","$","E","?","R","B"],"character_chosen":"DEFECT","items_purchased":["Whetstone","Bronze Scales","Bird Faced Urn"],"campfire_rested":8,"item_purchase_floors":[13,13,46],"current_hp_per_floor":[66,60,60,60,52,22,22,42,42,42,42,42,42,42,62,62,67,67,51,51,51,6,26,26,46,46,28,48,45,49,40,62,54,80,71,71,65,65,60,85,69,56,56,20,18,18,25,25,50,21],"gold":0,"neow_bonus":"THREE_RARE_CARDS","is_prod":false,"is_daily":false,"chose_seed":false,"campfire_upgraded":1,"win_rate":0,"timestamp":1534884194,"path_taken":["M","M","?","?","M","E","?","R","T","E","R","M","$","?","R","BOSS","M","?","?","?","M","R","?","R","T","E","R","M","E","M","R","BOSS","M","?","M","M","M","R","E","M","T","M","M","$","E","?","R","BOSS"],"build_version":"2018-08-16","purchased_purges":2,"victory":true,"max_hp_per_floor":[68,68,68,68,68,68,68,68,68,68,68,68,68,68,68,68,68,68,68,68,68,68,68,68,68,68,68,68,68,75,75,75,75,85,85,85,85,85,85,85,85,85,85,85,85,85,85,85,85,85],"card_choices":[{"not_picked":["Core Surge","Thunder Strike"],"picked":"Hyperbeam","floor":0},{"not_picked":["Skim","Steam"],"picked":"Sweeping Beam","floor":1},{"not_picked":["Melter","Redo"],"picked":"Rebound","floor":2},{"not_picked":["Coolheaded","Rebound","Darkness"],"picked":"SKIP","floor":5},{"not_picked":["Streamline","Rebound"],"picked":"Hologram","floor":6},{"not_picked":["Coolheaded","Melter"],"picked":"Go for the Eyes","floor":10},{"not_picked":["Sweeping Beam","Scrape"],"picked":"Beam Cell","floor":12},{"not_picked":["Ball Lightning","Coolheaded","Creative AI"],"picked":"SKIP","floor":12},{"not_picked":["Multi-Cast","All For One"],"picked":"Creative AI","floor":16},{"not_picked":["Skim","Blizzard","Ball Lightning"],"picked":"SKIP","floor":18},{"not_picked":["Compile Driver","Doom and Gloom","Cold Snap"],"picked":"SKIP","floor":18},{"not_picked":["Aggregate","Go for the Eyes","Leap"],"picked":"SKIP","floor":21},{"not_picked":["Recycle","Scrape","White Noise+1"],"picked":"SKIP","floor":21},{"not_picked":["Chill","Redo"],"picked":"Echo Form","floor":22},{"not_picked":["Glacier","Leap"],"picked":"Conserve Battery+1","floor":22},{"not_picked":["Doom and Gloom","Heatsinks","Turbo"],"picked":"SKIP","floor":27},{"not_picked":["Rebound","Beam Cell","Coolheaded"],"picked":"SKIP","floor":29},{"not_picked":["Compile Driver","Melter","Ball Lightning"],"picked":"SKIP","floor":29},{"not_picked":["Rip and Tear","Glacier","Hello World"],"picked":"SKIP","floor":30},{"not_picked":["Stack","Loop","Thunder Strike"],"picked":"SKIP","floor":31},{"not_picked":["Gash+1","Go for the Eyes+1","Rebound"],"picked":"SKIP","floor":31},{"not_picked":["Multi-Cast","Seek"],"picked":"Echo Form","floor":33},{"not_picked":["Beam Cell","Consume","Coolheaded"],"picked":"SKIP","floor":35},{"not_picked":["Coolheaded","Stack","Gash"],"picked":"SKIP","floor":35},{"not_picked":["Rebound","Sweeping Beam"],"picked":"BootSequence","floor":37},{"not_picked":["Loop","Ball Lightning+1","Blizzard"],"picked":"SKIP","floor":37},{"not_picked":["Conserve Battery","Beam Cell","Gash"],"picked":"SKIP","floor":38},{"not_picked":["Turbo","Sweeping Beam","Reinforced Body"],"picked":"SKIP","floor":38},{"not_picked":["Conserve Battery","Beam Cell","Gash"],"picked":"SKIP","floor":38},{"not_picked":["Turbo","Sweeping Beam","Reinforced Body"],"picked":"SKIP","floor":38},{"not_picked":["Gash","Rip and Tear","Leap"],"picked":"SKIP","floor":39},{"not_picked":["Gash","Streamline","Leap"],"picked":"SKIP","floor":39},{"not_picked":["Stack","Sweeping Beam"],"picked":"Hologram+1","floor":41},{"not_picked":["Beam Cell","Ball Lightning"],"picked":"Heatsinks","floor":42},{"not_picked":["Coolheaded","Core Surge","Turbo"],"picked":"SKIP","floor":42},{"not_picked":["Barrage","Cold Snap"],"picked":"Conserve Battery+1","floor":44},{"not_picked":["Coolheaded+1","Beam Cell+1","Go for the Eyes"],"picked":"SKIP","floor":44},{"not_picked":["Storm","Self Repair"],"picked":"Reinforced Body+1","floor":45},{"not_picked":["Biased Cognition","Scrape","Coolheaded+1"],"picked":"SKIP","floor":45},{"not_picked":["Defragment","Force Field+1"],"picked":"Hologram+1","floor":47},{"not_picked":["Scrape","Ball Lightning"],"picked":"Stack+1","floor":49}],"player_experience":473269,"relics_obtained":[{"floor":6,"key":"Bag of Preparation"},{"floor":7,"key":"Dodecahedron"},{"floor":9,"key":"The Courier"},{"floor":10,"key":"Prayer Wheel"},{"floor":19,"key":"Nilry\u0027s Codex"},{"floor":26,"key":"Emotion Chip"},{"floor":27,"key":"Dream Catcher"},{"floor":30,"key":"Strawberry"},{"floor":41,"key":"Vajra"},{"floor":43,"key":"Toxic Egg 2"},{"floor":47,"key":"Happy Flower"}],"event_choices":[{"event_name":"Upgrade Shrine","player_choice":"Upgraded","floor":3,"damage_taken":0},{"event_name":"Transmorgrifier","player_choice":"Transform","floor":4,"damage_taken":0},{"event_name":"World of Goop","player_choice":"Left","floor":14,"damage_taken":0},{"event_name":"Cursed Tome","player_choice":"Obtained Book","floor":19,"damage_taken":0},{"event_name":"Beggar","player_choice":"Gave Gold","floor":20,"damage_taken":0},{"event_name":"Masked Bandits","player_choice":"Paid Fearfully","floor":24,"damage_taken":0},{"event_name":"SensoryStone","player_choice":"Memory 1","floor":36,"damage_taken":0},{"event_name":"Tomb of Lord Red Mask","player_choice":"Paid","floor":48,"damage_taken":0}],"is_beta":false,"boss_relics":[{"not_picked":["Orrery","Runic Pyramid"],"picked":"Snecko Eye"},{"not_picked":["Astrolabe","Inserter"],"picked":"Tiny House"}],"items_purged_floors":[13,46],"is_endless":false,"potions_floor_spawned":[1,10,12,16,22,30,31,33,37,38,39,41],"ascension_level":13}