{"path_per_floor":["M","M","?","?","?","E","T","$","T","R","E","M","E","M","R","B",null,"M","?","?","T","M","R","E","M","T","?","$","$","R","M","R"],"character_chosen":"THE_SILENT","items_purchased":["Flash of Steel","Dramatic Entrance"],"gold_per_floor":[118,136,136,136,136,169,169,94,94,94,122,139,167,182,182,282,282,296,221,221,246,256,256,282,292,316,231,131,36,36,54,54],"floor_reached":33,"campfire_rested":2,"playtime":1733,"current_hp_per_floor":[62,53,53,53,40,15,15,15,15,33,21,21,18,18,36,30,63,54,54,44,44,39,39,27,25,25,25,25,25,25,33,33],"items_purged":["Regret"],"gold":54,"score":321,"play_id":"d32005ef-f493-4fdb-81d5-9c0d3a1c64b9","is_prod":false,"is_daily":false,"is_ascension_mode":true,"campfire_upgraded":3,"path_taken":["M","?","?","?","?","E","?","?","T","R","E","?","E","M","R","BOSS","M","?","?","?","M","R","E","M","T","?","?","$","R","M","R","BOSS"],"build_version":"2018-02-15-PROD1","purchased_purges":1,"victory":false,"master_deck":["Defend_G+1","Defend_G","Defend_G","Defend_G+1","Defend_G","Survivor","Neutralize","A Thousand Cuts+1","Flying Knee","Flechettes","Caltrops","Blur","PiercingWail","Dagger Spray","Dash","Night Terror+1","Well Laid Plans+1","Bite","Bite","Bite","Bite","Bite","Infinite Blades+1","Cloak And Dagger+1","Flying Knee+1","Flash of Steel","Dramatic Entrance","Finisher+1"],"max_hp_per_floor":[63,63,63,63,63,63,63,63,63,63,63,63,63,63,63,63,63,63,63,44,44,44,44,44,44,44,44,44,44,44,44,44],"relics":["Ring of the Snake","Bag of Preparation","Art of War","Peace Pipe","Ice Cream","Pen Nib","Thread and Needle","Sozu","Orichalcum","Dream Catcher","Blood Vial","Unceasing Top"],"card_choices":[{"not_picked":["Corpse Explosion","Tactician"],"picked":"A Thousand Cuts"},{"not_picked":["Prepared","Heel Hook"],"picked":"Flying Knee"},{"not_picked":["Dagger Throw","Escape Plan"],"picked":"Flechettes"},{"not_picked":["Outmaneuver","Bouncing Flask"],"picked":"Caltrops"},{"not_picked":["Dagger Throw","Masterful Stab"],"picked":"Blur"},{"not_picked":["Skewer","Calculated Gamble"],"picked":"PiercingWail"},{"not_picked":["Reflex","Skewer"],"picked":"Dagger Spray"},{"not_picked":["Bane","Catalyst"],"picked":"Dash"},{"not_picked":["Venomology","Bullet Time"],"picked":"Night Terror"},{"not_picked":["Quick Slash","Slice"],"picked":"Well Laid Plans"},{"not_picked":["Accuracy","Cloak And Dagger"],"picked":"Infinite Blades"},{"not_picked":["Caltrops","Underhanded Strike"],"picked":"Cloak And Dagger"},{"not_picked":["Prepared","Quick Slash"],"picked":"Flying Knee"},{"not_picked":["Masterful Stab","Dagger Throw"],"picked":"Finisher"}],"player_experience":97293,"potions_floor_usage":[11,13],"damage_taken":[{"damage":1,"enemies":"Cultist","floor":1,"turns":5},{"damage":9,"enemies":"2 Louse","floor":2,"turns":3},{"damage":25,"enemies":"3 Sentries","floor":6,"turns":8},{"damage":12,"enemies":"Gremlin Nob","floor":11,"turns":4},{"damage":0,"enemies":"Jaw Worm","floor":12,"turns":5},{"damage":3,"enemies":"3 Sentries","floor":13,"turns":6},{"damage":0,"enemies":"Large Slime","floor":14,"turns":5},{"damage":6,"enemies":"The Guardian","floor":16,"turns":14},{"damage":9,"enemies":"Spheric Guardian","floor":18,"turns":5},{"damage":9,"enemies":"2 Thieves","floor":22,"turns":4},{"damage":16,"enemies":"Book of Stabbing","floor":24,"turns":7},{"damage":8,"enemies":"Chosen and Byrds","floor":25,"turns":6},{"damage":0,"enemies":"Snecko","floor":31,"turns":4},{"damage":42,"enemies":"Automaton","floor":33,"turns":6}],"event_choices":[{"event_name":"Bonfire Elementals","player_choice":"BASIC","floor":3,"damage_taken":0},{"event_name":"Big Fish","player_choice":"Box","floor":4,"damage_taken":0},{"event_name":"Shining Light","player_choice":"Entered Light","floor":5,"damage_taken":0},{"event_name":"Beggar","player_choice":"Gave Gold","floor":19,"damage_taken":0},{"event_name":"Vampires","player_choice":"Became a vampire","floor":20,"damage_taken":0},{"event_name":"Addict","player_choice":"Obtained Relic","floor":27,"damage_taken":0}],"boss_relics":[{"not_picked":["Tiny House","Eternal Feather"],"picked":"Sozu"}],"potions_floor_spawned":[6,11,14,16,22,31],"seed_played":"4606761743302226922","killed_by":"Automaton","ascension_level":1,"is_trial":false}