{"gold_per_floor":[13,28,28,46,46,46,81,81,81,116,116,116,156,174,174,174],"floor_reached":16,"playtime":522,"items_purged":[],"score":220,"play_id":"8c12bb9e-6d93-46a6-a110-74d2055e816d","local_time":"20180820120550","is_ascension_mode":true,"campfire_choices":[{"data":"Zap","floor":6,"key":"SMITH"},{"data":"Self Repair","floor":8,"key":"SMITH"},{"floor":11,"key":"REST"},{"floor":15,"key":"REST"}],"neow_cost":"NO_GOLD","seed_source_timestamp":670193971401577,"circlet_count":0,"master_deck":["Strike_B","Strike_B","Strike_B","Strike_B","Defend_B","Defend_B","Defend_B","Defend_B","Zap+1","Dualcast","AscendersBane","Conserve Battery","Self Repair+1","Auto Shields","Coolheaded","Electrodynamics","Capacitor"],"relics":["Cracked Core","Golden Idol","Bottled Tornado","Mango","Lantern","Bottled Flame"],"potions_floor_usage":[7,13,16],"damage_taken":[{"damage":2,"enemies":"2 Louse","floor":1,"turns":3},{"damage":2,"enemies":"Jaw Worm","floor":2,"turns":3},{"damage":6,"enemies":"Cultist","floor":4,"turns":3},{"damage":35,"enemies":"3 Sentries","floor":7,"turns":10},{"damage":63,"enemies":"Gremlin Nob","floor":10,"turns":6},{"damage":13,"enemies":"3 Sentries","floor":13,"turns":3},{"damage":15,"enemies":"Looter","floor":14,"turns":3},{"damage":75,"enemies":"Hexaghost","floor":16,"turns":11}],"seed_played":"-2730901714024117728","potions_obtained":[{"floor":1,"key":"Energy Potion"},{"floor":10,"key":"PowerPotion"},{"floor":14,"key":"AttackPotion"}],"is_trial":false,"path_per_floor":["M","M","?","M","?","R","E","R","T","E","R","$","E","M","R"],"character_chosen":"DEFECT","items_purchased":[],"campfire_rested":2,"item_purchase_floors":[],"current_hp_per_floor":[80,78,78,79,84,84,56,56,70,17,47,47,44,39,69,0],"gold":174,"neow_bonus":"TWENTY_PERCENT_HP_BONUS","is_prod":false,"is_daily":false,"chose_seed":false,"campfire_upgraded":2,"win_rate":0,"timestamp":1534781150,"path_taken":["M","M","?","?","?","R","E","R","T","E","R","?","E","M","R","BOSS"],"build_version":"2018-08-16","purchased_purges":0,"victory":false,"max_hp_per_floor":[89,89,82,82,87,87,87,87,101,101,101,101,101,101,101,101],"card_choices":[{"not_picked":["Undo","Sweeping Beam"],"picked":"Conserve Battery","floor":1},{"not_picked":["Redo","Conserve Battery"],"picked":"Self Repair","floor":2},{"not_picked":["Cold Snap","Fission"],"picked":"Auto Shields","floor":4},{"not_picked":["Leap","Redo"],"picked":"Coolheaded","floor":7},{"not_picked":["Chaos","Barrage"],"picked":"Electrodynamics","floor":10},{"not_picked":["Steam","Scrape","Turbo"],"picked":"SKIP","floor":13},{"not_picked":["Darkness","Barrage"],"picked":"Capacitor","floor":14}],"player_experience":466750,"relics_obtained":[{"floor":7,"key":"Bottled Tornado"},{"floor":9,"key":"Mango"},{"floor":10,"key":"Lantern"},{"floor":13,"key":"Bottled Flame"}],"event_choices":[{"event_name":"Golden Idol","player_choice":"Lose Max HP","floor":3,"damage_taken":0},{"event_name":"Big Fish","player_choice":"Donut","floor":5,"damage_taken":0}],"is_beta":false,"boss_relics":[],"items_purged_floors":[],"is_endless":false,"potions_floor_spawned":[1,10,14],"killed_by":"Hexaghost","ascension_level":13}