{"gold_per_floor":[113,113,13,30,30,30,44,44,44,74,66,94,120,149,161,275,287,309,339,351,379,203,203],"floor_reached":23,"playtime":1240,"items_purged":["Parasite"],"score":263,"play_id":"27a1437b-6953-4d4c-a5e1-cea73f8c237e","local_time":"20181207144212","is_ascension_mode":true,"campfire_choices":[{"floor":6.0,"key":"RECALL"},{"data":"Zap","floor":8.0,"key":"SMITH"},{"floor":15.0,"key":"REST"}],"neow_cost":"CURSE","seed_source_timestamp":768392445659829,"circlet_count":0,"master_deck":["Defend_B","Defend_B","Defend_B","Defend_B","Zap+1","Dualcast","Core Surge","Auto Shields","Hologram","Go for the Eyes","Ball Lightning","Cold Snap","Stack","Cold Snap","Machine Learning","Conserve Battery+1","Streamline+1","Defragment+1","White Noise","Conserve Battery","Darkness"],"special_seed":0,"relics":["Cracked Core","MawBank","Astrolabe","MutagenicStrength","Dream Catcher"],"potions_floor_usage":[19,21],"damage_taken":[{"damage":1.0,"enemies":"2 Louse","floor":1.0,"turns":3.0},{"damage":0.0,"enemies":"Cultist","floor":4.0,"turns":3.0},{"damage":0.0,"enemies":"Small Slimes","floor":5.0,"turns":3.0},{"damage":0.0,"enemies":"2 Fungi Beasts","floor":7.0,"turns":3.0},{"damage":31.0,"enemies":"Lagavulin","floor":10.0,"turns":6.0},{"damage":4.0,"enemies":"Looter","floor":12.0,"turns":3.0},{"damage":8.0,"enemies":"3 Louse","floor":13.0,"turns":3.0},{"damage":0.0,"enemies":"Large Slime","floor":14.0,"turns":4.0},{"damage":27.0,"enemies":"The Guardian","floor":16.0,"turns":13.0},{"damage":6.0,"enemies":"Spheric Guardian","floor":18.0,"turns":5.0},{"damage":9,"enemies":"2 Thieves","floor":19,"turns":3},{"damage":6,"enemies":"Sentry and Sphere","floor":21,"turns":5},{"damage":52,"enemies":"Slavers","floor":23,"turns":3}],"seed_played":"-3892024622189057392","potions_obtained":[{"floor":7.0,"key":"SteroidPotion"},{"floor":10.0,"key":"Explosive Potion"},{"floor":11.0,"key":"EssenceOfSteel"},{"floor":14.0,"key":"Regen Potion"},{"floor":16.0,"key":"SteroidPotion"},{"floor":19,"key":"Explosive Potion"}],"is_trial":false,"path_per_floor":["M","?","$","M","M","R","M","R","T","E","?","M","M","M","R","B",null,"M","M","?","M","$","E"],"character_chosen":"DEFECT","items_purchased":["Hologram","Dream Catcher","Darkness"],"campfire_rested":1,"item_purchase_floors":[3,22,22],"current_hp_per_floor":[67,67,67,67,67,67,67,67,67,36,36,32,24,24,45,33,62,56,47,47,41,41,0],"gold":203,"neow_bonus":"THREE_RARE_CARDS","is_prod":false,"is_daily":false,"chose_seed":false,"campfire_upgraded":1,"win_rate":0,"timestamp":1544168532,"path_taken":["M","?","$","M","M","R","?","R","T","E","?","?","M","M","R","BOSS","M","M","?","M","$","E"],"build_version":"2018-12-06","purchased_purges":1,"victory":false,"max_hp_per_floor":[75,75,72,72,72,72,72,72,72,72,72,72,72,72,72,72,72,72,72,72,72,72,72],"card_choices":[{"not_picked":["Meteor Strike","Fission"],"picked":"Core Surge","floor":0.0},{"not_picked":["Tempest","Rebound"],"picked":"Auto Shields","floor":1.0},{"not_picked":["Genetic Algorithm","Sweeping Beam"],"picked":"Go for the Eyes","floor":4.0},{"not_picked":["Turbo","Go for the Eyes"],"picked":"Ball Lightning","floor":5.0},{"not_picked":["Barrage","Go for the Eyes"],"picked":"Cold Snap","floor":7.0},{"not_picked":["Rip and Tear","Storm","Force Field"],"picked":"SKIP","floor":10.0},{"not_picked":["Heatsinks","Turbo"],"picked":"Stack","floor":12.0},{"not_picked":["Scrape","Stack","Aggregate"],"picked":"SKIP","floor":13.0},{"not_picked":["Chaos","Static Discharge"],"picked":"Cold Snap","floor":14.0},{"not_picked":["All For One","Biased Cognition"],"picked":"Machine Learning","floor":16.0},{"not_picked":["Sweeping Beam","Turbo"],"picked":"White Noise","floor":18.0},{"not_picked":["Stack","Sweeping Beam","Turbo"],"picked":"SKIP","floor":19},{"not_picked":["Aggregate","Steam"],"picked":"Conserve Battery","floor":21}],"player_experience":184947,"relics_obtained":[{"floor":10.0,"key":"MawBank"}],"event_choices":[{"cards_removed":["Strike_B"],"damage_healed":0.0,"max_hp_gain":0.0,"max_hp_loss":0.0,"gold_gain":0.0,"event_name":"Bonfire Elementals","player_choice":"Offered Basic","floor":2.0,"gold_loss":0.0,"damage_taken":0.0},{"damage_healed":0.0,"max_hp_gain":0.0,"max_hp_loss":0.0,"gold_gain":0.0,"event_name":"The Woman in Blue","player_choice":"Bought 1 Potion","floor":11.0,"gold_loss":0.0,"damage_taken":0.0},{"damage_healed":0,"gold_gain":0,"player_choice":"Inject Mutagens","damage_taken":0,"relics_obtained":["MutagenicStrength"],"max_hp_gain":0,"max_hp_loss":0,"event_name":"Drug Dealer","floor":20,"gold_loss":0}],"is_beta":false,"boss_relics":[{"not_picked":["Coffee Dripper","Runic Dome"],"picked":"Astrolabe"}],"items_purged_floors":[3],"is_endless":false,"potions_floor_spawned":[7,10,14,16,18,19],"killed_by":"Slavers","ascension_level":7}