{"gold_per_floor":[215,230,241,6,16,16,16,16,16,16,34,69,69,89,89,89],"floor_reached":16,"playtime":505,"items_purged":[],"score":199,"play_id":"d9ddcc2b-0f6e-4137-9933-1892a273610a","local_time":"20181020155711","is_ascension_mode":true,"campfire_choices":[{"data":"Blood for Blood","floor":6,"key":"SMITH"},{"floor":10,"key":"REST"},{"data":"Bash","floor":13,"key":"SMITH"},{"data":"True Grit","floor":15,"key":"SMITH"}],"neow_cost":"NONE","seed_source_timestamp":241517033622376,"circlet_count":0,"master_deck":["Strike_R","Strike_R","Strike_R","Strike_R","Strike_R","Defend_R","Defend_R","Defend_R","Defend_R","Bash+1","AscendersBane","Reckless Charge","Blood for Blood+1","Shockwave","Corruption","Pommel Strike","Iron Wave","Feed","True Grit+1"],"relics":["Burning Blood","Blood Vial","Ancient Tea Set","Mummified Hand"],"potions_floor_usage":[16],"damage_taken":[{"damage":9,"enemies":"Jaw Worm","floor":1,"turns":3},{"damage":10,"enemies":"Small Slimes","floor":2,"turns":6},{"damage":6,"enemies":"2 Louse","floor":3,"turns":3},{"damage":38,"enemies":"Exordium Thugs","floor":5,"turns":6},{"damage":13,"enemies":"Lots of Slimes","floor":11,"turns":4},{"damage":30,"enemies":"3 Sentries","floor":12,"turns":6},{"damage":10,"enemies":"3 Louse","floor":14,"turns":3},{"damage":29,"enemies":"Hexaghost","floor":16,"turns":8}],"seed_played":"4019396333266588612","potions_obtained":[{"floor":2,"key":"LiquidBronze"},{"floor":12,"key":"FearPotion"}],"is_trial":false,"path_per_floor":["M","M","M","$","M","R","?","?","T","R","M","E","R","M","R"],"character_chosen":"IRONCLAD","items_purchased":["Corruption","Blood Vial"],"campfire_rested":1,"item_purchase_floors":[4,4],"current_hp_per_floor":[65,61,61,61,31,31,31,31,31,53,48,26,26,27,27,0],"gold":89,"neow_bonus":"HUNDRED_GOLD","is_prod":false,"is_daily":false,"chose_seed":false,"campfire_upgraded":3,"win_rate":0,"timestamp":1540065431,"path_taken":["M","M","M","$","M","R","?","?","T","R","M","E","R","M","R","BOSS"],"build_version":"2018-10-18","purchased_purges":0,"victory":false,"max_hp_per_floor":[75,75,75,75,75,75,75,75,75,75,75,75,75,78,78,78],"card_choices":[{"not_picked":["Havoc","Flex"],"picked":"Reckless Charge","floor":1},{"not_picked":["Clash","Warcry"],"picked":"Blood for Blood","floor":2},{"not_picked":["Wild Strike","Clash"],"picked":"Shockwave","floor":3},{"not_picked":["Cleave","Body Slam"],"picked":"Pommel Strike","floor":5},{"not_picked":["Sword Boomerang","Second Wind","Body Slam"],"picked":"SKIP","floor":11},{"not_picked":["Power Through","Dual Wield"],"picked":"Feed","floor":12},{"not_picked":["Twin Strike","Reckless Charge"],"picked":"True Grit","floor":14}],"player_experience":586237,"relics_obtained":[{"floor":9,"key":"Ancient Tea Set"},{"floor":12,"key":"Mummified Hand"}],"event_choices":[{"damage_healed":0,"gold_gain":0,"player_choice":"Leave","damage_taken":0,"max_hp_gain":0,"max_hp_loss":0,"event_name":"The Cleric","floor":7,"gold_loss":0},{"damage_healed":0,"gold_gain":0,"player_choice":"1 cards matched","damage_taken":0,"max_hp_gain":0,"max_hp_loss":0,"event_name":"Match and Keep!","floor":8,"gold_loss":0,"cards_obtained":["Iron Wave"]}],"is_beta":false,"boss_relics":[],"items_purged_floors":[],"is_endless":false,"potions_floor_spawned":[2,12,14],"killed_by":"Hexaghost","ascension_level":19}