{"gold_per_floor":[119,139,139,153,169,169,199,199,249,266,324,324,324,336,336,437,437,457,457,372,372,386,386,386],"floor_reached":24,"playtime":773,"items_purged":[],"score":358,"play_id":"ac05cd2e-e341-4ee6-a55e-702b6e7d919a","local_time":"20180802030655","is_ascension_mode":true,"campfire_choices":[{"data":"Chill","floor":6,"key":"SMITH"},{"data":"Barrage","floor":12,"key":"SMITH"},{"data":"Creative AI","floor":15,"key":"SMITH"},{"floor":23,"key":"REST"}],"neow_cost":"","seed_source_timestamp":3316246645691265,"circlet_count":0,"master_deck":["Strike_B","Strike_B","Strike_B","Defend_B","Defend_B","Defend_B","Defend_B","Zap","Dualcast","AscendersBane","Barrage+1","Cold Snap","Chill+1","Beam Cell","Hologram","Beam Cell","Conserve Battery","Creative AI+1","Echo Form","Barrage+1","Sweeping Beam+1","Doom and Gloom+1"],"relics":["Cracked Core","Dodecahedron","Dream Catcher","Tiny Chest","Molten Egg 2","Black Star","Omamori","Cables"],"potions_floor_usage":[7,11,16,16,24,24],"damage_taken":[{"damage":1,"enemies":"Cultist","floor":1,"turns":3},{"damage":4,"enemies":"Jaw Worm","floor":2,"turns":4},{"damage":0,"enemies":"Small Slimes","floor":4,"turns":2},{"damage":0,"enemies":"3 Louse","floor":5,"turns":3},{"damage":12,"enemies":"Lagavulin","floor":7,"turns":6},{"damage":1,"enemies":"Blue Slaver","floor":10,"turns":3},{"damage":0,"enemies":"3 Sentries","floor":11,"turns":7},{"damage":2,"enemies":"Lots of Slimes","floor":14,"turns":4},{"damage":28,"enemies":"Hexaghost","floor":16,"turns":8},{"damage":31,"enemies":"Spheric Guardian","floor":18,"turns":6},{"damage":10,"enemies":"Chosen","floor":22,"turns":6},{"damage":51,"enemies":"Gremlin Leader","floor":24,"turns":5}],"seed_played":"7706232488061660561","potions_obtained":[{"floor":1,"key":"FearPotion"},{"floor":7,"key":"SteroidPotion"},{"floor":8,"key":"FocusPotion"},{"floor":14,"key":"SkillPotion"},{"floor":16,"key":"SteroidPotion"},{"floor":22,"key":"SpeedPotion"}],"is_trial":false,"path_per_floor":["M","M","?","M","M","R","E","?","T","M","E","R","T","M","R","B",null,"M","?","?","?","M","R"],"character_chosen":"DEFECT","items_purchased":[],"campfire_rested":1,"item_purchase_floors":[],"current_hp_per_floor":[67,63,63,63,63,63,51,51,51,50,50,50,50,48,48,20,61,30,30,30,30,20,42,0],"gold":386,"neow_bonus":"","is_prod":false,"is_daily":false,"chose_seed":false,"campfire_upgraded":3,"win_rate":0,"timestamp":1533197215,"path_taken":["M","?","?","M","M","R","E","?","T","M","E","R","?","M","R","BOSS","M","?","?","?","M","R","E"],"build_version":"2018-07-26","purchased_purges":0,"victory":false,"max_hp_per_floor":[75,75,75,75,75,75,75,75,75,75,75,75,75,75,75,75,75,75,75,75,75,75,75,75],"card_choices":[{"not_picked":["Doom and Gloom","Sweeping Beam"],"picked":"Barrage","floor":1},{"not_picked":["Redo","Conserve Battery"],"picked":"Cold Snap","floor":2},{"not_picked":["Turbo","Consume"],"picked":"Chill","floor":4},{"not_picked":["Coolheaded","Redo"],"picked":"Beam Cell","floor":5},{"not_picked":["Go for the Eyes","Darkness"],"picked":"Hologram","floor":7},{"not_picked":["FTL","Steam"],"picked":"Beam Cell","floor":10},{"not_picked":["Redo","Coolheaded"],"picked":"Conserve Battery","floor":11},{"not_picked":["Undo","Heatsinks"],"picked":"Creative AI","floor":14},{"not_picked":["Reboot","Meteor Strike+1"],"picked":"Echo Form","floor":16},{"not_picked":["Cold Snap+1","Leap"],"picked":"Barrage+1","floor":18},{"not_picked":["Undo+1","Beam Cell+1"],"picked":"Sweeping Beam+1","floor":22},{"not_picked":["Undo","Recycle"],"picked":"Doom and Gloom+1","floor":23}],"player_experience":437930,"relics_obtained":[{"floor":7,"key":"Dodecahedron"},{"floor":9,"key":"Dream Catcher"},{"floor":11,"key":"Tiny Chest"},{"floor":13,"key":"Molten Egg 2"}],"event_choices":[{"event_name":"Liars Game","player_choice":"disagreed","floor":3,"damage_taken":0},{"event_name":"The Lab","player_choice":"Got Potions","floor":8,"damage_taken":0},{"event_name":"Purifier","player_choice":"One Purge","floor":19,"damage_taken":0},{"event_name":"Addict","player_choice":"Obtained Relic","floor":20,"damage_taken":0},{"event_name":"Accursed Blacksmith","player_choice":"Rummage","floor":21,"damage_taken":0}],"is_beta":false,"boss_relics":[{"not_picked":["FrozenCore","Tiny House"],"picked":"Black Star"}],"items_purged_floors":[],"is_endless":false,"potions_floor_spawned":[1,7,14,16,22],"killed_by":"Gremlin Leader","ascension_level":11}