{"gold_per_floor":[113,123,123,143,143,218,218,50,50,87,102,277,292,326,326,447,447,460,460,471,69,88,88,100,136,136,136],"floor_reached":27,"playtime":1348,"items_purged":["Strike_B"],"score":334,"play_id":"22bf61d9-70eb-4d8f-9a33-2b9ca520d636","local_time":"20181226195652","is_ascension_mode":true,"campfire_choices":[{"data":"Dualcast","floor":7.0,"key":"SMITH"},{"data":"HandOfGreed","floor":15.0,"key":"SMITH"},{"floor":23,"key":"REST"}],"neow_cost":"NONE","seed_source_timestamp":98013564114779,"circlet_count":0,"master_deck":["AscendersBane","Defend_B","Defend_B","Defend_B","Defend_B","Zap+1","Dualcast+1","Conserve Battery","Conserve Battery","HandOfGreed+1","Cold Snap","Cold Snap","White Noise","Echo Form","Ball Lightning","Capacitor","The Bomb","Barrage+1","Go for the Eyes","Compile Driver+1"],"special_seed":0,"relics":["Cracked Core","Nunchaku","Empty Cage","Anchor","Pantograph"],"potions_floor_usage":[27],"damage_taken":[{"damage":3.0,"enemies":"Small Slimes","floor":1.0,"turns":4.0},{"damage":0.0,"enemies":"2 Louse","floor":2.0,"turns":4.0},{"damage":4.0,"enemies":"Cultist","floor":4.0,"turns":4.0},{"damage":4.0,"enemies":"Red Slaver","floor":10.0,"turns":2.0},{"damage":1.0,"enemies":"Exordium Thugs","floor":11.0,"turns":4.0},{"damage":4.0,"enemies":"Blue Slaver","floor":13.0,"turns":3.0},{"damage":6.0,"enemies":"Lots of Slimes","floor":14.0,"turns":3.0},{"damage":10.0,"enemies":"The Guardian","floor":16.0,"turns":11.0},{"damage":2,"enemies":"Shell Parasite","floor":18,"turns":4},{"damage":18,"enemies":"Spheric Guardian","floor":20,"turns":5},{"damage":19,"enemies":"Snake Plant","floor":22,"turns":5},{"damage":24,"enemies":"Snecko","floor":24,"turns":6},{"damage":19,"enemies":"Shelled Parasite and Fungi","floor":25,"turns":5},{"damage":10,"enemies":"Snake Plant","floor":27,"turns":2}],"seed_played":"4114238973921547271","potions_obtained":[{"floor":10.0,"key":"AttackPotion"},{"floor":14.0,"key":"FearPotion"},{"floor":16.0,"key":"Strength Potion"},{"floor":20,"key":"SteroidPotion"}],"is_trial":false,"path_per_floor":["M","M","?","M","?","?","R","$","T","M","M","?","M","M","R","B",null,"M","?","M","$","M","R","M","M","T","M"],"character_chosen":"DEFECT","items_purchased":["HandOfGreed","The Bomb","Anchor"],"campfire_rested":1,"item_purchase_floors":[8,21,21],"current_hp_per_floor":[65,65,70,66,66,55,55,55,55,51,50,50,46,40,40,30,68,66,66,48,48,29,53,29,10,10,0],"gold":136,"neow_bonus":"REMOVE_CARD","is_prod":false,"is_daily":false,"chose_seed":false,"campfire_upgraded":2,"win_rate":0,"timestamp":1545829012,"path_taken":["M","M","?","M","?","?","R","$","T","M","M","?","M","M","R","BOSS","M","?","M","?","M","R","M","M","T","?"],"build_version":"2018-12-20","purchased_purges":1,"victory":false,"max_hp_per_floor":[75,75,80,80,80,80,80,80,80,80,80,80,80,80,80,80,80,80,80,80,80,80,80,80,80,80,80],"card_choices":[{"not_picked":["Leap","Rebound"],"picked":"Conserve Battery","floor":1.0},{"not_picked":["Beam Cell","Lockon","Turbo"],"picked":"SKIP","floor":2.0},{"not_picked":["Rebound","Barrage"],"picked":"Conserve Battery","floor":4.0},{"not_picked":["Reinforced Body","Beam Cell"],"picked":"Cold Snap","floor":10.0},{"not_picked":["Sweeping Beam","Turbo"],"picked":"Cold Snap","floor":11.0},{"not_picked":["Machine Learning","Loop"],"picked":"White Noise","floor":13.0},{"not_picked":["Turbo","Barrage","Rebound"],"picked":"SKIP","floor":14.0},{"not_picked":["Reboot","Seek"],"picked":"Echo Form","floor":16.0},{"not_picked":["Heatsinks","Barrage"],"picked":"Ball Lightning","floor":18},{"not_picked":["Rebound","Turbo","Beam Cell"],"picked":"SKIP","floor":20},{"not_picked":["Fission","Redo"],"picked":"Barrage+1","floor":22},{"not_picked":["Steam+1","Hologram+1"],"picked":"Go for the Eyes","floor":24},{"not_picked":["Darkness","Rip and Tear"],"picked":"Compile Driver+1","floor":25}],"player_experience":240822,"relics_obtained":[{"floor":9.0,"key":"Nunchaku"},{"floor":26,"key":"Pantograph"}],"event_choices":[{"damage_healed":0.0,"max_hp_gain":5.0,"max_hp_loss":0.0,"gold_gain":0.0,"event_name":"Big Fish","player_choice":"Donut","floor":3.0,"gold_loss":0.0,"damage_taken":0.0},{"damage_healed":0.0,"max_hp_gain":0.0,"max_hp_loss":0.0,"gold_gain":0.0,"event_name":"Living Wall","player_choice":"Grow","floor":5.0,"gold_loss":0.0,"damage_taken":0.0,"cards_upgraded":["Zap"]},{"damage_healed":0.0,"max_hp_gain":0.0,"max_hp_loss":0.0,"gold_gain":75.0,"event_name":"World of Goop","player_choice":"Gather Gold","floor":6.0,"gold_loss":0.0,"damage_taken":11.0},{"damage_healed":0.0,"max_hp_gain":0.0,"max_hp_loss":0.0,"gold_gain":175.0,"event_name":"Liars Game","player_choice":"AGREE","floor":12.0,"gold_loss":0.0,"damage_taken":0.0,"cards_obtained":["Doubt"]},{"damage_healed":0,"gold_gain":0,"cards_transformed":["Strike_B"],"player_choice":"Transformed","damage_taken":0,"max_hp_gain":0,"max_hp_loss":0,"event_name":"Transmorgrifier","floor":19,"gold_loss":0,"cards_obtained":["Capacitor"]}],"is_beta":false,"boss_relics":[{"not_picked":["Black Star","Ectoplasm"],"picked":"Empty Cage"}],"items_purged_floors":[21],"is_endless":false,"potions_floor_spawned":[10,14,16,20,22],"killed_by":"Snake Plant","ascension_level":12}