{"gold_per_floor":[114,39,39,52,68,99,99,110,110,122,122,139,149,178,178,278,278,296,296,296,396,92,92,121,121,121,150,150,150,150,150,150,252,252,262,45,45,0,10,10,36,36,36,36,48,48,81,81,81,81,81,81,12,41,41],"floor_reached":56,"playtime":2663,"items_purged":["Strike_R","Strike_R"],"score":1394,"play_id":"8ba04a1e-c408-4457-a4c3-ade148bc1a05","local_time":"20190119223314","is_ascension_mode":true,"campfire_choices":[{"floor":7.0,"key":"REST"},{"floor":11.0,"key":"REST"},{"floor":15.0,"key":"REST"},{"data":"Demon Form","floor":23.0,"key":"SMITH"},{"data":"Demon Form","floor":25.0,"key":"SMITH"},{"floor":28.0,"key":"REST"},{"floor":30.0,"key":"REST"},{"data":"Whirlwind","floor":32.0,"key":"SMITH"},{"data":"Limit Break","floor":40.0,"key":"SMITH"},{"data":"Demon Form","floor":42.0,"key":"SMITH"},{"floor":44.0,"key":"RECALL"},{"data":"Pummel","floor":49.0,"key":"SMITH"},{"data":"Pummel","floor":52.0,"key":"SMITH"}],"neow_cost":"NONE","seed_source_timestamp":0,"circlet_count":0,"master_deck":["Strike_R","Strike_R","Strike_R","Defend_R","Defend_R","Defend_R","Bash","Barricade+1","Clothesline","Whirlwind+1","Thunderclap","Shrug It Off","Burning Pact","Searing Blow","Iron Wave","Pummel+1","Demon Form+1","Seeing Red","Writhe","Flex","Demon Form+1","Demon Form+1","Limit Break+1","Pummel+1","Pummel+1","Flame Barrier+1","Clothesline+1","Metallicize","Heavy Blade"],"special_seed":0,"relics":["Burning Blood","Ornamental Fan","Meat on the Bone","Self Forming Clay","Snecko Eye","Thread and Needle","FossilizedHelix","Pantograph","DollysMirror","Juzu Bracelet","Singing Bowl","Shuriken","Sozu","Red Mask","Turnip","Ancient Tea Set","Mango"],"potions_floor_usage":[55],"damage_taken":[{"damage":14.0,"enemies":"Small Slimes","floor":1.0,"turns":4.0},{"damage":6.0,"enemies":"Cultist","floor":4.0,"turns":6.0},{"damage":12.0,"enemies":"Jaw Worm","floor":5.0,"turns":4.0},{"damage":38.0,"enemies":"3 Sentries","floor":6.0,"turns":8.0},{"damage":11.0,"enemies":"Blue Slaver","floor":8.0,"turns":6.0},{"damage":7.0,"enemies":"Exordium Wildlife","floor":10.0,"turns":6.0},{"damage":16.0,"enemies":"Gremlin Gang","floor":12.0,"turns":3.0},{"damage":13.0,"enemies":"Blue Slaver","floor":13.0,"turns":5.0},{"damage":42.0,"enemies":"Lagavulin","floor":14.0,"turns":8.0},{"damage":60.0,"enemies":"Slime Boss","floor":16.0,"turns":20.0},{"damage":6.0,"enemies":"3 Byrds","floor":18.0,"turns":4.0},{"damage":18.0,"enemies":"Colosseum Slavers","floor":21.0,"turns":4.0},{"damage":17.0,"enemies":"Colosseum Nobs","floor":21.0,"turns":5.0},{"damage":21.0,"enemies":"Gremlin Leader","floor":24.0,"turns":7.0},{"damage":48.0,"enemies":"Slavers","floor":27.0,"turns":6.0},{"damage":55.0,"enemies":"Collector","floor":33.0,"turns":8.0},{"damage":1.0,"enemies":"3 Shapes","floor":35.0,"turns":4.0},{"damage":10.0,"enemies":"Orb Walker","floor":39.0,"turns":3.0},{"damage":0.0,"enemies":"Giant Head","floor":41.0,"turns":5.0},{"damage":0.0,"enemies":"Maw","floor":45.0,"turns":5.0},{"damage":7.0,"enemies":"Nemesis","floor":47.0,"turns":5.0},{"damage":33.0,"enemies":"Time Eater","floor":50.0,"turns":6.0},{"damage":14.0,"enemies":"Shield and Spear","floor":54.0,"turns":5.0},{"damage":101,"enemies":"The Heart","floor":55,"turns":9}],"seed_played":"-3637371590831036447","potions_obtained":[{"floor":1.0,"key":"AttackPotion"},{"floor":6.0,"key":"FairyPotion"},{"floor":10.0,"key":"EntropicBrew"},{"floor":13.0,"key":"FearPotion"},{"floor":16.0,"key":"Explosive Potion"},{"floor":21.0,"key":"Dexterity Potion"},{"floor":24.0,"key":"Poison Potion"},{"floor":27.0,"key":"Fire Potion"}],"is_trial":false,"path_per_floor":["M","$","?","M","M","E","R","M","T","M","R","M","M","E","R","B",null,"M","?","?","?","$","R","E","R","T","E","R","?","R","?","R","B",null,"M","$","?","?","M","R","E","R","T","R","M","?","E","?","R","B",null,"R","$","E","B",null],"character_chosen":"IRONCLAD","items_purchased":["DollysMirror","Limit Break","Pummel","Metallicize"],"campfire_rested":5,"item_purchase_floors":[22,36,36,53],"current_hp_per_floor":[72,72,72,72,66,34,58,53,53,52,76,66,59,35,59,26,80,80,80,80,57,57,57,54,54,54,26,50,42,66,82,82,45,82,84,84,84,84,80,80,86,86,86,86,86,88,87,87,87,61,88,88,88,94,19],"gold":41,"neow_bonus":"ONE_RANDOM_RARE_CARD","is_prod":false,"is_daily":false,"chose_seed":false,"campfire_upgraded":7,"win_rate":0,"timestamp":1547955194,"path_taken":["M","$","?","?","M","E","R","M","T","M","R","M","M","E","R","BOSS","M","?","?","?","?","R","E","R","T","E","R","?","R","?","R","BOSS","M","$","?","?","M","R","E","R","T","R","M","?","E","?","R","BOSS","R","$","E","BOSS"],"build_version":"2019-01-17v2","purchased_purges":2,"victory":true,"max_hp_per_floor":[80,80,80,80,80,80,80,80,80,80,80,80,80,80,80,80,80,80,80,80,80,80,80,80,80,80,82,82,82,82,82,82,82,82,84,84,84,84,84,84,86,86,86,86,86,88,88,88,88,88,88,88,88,102,102],"card_choices":[{"not_picked":["Carnage","Warcry"],"picked":"Clothesline","floor":1.0},{"not_picked":["Power Through","Iron Wave"],"picked":"Whirlwind","floor":4.0},{"not_picked":["Reckless Charge","Pommel Strike","Dual Wield"],"picked":"SKIP","floor":5.0},{"not_picked":["Rampage","Feel No Pain"],"picked":"Thunderclap","floor":6.0},{"not_picked":["Clash","Clothesline"],"picked":"Shrug It Off","floor":8.0},{"not_picked":["Thunderclap","Perfected Strike"],"picked":"Burning Pact","floor":10.0},{"not_picked":["Rampage","Power Through"],"picked":"Searing Blow","floor":12.0},{"not_picked":["Whirlwind","Twin Strike"],"picked":"Iron Wave","floor":13.0},{"not_picked":["Sword Boomerang","Second Wind"],"picked":"Pummel","floor":14.0},{"not_picked":["Double Tap","Reaper"],"picked":"Demon Form","floor":16.0},{"not_picked":["Warcry","Dual Wield"],"picked":"Seeing Red","floor":18.0},{"not_picked":["Thunderclap","Inflame"],"picked":"Flex","floor":21.0},{"not_picked":["Dual Wield+1","Ghostly Armor","Fiend Fire"],"picked":"SKIP","floor":24.0},{"not_picked":["Headbutt+1","Wild Strike","Iron Wave+1"],"picked":"Singing Bowl","floor":27.0},{"not_picked":["Impervious","Exhume"],"picked":"Demon Form","floor":33.0},{"not_picked":["Perfected Strike+1","Rage+1","Warcry"],"picked":"Singing Bowl","floor":35.0},{"not_picked":["Corruption","Warcry"],"picked":"Pummel+1","floor":39.0},{"not_picked":["Wild Strike","Whirlwind","Infernal Blade"],"picked":"Singing Bowl","floor":41.0},{"not_picked":["Perfected Strike+1","True Grit"],"picked":"Flame Barrier+1","floor":45.0},{"not_picked":["Bandage Up","Enlightenment","Discovery"],"picked":"Singing Bowl","floor":46.0},{"not_picked":["Havoc+1","Body Slam+1"],"picked":"Clothesline+1","floor":47.0},{"not_picked":["Havoc+1","Shockwave+1"],"picked":"Heavy Blade","floor":54.0}],"player_experience":80457,"relics_obtained":[{"floor":6.0,"key":"Ornamental Fan"},{"floor":9.0,"key":"Meat on the Bone"},{"floor":14.0,"key":"Self Forming Clay"},{"floor":21.0,"key":"FossilizedHelix"},{"floor":21.0,"key":"Pantograph"},{"floor":24.0,"key":"Juzu Bracelet"},{"floor":26.0,"key":"Singing Bowl"},{"floor":27.0,"key":"Shuriken"},{"floor":41.0,"key":"Turnip"},{"floor":47.0,"key":"Ancient Tea Set"},{"floor":54.0,"key":"Mango"}],"event_choices":[{"damage_healed":0.0,"max_hp_gain":0.0,"max_hp_loss":0.0,"gold_gain":0.0,"event_name":"Accursed Blacksmith","player_choice":"Forge","floor":3.0,"gold_loss":0.0,"damage_taken":0.0,"cards_upgraded":["Barricade"]},{"damage_healed":0.0,"max_hp_gain":0.0,"max_hp_loss":0.0,"gold_gain":0.0,"event_name":"Ghosts","player_choice":"Ignored","floor":19.0,"gold_loss":0.0,"damage_taken":0.0},{"damage_healed":0.0,"max_hp_gain":0.0,"max_hp_loss":0.0,"gold_gain":0.0,"event_name":"The Mausoleum","player_choice":"Opened","floor":20.0,"gold_loss":0.0,"damage_taken":0.0,"relics_obtained":["Thread and Needle"],"cards_obtained":["Writhe"]},{"damage_healed":0.0,"max_hp_gain":0.0,"max_hp_loss":0.0,"gold_gain":0.0,"event_name":"Colosseum","player_choice":"Fight","floor":21.0,"gold_loss":0.0,"damage_taken":0.0},{"damage_healed":0.0,"max_hp_gain":0.0,"max_hp_loss":0.0,"gold_gain":0.0,"event_name":"Colosseum","player_choice":"Fought Nobs","floor":21.0,"gold_loss":0.0,"damage_taken":0.0},{"damage_healed":0.0,"max_hp_gain":0.0,"max_hp_loss":0.0,"gold_gain":0.0,"event_name":"Knowing Skull","player_choice":"","floor":29.0,"potions_obtained":[],"gold_loss":0.0,"damage_taken":8.0,"cards_obtained":[]},{"damage_healed":27.0,"max_hp_gain":0.0,"max_hp_loss":0.0,"gold_gain":0.0,"event_name":"The Library","player_choice":"Heal","floor":31.0,"gold_loss":0.0,"damage_taken":0.0},{"cards_removed":["Defend_R"],"damage_healed":0.0,"max_hp_gain":0.0,"max_hp_loss":0.0,"gold_gain":0.0,"event_name":"Falling","player_choice":"Removed Skill","floor":37.0,"gold_loss":0.0,"damage_taken":0.0},{"damage_healed":0.0,"max_hp_gain":0.0,"max_hp_loss":0.0,"gold_gain":0.0,"event_name":"Tomb of Lord Red Mask","player_choice":"Paid","floor":38.0,"gold_loss":45.0,"damage_taken":0.0,"relics_obtained":["Red Mask"]},{"damage_healed":0.0,"max_hp_gain":0.0,"max_hp_loss":0.0,"gold_gain":0.0,"event_name":"SensoryStone","player_choice":"Memory 1","floor":46.0,"gold_loss":0.0,"damage_taken":0.0},{"damage_healed":0.0,"max_hp_gain":0.0,"max_hp_loss":0.0,"gold_gain":0.0,"event_name":"Mysterious Sphere","player_choice":"Ignored","floor":48.0,"gold_loss":0.0,"damage_taken":0.0}],"is_beta":false,"boss_relics":[{"not_picked":["White Beast Statue","Runic Dome"],"picked":"Snecko Eye"},{"not_picked":["Coffee Dripper","Black Star"],"picked":"Sozu"}],"items_purged_floors":[2,22],"is_endless":false,"potions_floor_spawned":[1,6,10,13,14,16,21,24,27,39,41,45],"ascension_level":2}