{"gold_per_floor":[112,126,146,79,96,96,123,123,123,123,138,138,148,1,1,98,98,114,29,29,49,69,69,88,88,157,157],"floor_reached":27,"playtime":1537,"items_purged":[],"score":247,"play_id":"b96ec32a-f4ea-49fb-9598-8d8c593e1b1b","local_time":"20190126210246","is_ascension_mode":true,"campfire_choices":[{"data":"Footwork","floor":6.0,"key":"SMITH"},{"data":"Backflip","floor":8.0,"key":"SMITH"},{"floor":10.0,"key":"REST"},{"data":"Noxious Fumes","floor":12.0,"key":"SMITH"},{"data":"Neutralize","floor":15.0,"key":"SMITH"},{"data":"Prepared","floor":23,"key":"SMITH"},{"floor":25,"key":"REST"}],"neow_cost":"NONE","seed_source_timestamp":0,"circlet_count":0,"master_deck":["Defend_G","Defend_G","Defend_G","Defend_G","Defend_G","Strike_G","Strike_G","Survivor","Neutralize+1","Prepared+1","Backflip+1","Noxious Fumes+1","Footwork+1","Prepared","Deflect","Deadly Poison","Deadly Poison","After Image","Night Terror+1","Doppelganger+1","Envenom+1","Backflip+1","Deadly Poison+1","Blur","PiercingWail"],"special_seed":0,"relics":["Ring of the Snake","NeowsBlessing","Meat on the Bone","Question Card","PreservedInsect","Astrolabe","Paper Crane","FaceOfCleric","Gremlin Horn"],"potions_floor_usage":[22,27],"damage_taken":[{"damage":0.0,"enemies":"Cultist","floor":1.0,"turns":1.0},{"damage":0.0,"enemies":"2 Louse","floor":2.0,"turns":1.0},{"damage":0.0,"enemies":"Small Slimes","floor":3.0,"turns":1.0},{"damage":12.0,"enemies":"Exordium Wildlife","floor":5.0,"turns":4.0},{"damage":29.0,"enemies":"3 Sentries","floor":7.0,"turns":10.0},{"damage":0.0,"enemies":"3 Louse","floor":11.0,"turns":6.0},{"damage":1.0,"enemies":"Blue Slaver","floor":13.0,"turns":5.0},{"damage":16.0,"enemies":"The Guardian","floor":16.0,"turns":8.0},{"damage":2.0,"enemies":"Shell Parasite","floor":18.0,"turns":6.0},{"damage":0,"enemies":"Chosen","floor":21,"turns":11},{"damage":28,"enemies":"Centurion and Healer","floor":22,"turns":9},{"damage":39,"enemies":"3 Cultists","floor":24,"turns":11},{"damage":41,"enemies":"Snecko","floor":27,"turns":5}],"seed_played":"-8882032595918140345","potions_obtained":[{"floor":2.0,"key":"FearPotion"},{"floor":3.0,"key":"GhostInAJar"},{"floor":21,"key":"Weak Potion"},{"floor":24,"key":"Poison Potion"}],"is_trial":false,"path_per_floor":["M","M","M","$","M","R","E","R","T","R","M","R","M","$","R","B",null,"M","?","?","M","M","R","M","R","T","M"],"character_chosen":"THE_SILENT","items_purchased":["Footwork","PreservedInsect"],"campfire_rested":2,"item_purchase_floors":[4,14],"current_hp_per_floor":[70,70,70,70,58,58,29,29,29,50,50,50,49,49,49,45,70,68,68,68,69,42,42,16,37,37,0],"gold":157,"neow_bonus":"THREE_ENEMY_KILL","is_prod":false,"is_daily":false,"chose_seed":false,"campfire_upgraded":5,"win_rate":0,"timestamp":1548518566,"path_taken":["M","M","M","$","?","R","E","R","T","R","M","R","M","?","R","BOSS","M","?","?","M","?","R","M","R","T","M"],"build_version":"2019-01-23","purchased_purges":0,"victory":false,"max_hp_per_floor":[70,70,70,70,70,70,70,70,70,70,70,70,70,70,70,70,70,70,70,70,71,72,72,73,73,73,73],"card_choices":[{"not_picked":["Blur","Infinite Blades"],"picked":"Prepared","floor":1.0},{"not_picked":["Deadly Poison","Deflect"],"picked":"Backflip","floor":2.0},{"not_picked":["Backflip","Dodge and Roll"],"picked":"Noxious Fumes","floor":3.0},{"not_picked":["Quick Slash","Dagger Throw"],"picked":"Prepared","floor":5.0},{"not_picked":["Reflex","Setup"],"picked":"Deflect","floor":7.0},{"not_picked":["Predator","Accuracy","Acrobatics"],"picked":"Deadly Poison","floor":11.0},{"not_picked":["Tactician","Deflect","Distraction"],"picked":"Deadly Poison","floor":13.0},{"not_picked":["Tools of the Trade","Phantasmal Killer","Glass Knife"],"picked":"After Image","floor":16.0},{"not_picked":["Blade Dance","Deflect+1","Flying Knee+1"],"picked":"Backflip+1","floor":18.0},{"not_picked":["Underhanded Strike","Heel Hook+1","Dagger Throw"],"picked":"Deadly Poison+1","floor":21},{"not_picked":["Slice","Underhanded Strike","Reflex"],"picked":"Blur","floor":22},{"not_picked":["Tactician+1","Quick Slash+1","Terror"],"picked":"PiercingWail","floor":24}],"player_experience":265285,"relics_obtained":[{"floor":7.0,"key":"Meat on the Bone"},{"floor":9.0,"key":"Question Card"},{"floor":26,"key":"Gremlin Horn"}],"event_choices":[{"damage_healed":0.0,"max_hp_gain":0.0,"max_hp_loss":0.0,"gold_gain":0.0,"event_name":"Addict","player_choice":"Obtained Relic","floor":19.0,"gold_loss":85.0,"damage_taken":0.0,"relics_obtained":["Paper Crane"]},{"damage_healed":0.0,"max_hp_gain":0.0,"max_hp_loss":0.0,"gold_gain":0.0,"event_name":"FaceTrader","player_choice":"Trade","floor":20.0,"gold_loss":0.0,"damage_taken":0.0,"relics_obtained":["FaceOfCleric"]}],"is_beta":false,"boss_relics":[{"not_picked":["Black Star","Lizard Tail"],"picked":"Astrolabe"}],"items_purged_floors":[],"is_endless":false,"potions_floor_spawned":[2,3,21,24],"killed_by":"Snecko","ascension_level":3}