{"path_per_floor":["M","M","$","?","M","E","R","M","T","R","E","?","M","M","R","B",null,"M","?","$","M","M","E","M","R","T","R","E","R","?","?","R"],"character_chosen":"THE_SILENT","items_purchased":["Bronze Scales"],"gold_per_floor":[109,123,48,48,66,95,95,108,155,155,187,187,203,213,213,313,313,326,326,77,95,111,139,155,155,155,155,190,190,190,115,115],"floor_reached":33,"campfire_rested":4,"playtime":1427,"current_hp_per_floor":[62,58,58,58,57,32,32,32,32,53,26,31,31,31,31,2,75,72,72,72,64,28,23,23,45,45,45,20,42,28,28,52],"items_purged":["Strike_G","Strike_G"],"gold":115,"score":354,"play_id":"383a72f0-d169-4995-9f0d-705ef6315b03","local_time":"20180311215315","is_prod":false,"is_daily":false,"is_ascension_mode":true,"campfire_upgraded":3,"timestamp":1520826795,"path_taken":["M","M","?","?","M","E","R","M","T","R","E","?","M","M","R","BOSS","M","?","$","M","M","E","M","R","T","R","E","R","?","?","R","BOSS"],"build_version":"2018-03-09","purchased_purges":2,"victory":false,"master_deck":["Defend_G","Defend_G","Defend_G","Defend_G","Strike_G","Strike_G","Strike_G","Survivor","Neutralize","Blade Dance","Poisoned Stab+1","Cloak And Dagger","Escape Plan","Terror+1","Backstab","Die Die Die+1","Footwork+1","Sucker Punch","PiercingWail","Burst","Malaise+1"],"max_hp_per_floor":[70,70,70,70,70,70,70,70,70,70,70,75,75,75,75,75,75,75,75,75,75,75,75,75,75,75,75,75,75,80,80,80],"relics":["White Beast Statue","Lantern","Bag of Preparation","Art of War","Sozu","Bronze Scales","Orichalcum","Ornamental Fan","Blood Vial"],"card_choices":[{"not_picked":["Calculated Gamble","Deflect"],"picked":"Blade Dance"},{"not_picked":["Deflect","Choke"],"picked":"Poisoned Stab"},{"not_picked":["Backflip","Dagger Spray"],"picked":"Cloak And Dagger"},{"not_picked":["Choke","Deflect"],"picked":"Escape Plan"},{"not_picked":["PiercingWail","Noxious Fumes"],"picked":"Terror"},{"not_picked":["Calculated Gamble","Backflip"],"picked":"Backstab"},{"not_picked":["Doppelganger","Storm of Steel"],"picked":"Die Die Die"},{"not_picked":["Backflip","Outmaneuver"],"picked":"Footwork"},{"not_picked":["Slice","Outmaneuver"],"picked":"PiercingWail"},{"not_picked":["Corpse Explosion","Poisoned Stab"],"picked":"Burst"},{"not_picked":["Backflip","Deadly Poison"],"picked":"Malaise"}],"player_experience":190207,"potions_floor_usage":[6,6,6,16,16,21,23],"damage_taken":[{"damage":8.0,"enemies":"Cultist","floor":1.0,"turns":5.0},{"damage":4.0,"enemies":"Jaw Worm","floor":2.0,"turns":4.0},{"damage":1.0,"enemies":"Small Slimes","floor":5.0,"turns":5.0},{"damage":40,"enemies":"Lagavulin","floor":6,"turns":12},{"damage":0,"enemies":"2 Fungi Beasts","floor":8,"turns":4},{"damage":27,"enemies":"Gremlin Nob","floor":11,"turns":5},{"damage":0,"enemies":"Looter","floor":13,"turns":3},{"damage":0,"enemies":"3 Louse","floor":14,"turns":5},{"damage":44,"enemies":"Hexaghost","floor":16,"turns":12},{"damage":3,"enemies":"2 Thieves","floor":18,"turns":4},{"damage":8,"enemies":"3 Byrds","floor":21,"turns":2},{"damage":36,"enemies":"Snecko","floor":22,"turns":5},{"damage":5,"enemies":"Book of Stabbing","floor":23,"turns":6},{"damage":0,"enemies":"Slaver and Parasite","floor":24,"turns":10},{"damage":25,"enemies":"Gremlin Leader","floor":28,"turns":8},{"damage":55,"enemies":"Automaton","floor":33,"turns":10}],"event_choices":[{"event_name":"The Cleric","player_choice":"Leave","floor":4.0,"damage_taken":0.0},{"event_name":"Big Fish","player_choice":"Donut","floor":12,"damage_taken":0},{"event_name":"Match and Keep!","player_choice":"1 cards matched","floor":19,"damage_taken":0},{"event_name":"Forgotten Altar","player_choice":"Shed Blood","floor":30,"damage_taken":0},{"event_name":"Beggar","player_choice":"Gave Gold","floor":31,"damage_taken":0}],"boss_relics":[{"not_picked":["Cursed Key","Orrery"],"picked":"Sozu"}],"potions_floor_spawned":[1,2,5,6,8,11,13,14,16,18,21,22,23,24,28],"seed_played":"-6903752794425488155","killed_by":"Automaton","ascension_level":4,"is_trial":false}