{"path_per_floor":["M","T","?","M","?","R","M","R","T","M","M","?","R","E","R","B",null,"M","M","$"],"character_chosen":"THE_SILENT","items_purchased":[],"gold_per_floor":[112,112,112,127,127,127,142,142,167,178,196,371,371,403,403,506,506,521,535,460],"floor_reached":21,"campfire_rested":2,"playtime":1596,"current_hp_per_floor":[70,70,70,56,23,23,34,55,55,55,41,41,70,40,40,41,70,60,40,40],"items_purged":["Doubt"],"gold":460,"play_id":"544004ee-6328-487c-b74c-458478fd61f4","is_prod":false,"is_daily":false,"is_ascension_mode":false,"campfire_upgraded":1,"path_taken":["M","?","?","M","?","R","M","R","T","M","M","?","R","E","R","BOSS","M","M","$","M"],"build_version":"2018-01-25-PROD3","purchased_purges":1,"victory":false,"master_deck":["Defend_G","Defend_G","Defend_G","Defend_G","Defend_G","Strike_G","Strike_G","Strike_G","Strike_G","Strike_G","Survivor","Neutralize","Night Terror","Deadly Poison","Noxious Fumes+1","Poisoned Stab","Noxious Fumes","Adrenaline","Bullet Time","Leg Sweep","Leg Sweep","Acrobatics","Deflect","Well Laid Plans","Prepared"],"max_hp_per_floor":[70,70,70,70,70,70,70,70,70,70,70,70,70,70,70,70,70,70,70,70],"relics":["Ring of the Snake","Peace Pipe","Matryoshka","Meat on the Bone","Bottled Tornado","Regal Pillow","Blood Vial","Orrery"],"card_choices":[{"not_picked":["Dagger Throw","Escape Plan"],"picked":"Deadly Poison"},{"not_picked":["Quick Slash","Outmaneuver"],"picked":"Noxious Fumes"},{"not_picked":["Sucker Punch","Dagger Throw"],"picked":"Poisoned Stab"},{"not_picked":["Riddle With Holes","PiercingWail"],"picked":"Noxious Fumes"},{"not_picked":["Venomology","Burst"],"picked":"Adrenaline"},{"not_picked":["Escape Plan","Calculated Gamble"],"picked":"Bullet Time"},{"not_picked":["Backflip","Outmaneuver"],"picked":"Leg Sweep"},{"not_picked":["Acrobatics","Dagger Spray"],"picked":"Leg Sweep"},{"not_picked":["Deflect","Slice"],"picked":"Acrobatics"},{"not_picked":["Slice","Endless Agony"],"picked":"Deflect"},{"not_picked":["Blur","Bouncing Flask"],"picked":"Well Laid Plans"},{"not_picked":["Deflect","Caltrops"],"picked":"Prepared"}],"player_experience":124646,"potions_floor_usage":[10,16,16,21],"damage_taken":[{"damage":0,"enemies":"Blue Slaver","floor":1,"turns":6},{"damage":14,"enemies":"Cultist","floor":4,"turns":4},{"damage":1,"enemies":"2 Louse","floor":7,"turns":3},{"damage":0,"enemies":"Red Slaver","floor":10,"turns":4},{"damage":14,"enemies":"3 Louse","floor":11,"turns":4},{"damage":30,"enemies":"Gremlin Nob","floor":14,"turns":5},{"damage":13,"enemies":"Hexaghost","floor":16,"turns":10},{"damage":10,"enemies":"3 Byrds","floor":18,"turns":6},{"damage":22,"enemies":"Shell Parasite","floor":19,"turns":6},{"damage":46,"enemies":"3 Cultists","floor":21,"turns":5}],"event_choices":[{"event_name":"Big Fish","player_choice":"Box","floor":3,"damage_taken":0},{"event_name":"Scrap Ooze","player_choice":"success","floor":5,"damage_taken":33},{"event_name":"Liars Game","player_choice":"agreed","floor":12,"damage_taken":0}],"boss_relics":[{"not_picked":["Ectoplasm","Lizard Tail"],"picked":"Orrery"}],"potions_floor_spawned":[7,10,14,19],"seed_played":"8271233452550289892","killed_by":"3 Cultists","ascension_level":0,"is_trial":false}