{"gold_per_floor":[117,117,117,42,42,42,70,70,70,102,114,140,140,215,215,292,292,306,336,356,356,372,372,97,153,153,153,170,170,184,184,184,261,261,272,272,25,35,53,53,3,18,43,55,84,96,122,356,368,380],"floor_reached":50,"playtime":1752,"items_purged":["Strike_B","Strike_B+1","Zap"],"score":1102,"play_id":"bfeaffbb-526a-4124-b9c0-c44d43ad081f","local_time":"20190218211621","is_ascension_mode":true,"campfire_choices":[{"floor":6.0,"key":"REST"},{"data":"Defragment","floor":8.0,"key":"SMITH"},{"data":"Doom and Gloom","floor":13.0,"key":"SMITH"},{"floor":15.0,"key":"REST"},{"floor":23.0,"key":"REST"},{"floor":29.0,"key":"REST"},{"floor":32.0,"key":"REST"},{"floor":40,"key":"REST"},{"floor":44,"key":"REST"},{"floor":46,"key":"REST"},{"floor":49,"key":"REST"}],"neow_cost":"NONE","seed_source_timestamp":0,"circlet_count":0,"master_deck":["AscendersBane","Strike_B+1","Strike_B+1","Defend_B+1","Defend_B+1","Defend_B+1","Defend_B+1","Dualcast+1","Doom and Gloom+1","Defragment+1","Coolheaded","Ball Lightning","Sunder","Amplify","Chaos+1","Redo+1","Capacitor","White Noise+1","Glacier","Barrage+1","Machine Learning","Loop","Force Field+1","Turbo+1","Conserve Battery+1"],"special_seed":0,"relics":["FrozenCore","NeowsBlessing","Smiling Mask","Mercury Hourglass","Vajra","Art of War","Ancient Tea Set","Red Mask","Tiny Chest","Blood Vial","Velvet Choker","Strawberry","MawBank"],"potions_floor_usage":[38,39,50,50],"damage_taken":[{"damage":0.0,"enemies":"Small Slimes","floor":1.0,"turns":1.0},{"damage":0.0,"enemies":"Gremlin Nob","floor":7.0,"turns":1.0},{"damage":0.0,"enemies":"Lagavulin","floor":10.0,"turns":1.0},{"damage":4.0,"enemies":"Jaw Worm","floor":11.0,"turns":3.0},{"damage":11.0,"enemies":"Gremlin Nob","floor":12.0,"turns":3.0},{"damage":14.0,"enemies":"Slime Boss","floor":16.0,"turns":7.0},{"damage":5.0,"enemies":"3 Byrds","floor":18.0,"turns":3.0},{"damage":38.0,"enemies":"Masked Bandits","floor":19.0,"turns":4.0},{"damage":5.0,"enemies":"Shell Parasite","floor":20.0,"turns":6.0},{"damage":0.0,"enemies":"Snake Plant","floor":22.0,"turns":4.0},{"damage":14.0,"enemies":"Slavers","floor":25.0,"turns":5.0},{"damage":0.0,"enemies":"Cultist and Chosen","floor":28.0,"turns":6.0},{"damage":11.0,"enemies":"Chosen and Byrds","floor":30.0,"turns":6.0},{"damage":17.0,"enemies":"Champ","floor":33.0,"turns":14.0},{"damage":8,"enemies":"Orb Walker","floor":35,"turns":4},{"damage":31,"enemies":"3 Darklings","floor":38,"turns":6},{"damage":10,"enemies":"Maw","floor":39,"turns":7},{"damage":12,"enemies":"Transient","floor":42,"turns":6},{"damage":35,"enemies":"Writhing Mass","floor":45,"turns":7},{"damage":13,"enemies":"4 Shapes","floor":47,"turns":3},{"damage":92,"enemies":"Awakened One","floor":50,"turns":5}],"seed_played":"-7077689682028843304","potions_obtained":[{"floor":1.0,"key":"LiquidBronze"},{"floor":7.0,"key":"Ancient Potion"},{"floor":19.0,"key":"SkillPotion"},{"floor":25.0,"key":"Explosive Potion"},{"floor":28.0,"key":"LiquidBronze"},{"floor":30.0,"key":"Block Potion"},{"floor":38,"key":"Strength Potion"},{"floor":39,"key":"Fire Potion"},{"floor":45,"key":"Poison Potion"}],"is_trial":false,"path_per_floor":["M","?","?","$","?","R","E","R","T","E","M","E","R","?","R","B",null,"M","?","M","?","M","R","$","E","T","?","M","R","M","?","R","B",null,"M","?","$","M","M","R","$","M","T","R","M","R","M","?","R","B"],"character_chosen":"DEFECT","items_purchased":["Capacitor","FocusPotion","AttackPotion","Strawberry","FocusPotion"],"campfire_rested":9,"item_purchase_floors":[24,24,24,37,37],"current_hp_per_floor":[64,43,48,48,30,52,52,52,52,52,48,37,37,26,48,34,66,61,23,18,18,18,40,40,26,26,26,28,50,41,41,63,48,69,63,63,70,41,33,57,57,47,47,71,38,62,51,51,75,0],"gold":380,"neow_bonus":"THREE_ENEMY_KILL","is_prod":false,"is_daily":false,"chose_seed":false,"campfire_upgraded":2,"win_rate":0,"timestamp":1550542581,"path_taken":["M","?","?","$","?","R","E","R","T","E","M","E","R","?","R","BOSS","M","?","M","?","M","R","$","E","T","?","M","R","M","?","R","BOSS","M","?","$","M","M","R","$","M","T","R","M","R","M","?","R","BOSS"],"build_version":"2019-01-23","purchased_purges":3,"victory":false,"max_hp_per_floor":[71,71,76,76,76,76,76,76,76,76,76,76,76,76,76,76,76,76,76,76,76,76,76,76,76,76,76,76,76,76,76,76,76,76,76,76,83,83,83,83,83,83,83,83,83,83,83,83,83,83],"card_choices":[{"not_picked":["Force Field","Turbo"],"picked":"Doom and Gloom","floor":1.0},{"not_picked":["Compile Driver","Gash"],"picked":"Defragment","floor":7.0},{"not_picked":["All For One","Melter"],"picked":"Coolheaded","floor":10.0},{"not_picked":["Recycle","Streamline"],"picked":"Ball Lightning","floor":11.0},{"not_picked":["Hologram","FTL"],"picked":"Sunder","floor":12.0},{"not_picked":["Reboot","All For One"],"picked":"Amplify","floor":16.0},{"not_picked":["Sweeping Beam","Rebound"],"picked":"Chaos+1","floor":18.0},{"not_picked":["Rebound","Conserve Battery"],"picked":"Redo+1","floor":19.0},{"not_picked":["Conserve Battery","Redo","Compile Driver"],"picked":"SKIP","floor":20.0},{"not_picked":["Aggregate","Gash","Amplify"],"picked":"SKIP","floor":22.0},{"not_picked":["Lockon+1","Cold Snap+1"],"picked":"White Noise+1","floor":25.0},{"not_picked":["Beam Cell","Heatsinks"],"picked":"Glacier","floor":28.0},{"not_picked":["Hologram","Steam"],"picked":"Barrage+1","floor":30.0},{"not_picked":["Amplify","Meteor Strike"],"picked":"Machine Learning","floor":33.0},{"not_picked":["Barrage","Stack"],"picked":"Loop","floor":35},{"not_picked":["Sweeping Beam","Redo","Cold Snap+1"],"picked":"SKIP","floor":38},{"not_picked":["Cold Snap","Gash+1"],"picked":"Force Field+1","floor":39},{"not_picked":["Steam","Ball Lightning"],"picked":"Turbo+1","floor":42},{"not_picked":["Barrage","Multi-Cast"],"picked":"Conserve Battery+1","floor":45},{"not_picked":["Steam+1","Coolheaded","Streamline+1"],"picked":"SKIP","floor":47}],"player_experience":305092,"relics_obtained":[{"floor":7.0,"key":"Mercury Hourglass"},{"floor":9.0,"key":"Vajra"},{"floor":10.0,"key":"Art of War"},{"floor":12.0,"key":"Ancient Tea Set"},{"floor":19.0,"key":"Red Mask"},{"floor":25.0,"key":"Tiny Chest"},{"floor":26.0,"key":"Blood Vial"},{"floor":43,"key":"MawBank"}],"event_choices":[{"damage_healed":0.0,"max_hp_gain":0.0,"max_hp_loss":0.0,"gold_gain":0.0,"event_name":"Shining Light","player_choice":"Entered Light","floor":2.0,"gold_loss":0.0,"damage_taken":21.0,"cards_upgraded":["Defend_B","Dualcast"]},{"damage_healed":0.0,"max_hp_gain":5.0,"max_hp_loss":0.0,"gold_gain":0.0,"event_name":"Big Fish","player_choice":"Donut","floor":3.0,"gold_loss":0.0,"damage_taken":0.0},{"damage_healed":0.0,"max_hp_gain":0.0,"max_hp_loss":0.0,"gold_gain":0.0,"event_name":"Scrap Ooze","player_choice":"Success","floor":5.0,"gold_loss":0.0,"damage_taken":18.0,"relics_obtained":["Smiling Mask"]},{"damage_healed":0.0,"max_hp_gain":0.0,"max_hp_loss":0.0,"gold_gain":75.0,"event_name":"World of Goop","player_choice":"Gather Gold","floor":14.0,"gold_loss":0.0,"damage_taken":11.0},{"damage_healed":0.0,"max_hp_gain":0.0,"max_hp_loss":0.0,"gold_gain":0.0,"event_name":"Masked Bandits","player_choice":"Fought Bandits","floor":19.0,"gold_loss":0.0,"damage_taken":0.0},{"damage_healed":0.0,"max_hp_gain":0.0,"max_hp_loss":0.0,"gold_gain":0.0,"event_name":"Back to Basics","player_choice":"Simplicity","floor":21.0,"gold_loss":0.0,"damage_taken":0.0,"cards_upgraded":["Strike_B","Strike_B","Strike_B","Defend_B","Defend_B","Defend_B"]},{"damage_healed":0.0,"max_hp_gain":0.0,"max_hp_loss":0.0,"gold_gain":0.0,"event_name":"Vampires","player_choice":"Ignored","floor":27.0,"gold_loss":0.0,"damage_taken":0.0},{"damage_healed":0.0,"max_hp_gain":0.0,"max_hp_loss":0.0,"gold_gain":0.0,"event_name":"The Mausoleum","player_choice":"Ignored","floor":31.0,"gold_loss":0.0,"damage_taken":0.0},{"damage_healed":0,"gold_gain":0,"player_choice":"Memory 1","damage_taken":0,"max_hp_gain":0,"max_hp_loss":0,"event_name":"SensoryStone","floor":36,"gold_loss":0},{"damage_healed":0,"gold_gain":222,"player_choice":"Wore Mask","damage_taken":0,"max_hp_gain":0,"max_hp_loss":0,"event_name":"Tomb of Lord Red Mask","floor":48,"gold_loss":0}],"is_beta":false,"boss_relics":[{"not_picked":["Tiny House","Nuclear Battery"],"picked":"FrozenCore"},{"not_picked":["Cursed Key","White Beast Statue"],"picked":"Velvet Choker"}],"items_purged_floors":[4,24,41],"is_endless":false,"potions_floor_spawned":[1,7,19,25,28,30,38,39,45],"killed_by":"Awakened One","ascension_level":20}