{"gold_per_floor":[114,134,134,145,164,197,197,212,236,267,277,277,277,290,290,364,364,375,375,375,43,56,56,86,99,99,113,148,160,160,193,193,264,264,274,294,14,14,31,31,85,85,111,127,127,137,137,68,68,68],"floor_reached":51,"playtime":3324,"items_purged":["Beam Cell"],"score":1191,"play_id":"495ad5d9-073d-45e6-8037-e184acca3ea9","local_time":"20180826181414","is_ascension_mode":true,"campfire_choices":[{"floor":7,"key":"REST"},{"data":"Static Discharge","floor":13,"key":"SMITH"},{"floor":15,"key":"REST"},{"data":"Defragment","floor":23,"key":"SMITH"},{"data":"Blizzard","floor":30,"key":"SMITH"},{"data":"Static Discharge","floor":32,"key":"SMITH"},{"data":"Defragment","floor":40,"key":"SMITH"},{"data":"Machine Learning","floor":42,"key":"SMITH"},{"data":"Storm","floor":47,"key":"SMITH"},{"data":"Defragment","floor":49,"key":"SMITH"}],"neow_cost":"NONE","seed_source_timestamp":272264730566677,"circlet_count":0,"master_deck":["Zap","Dualcast","AscendersBane","Machine Learning+1","Steam","Conserve Battery","Glacier","Cold Snap","Genetic Algorithm","Core Surge","Static Discharge+1","Storm+1","Seek","Sweeping Beam","Conserve Battery","Defragment+1","Chill","Redo+1","Barrage","Chill","Auto Shields","Blizzard+1","Sunder","Static Discharge+1","Hologram","Compile Driver","Compile Driver","Creative AI","Genetic Algorithm+1","Defragment+1","Force Field","Mayhem","Defragment+1"],"relics":["Cracked Core","Bird Faced Urn","Omamori","Orichalcum","Pandora\u0027s Box","MutagenicStrength","Lee\u0027s Waffle","Ancient Tea Set","Singing Bowl","Bronze Scales","Calipers","Busted Crown","Bag of Marbles","Ginger","War Paint"],"potions_floor_usage":[1,6,10,12,16,28,41,41,50],"damage_taken":[{"damage":6,"enemies":"Cultist","floor":1,"turns":3},{"damage":8,"enemies":"Jaw Worm","floor":2,"turns":4},{"damage":5,"enemies":"Small Slimes","floor":4,"turns":4},{"damage":8,"enemies":"3 Louse","floor":5,"turns":6},{"damage":29,"enemies":"Gremlin Nob","floor":6,"turns":5},{"damage":0,"enemies":"2 Fungi Beasts","floor":8,"turns":5},{"damage":15,"enemies":"Lagavulin","floor":10,"turns":13},{"damage":2,"enemies":"Blue Slaver","floor":11,"turns":4},{"damage":0,"enemies":"Exordium Thugs","floor":12,"turns":1},{"damage":3,"enemies":"Exordium Wildlife","floor":14,"turns":4},{"damage":39,"enemies":"The Guardian","floor":16,"turns":13},{"damage":6,"enemies":"3 Byrds","floor":18,"turns":2},{"damage":15,"enemies":"2 Thieves","floor":22,"turns":4},{"damage":18,"enemies":"Book of Stabbing","floor":24,"turns":5},{"damage":1,"enemies":"Centurion and Healer","floor":25,"turns":7},{"damage":0,"enemies":"Sentry and Sphere","floor":27,"turns":7},{"damage":17,"enemies":"Gremlin Leader","floor":28,"turns":5},{"damage":4,"enemies":"3 Cultists","floor":29,"turns":5},{"damage":14,"enemies":"Book of Stabbing","floor":31,"turns":4},{"damage":55,"enemies":"Champ","floor":33,"turns":11},{"damage":7,"enemies":"Orb Walker","floor":35,"turns":4},{"damage":21,"enemies":"3 Darklings","floor":36,"turns":5},{"damage":20,"enemies":"Spire Growth","floor":39,"turns":4},{"damage":12,"enemies":"Mysterious Sphere","floor":41,"turns":3},{"damage":1,"enemies":"Maw","floor":44,"turns":6},{"damage":17,"enemies":"4 Shapes","floor":46,"turns":5},{"damage":59,"enemies":"Donu and Deca","floor":50,"turns":8}],"seed_played":"-5842222435311340209","potions_obtained":[{"floor":1,"key":"Fruit Juice"},{"floor":2,"key":"SmokeBomb"},{"floor":5,"key":"Dexterity Potion"},{"floor":6,"key":"Ancient Potion"},{"floor":14,"key":"AttackPotion"},{"floor":22,"key":"SteroidPotion"},{"floor":24,"key":"Swift Potion"},{"floor":27,"key":"Weak Potion"},{"floor":46,"key":"Explosive Potion"}],"is_trial":false,"path_per_floor":["M","M","?","M","M","E","R","M","T","E","M","M","R","M","R","B",null,"M","?","?","$","M","R","E","M","T","M","E","M","R","E","R","B",null,"M","M","$","?","M","R","?","R","T","M","?","M","R","$","R","B"],"character_chosen":"DEFECT","items_purchased":["Blizzard","Lee\u0027s Waffle","Sunder","PowerPotion","Bag of Marbles","Defragment"],"campfire_rested":2,"item_purchase_floors":[21,21,21,37,37,48],"current_hp_per_floor":[63,55,55,50,42,13,35,37,37,24,26,28,28,29,51,18,62,62,62,62,83,70,70,62,71,71,81,70,76,76,74,74,29,73,84,81,81,81,77,77,83,83,83,93,93,92,92,92,92,64],"gold":68,"neow_bonus":"ONE_RANDOM_RARE_CARD","is_prod":false,"is_daily":false,"chose_seed":false,"campfire_upgraded":8,"win_rate":0,"timestamp":1535321654,"path_taken":["M","?","?","M","?","E","R","M","T","E","M","M","R","M","R","BOSS","M","?","?","$","?","R","E","M","T","M","E","M","R","E","R","BOSS","M","M","$","?","M","R","?","R","T","M","?","?","R","$","R","BOSS"],"build_version":"2018-08-23v2","purchased_purges":1,"victory":true,"max_hp_per_floor":[76,76,76,76,76,76,76,76,76,76,76,76,76,76,76,76,76,76,76,76,83,83,83,83,83,83,83,83,85,85,87,87,87,87,89,91,91,91,91,91,93,93,93,93,93,95,95,95,95,95],"card_choices":[{"not_picked":["Recycle","Heatsinks"],"picked":"Steam","floor":1},{"not_picked":["Leap","Darkness"],"picked":"Conserve Battery","floor":2},{"not_picked":["Streamline","Redo"],"picked":"Glacier","floor":4},{"not_picked":["Glacier","Force Field"],"picked":"Cold Snap","floor":5},{"not_picked":["Hello World","Gash"],"picked":"Genetic Algorithm","floor":6},{"not_picked":["Storm","Coolheaded"],"picked":"Core Surge","floor":8},{"not_picked":["Chaos","Rebound"],"picked":"Static Discharge","floor":10},{"not_picked":["Reprogram","Scrape","Beam Cell"],"picked":"SKIP","floor":11},{"not_picked":["Go for the Eyes","Gash"],"picked":"Storm","floor":14},{"not_picked":["Machine Learning","Rainbow"],"picked":"Seek","floor":16},{"not_picked":["Tempest","Gash"],"picked":"Auto Shields","floor":18},{"not_picked":["Fusion","Cold Snap"],"picked":"Static Discharge","floor":22},{"not_picked":["Undo","Leap","Barrage"],"picked":"SKIP","floor":24},{"not_picked":["Gash","Chaos"],"picked":"Hologram","floor":25},{"not_picked":["Barrage","Ball Lightning"],"picked":"Compile Driver","floor":27},{"not_picked":["Rainbow","Stack"],"picked":"Compile Driver","floor":28},{"not_picked":["Scrape","Compile Driver","Beam Cell"],"picked":"Singing Bowl","floor":29},{"not_picked":["Compile Driver","Chaos","Ball Lightning"],"picked":"Singing Bowl","floor":31},{"not_picked":["Biased Cognition","Buffer"],"picked":"Creative AI","floor":33},{"not_picked":["Cold Snap"],"picked":"Singing Bowl","floor":35},{"not_picked":["Conserve Battery"],"picked":"Singing Bowl","floor":36},{"not_picked":[],"picked":"Defragment","floor":39},{"not_picked":["Double Energy+1"],"picked":"Singing Bowl","floor":41},{"not_picked":[],"picked":"Force Field","floor":44},{"not_picked":[],"picked":"Mayhem","floor":45},{"not_picked":["Conserve Battery"],"picked":"Singing Bowl","floor":46}],"player_experience":481167,"relics_obtained":[{"floor":6,"key":"Bird Faced Urn"},{"floor":9,"key":"Omamori"},{"floor":10,"key":"Orichalcum"},{"floor":24,"key":"Ancient Tea Set"},{"floor":26,"key":"Singing Bowl"},{"floor":28,"key":"Bronze Scales"},{"floor":31,"key":"Calipers"},{"floor":41,"key":"Ginger"},{"floor":43,"key":"War Paint"}],"event_choices":[{"event_name":"The Woman in Blue","player_choice":"Bought 0 Potions","floor":3,"damage_taken":0},{"event_name":"Drug Dealer","player_choice":"Inject Mutagens","floor":19,"damage_taken":0},{"event_name":"Ghosts","player_choice":"Ignored","floor":20,"damage_taken":0},{"event_name":"Duplicator","player_choice":"One dupe","floor":38,"damage_taken":0},{"event_name":"Mysterious Sphere","player_choice":"Fight","floor":41,"damage_taken":0},{"event_name":"SensoryStone","player_choice":"Memory 1","floor":45,"damage_taken":0}],"is_beta":false,"boss_relics":[{"not_picked":["Empty Cage","Velvet Choker"],"picked":"Pandora\u0027s Box"},{"not_picked":["Orrery","Runic Pyramid"],"picked":"Busted Crown"}],"items_purged_floors":[37],"is_endless":false,"potions_floor_spawned":[1,2,5,6,8,14,22,24,27,39,46],"ascension_level":14}