{"path_per_floor":["M","?","M","?","$","R","E","M","T","E","?","R","M","T","R","B",null,"M","M","?","$"],"character_chosen":"THE_SILENT","items_purchased":["Cloak And Dagger","Prepared","Paper Crane","Leg Sweep"],"gold_per_floor":[116,116,127,127,29,29,63,87,87,127,202,202,226,250,250,375,375,400,423,338,6],"floor_reached":22,"campfire_rested":2,"playtime":1112,"current_hp_per_floor":[67,60,54,54,54,54,42,42,42,33,22,41,26,26,45,41,65,53,36,36,36],"items_purged":[],"gold":6,"score":192,"play_id":"e7471582-8670-4f8c-917b-5419c941565c","is_prod":false,"is_daily":false,"is_ascension_mode":false,"campfire_upgraded":1,"path_taken":["M","?","M","?","?","R","E","?","T","E","?","R","M","?","R","BOSS","M","M","?","$","M"],"build_version":"2018-02-12-PROD1","purchased_purges":0,"victory":false,"master_deck":["Defend_G","Defend_G","Defend_G","Defend_G","Defend_G","Strike_G","Strike_G","Strike_G","Strike_G","Survivor","Neutralize","Venomology","Blade Dance","Flying Knee","Finisher","Noxious Fumes+1","Backstab","Deadly Poison","Cloak And Dagger","Prepared","Well Laid Plans","Poisoned Stab","Cloak And Dagger","Deadly Poison","Storm of Steel","Outmaneuver","Leg Sweep"],"max_hp_per_floor":[70,70,70,65,65,65,65,65,65,65,65,65,65,65,65,65,65,65,65,65,65],"relics":["Orrery","Golden Idol","Unceasing Top","Bottled Flame","Peace Pipe","Orichalcum","Runic Dome","Toolbox","Paper Crane"],"card_choices":[{"not_picked":["Dagger Spray","Accuracy"],"picked":"Venomology"},{"not_picked":["Prepared","Quick Slash"],"picked":"Blade Dance"},{"not_picked":["Acrobatics","Outmaneuver"],"picked":"Flying Knee"},{"not_picked":["Expertise","PiercingWail"],"picked":"Finisher"},{"not_picked":["Flying Knee","Glass Knife"],"picked":"Noxious Fumes"},{"not_picked":["Sucker Punch","Slice"],"picked":"Backstab"},{"not_picked":["Flying Knee","PiercingWail"],"picked":"Deadly Poison"},{"not_picked":["All Out Attack","Underhanded Strike"],"picked":"Well Laid Plans"},{"not_picked":["Cloak And Dagger","Heel Hook"],"picked":"Poisoned Stab"},{"not_picked":["Skewer","Distraction"],"picked":"Cloak And Dagger"},{"not_picked":["Dash","Riddle With Holes"],"picked":"Deadly Poison"},{"not_picked":["Night Terror","Phantasmal Killer"],"picked":"Storm of Steel"},{"not_picked":["Skewer","Dodge and Roll"],"picked":"Outmaneuver"}],"player_experience":72753,"potions_floor_usage":[7,10,10,16,16,18,22,22,22],"damage_taken":[{"damage":3,"enemies":"Small Slimes","floor":1,"turns":3},{"damage":6,"enemies":"Jaw Worm","floor":3,"turns":2},{"damage":12,"enemies":"Lagavulin","floor":7,"turns":6},{"damage":0,"enemies":"2 Louse","floor":8,"turns":2},{"damage":9,"enemies":"3 Sentries","floor":10,"turns":4},{"damage":15,"enemies":"Gremlin Gang","floor":13,"turns":4},{"damage":4,"enemies":"Slime Boss","floor":16,"turns":8},{"damage":12,"enemies":"Chosen","floor":18,"turns":6},{"damage":17,"enemies":"Spheric Guardian","floor":19,"turns":5},{"damage":50,"enemies":"Cultist and Chosen","floor":22,"turns":8}],"event_choices":[{"event_name":"Golden Wing","player_choice":"Card Removal","floor":2,"damage_taken":0},{"event_name":"Golden Idol","player_choice":"Lose Max HP","floor":4,"damage_taken":0},{"event_name":"World of Goop","player_choice":"Gather Gold","floor":11,"damage_taken":0},{"event_name":"Addict","player_choice":"Obtained Relic","floor":20,"damage_taken":0}],"boss_relics":[{"not_picked":["Cursed Key","Philosopher\u0027s Stone"],"picked":"Runic Dome"}],"potions_floor_spawned":[3,8,10,13],"seed_played":"-5807655554107764165","killed_by":"Cultist and Chosen","ascension_level":0,"is_trial":false}