{"gold_per_floor":[115,115,133,153,170,170,203,203,230,248,262,290,290,310,310,415,415,430,30,30,49,49,77,77,103,103,103,103,122,37,66,66,168,168,182,193,205,215,215,215,235,265,265,37,37,37,0,26,26,26],"floor_reached":51,"playtime":2409,"items_purged":["Regret"],"score":1106,"play_id":"e788b6cb-47c7-4672-89ef-05be11e383c0","local_time":"20190126153459","is_ascension_mode":true,"campfire_choices":[{"data":"Armaments","floor":6.0,"key":"SMITH"},{"floor":8.0,"key":"REST"},{"data":"Barricade","floor":15.0,"key":"SMITH"},{"data":"Offering","floor":24.0,"key":"SMITH"},{"data":"Body Slam","floor":28.0,"key":"SMITH"},{"floor":32.0,"key":"DIG"},{"data":"Whirlwind","floor":40.0,"key":"SMITH"},{"data":"Disarm","floor":46.0,"key":"SMITH"},{"floor":49,"key":"DIG"}],"neow_cost":"NONE","seed_source_timestamp":0,"circlet_count":0,"master_deck":["Strike_R","Strike_R","Defend_R","Defend_R","Defend_R","Defend_R","Bash","Barricade+1","Shrug It Off","Armaments+1","Battle Trance","Pommel Strike","Body Slam+1","Juggernaut+1","Offering+1","Ghostly","Ghostly","Ghostly","Ghostly","Ghostly","Infernal Blade+1","Warcry+1","Feel No Pain+1","Shockwave+1","Flex+1","Whirlwind+1","Intimidate+1","Disarm+1","Parasite","Dramatic Entrance"],"special_seed":0,"relics":["Burning Blood","Oddly Smooth Stone","Bag of Marbles","Boot","Red Skull","Pantograph","Cursed Key","Mercury Hourglass","Strawberry","Gremlin Horn","Paper Frog","Meat on the Bone","Lantern","Shovel","Bottled Tornado","Astrolabe","Bottled Flame","Letter Opener","Orichalcum","Red Mask","Pear","Mummified Hand"],"potions_floor_usage":[50,50,50],"damage_taken":[{"damage":5.0,"enemies":"Jaw Worm","floor":1.0,"turns":4.0},{"damage":14.0,"enemies":"Cultist","floor":3.0,"turns":5.0},{"damage":6.0,"enemies":"2 Louse","floor":4.0,"turns":4.0},{"damage":21.0,"enemies":"Exordium Thugs","floor":5.0,"turns":6.0},{"damage":30.0,"enemies":"3 Sentries","floor":7.0,"turns":9.0},{"damage":5.0,"enemies":"Looter","floor":10.0,"turns":4.0},{"damage":0.0,"enemies":"Large Slime","floor":11.0,"turns":5.0},{"damage":24.0,"enemies":"Lagavulin","floor":12.0,"turns":8.0},{"damage":15.0,"enemies":"Exordium Thugs","floor":14.0,"turns":6.0},{"damage":50.0,"enemies":"Slime Boss","floor":16.0,"turns":12.0},{"damage":6.0,"enemies":"Chosen","floor":18.0,"turns":5.0},{"damage":7.0,"enemies":"2 Thieves","floor":21.0,"turns":3.0},{"damage":11.0,"enemies":"Gremlin Leader","floor":23.0,"turns":8.0},{"damage":6.0,"enemies":"Slavers","floor":25.0,"turns":6.0},{"damage":3.0,"enemies":"Snake Plant","floor":29.0,"turns":3.0},{"damage":2.0,"enemies":"Gremlin Leader","floor":31.0,"turns":7.0},{"damage":17.0,"enemies":"Champ","floor":33.0,"turns":10.0},{"damage":2.0,"enemies":"Orb Walker","floor":35.0,"turns":5.0},{"damage":2.0,"enemies":"3 Darklings","floor":36.0,"turns":5.0},{"damage":7.0,"enemies":"Sphere and 2 Shapes","floor":37.0,"turns":4.0},{"damage":2.0,"enemies":"Jaw Worm Horde","floor":38.0,"turns":4.0},{"damage":0.0,"enemies":"4 Shapes","floor":41.0,"turns":3.0},{"damage":1.0,"enemies":"Reptomancer","floor":42.0,"turns":5.0},{"damage":0,"enemies":"Nemesis","floor":48,"turns":8},{"damage":24,"enemies":"Awakened One","floor":50,"turns":11}],"seed_played":"5224854152610462228","potions_obtained":[{"floor":1.0,"key":"SneckoOil"},{"floor":3.0,"key":"PowerPotion"},{"floor":12.0,"key":"Block Potion"},{"floor":21.0,"key":"Fire Potion"},{"floor":25.0,"key":"Weak Potion"},{"floor":36.0,"key":"SkillPotion"},{"floor":41.0,"key":"PowerPotion"}],"is_trial":false,"path_per_floor":["M","?","M","M","M","R","E","R","T","M","M","E","T","M","R","B",null,"M","$","?","M","$","E","R","E","T","?","R","M","?","E","R","B",null,"M","M","M","M","?","R","M","E","T","$","?","R","?","E","R","B",null],"character_chosen":"IRONCLAD","items_purchased":["Mercury Hourglass","Strawberry","Orichalcum"],"campfire_rested":1,"item_purchase_floors":[19,19,44],"current_hp_per_floor":[80,80,72,72,57,57,33,57,57,58,64,46,46,37,37,18,65,65,72,43,42,42,37,37,37,37,37,37,40,40,43,43,32,40,43,43,42,43,43,43,43,43,43,43,43,43,43,53,53,35],"gold":26,"neow_bonus":"RANDOM_COMMON_RELIC","is_prod":false,"is_daily":false,"chose_seed":false,"campfire_upgraded":6,"win_rate":0,"timestamp":1548534899,"path_taken":["M","?","M","M","M","R","E","R","T","?","M","E","?","M","R","BOSS","M","$","?","M","$","E","R","E","T","?","R","?","?","E","R","BOSS","M","M","M","M","?","R","M","E","T","$","?","R","?","E","R","BOSS"],"build_version":"2019-01-23","purchased_purges":1,"victory":true,"max_hp_per_floor":[80,80,80,80,80,80,80,80,80,80,80,80,80,80,80,80,80,80,87,43,43,43,43,43,43,43,43,43,43,43,43,43,43,43,43,43,43,43,43,43,43,43,43,43,43,43,43,53,53,53],"card_choices":[{"not_picked":["Blood for Blood","Headbutt","Infernal Blade"],"picked":"SKIP","floor":1.0},{"not_picked":["Armaments","Wild Strike"],"picked":"Shrug It Off","floor":3.0},{"not_picked":["Anger","Fire Breathing"],"picked":"Armaments","floor":4.0},{"not_picked":["Iron Wave","Entrench"],"picked":"Battle Trance","floor":5.0},{"not_picked":["Sword Boomerang","Flex"],"picked":"Pommel Strike","floor":7.0},{"not_picked":["Perfected Strike","Second Wind","Twin Strike"],"picked":"SKIP","floor":10.0},{"not_picked":["Inflame","Sword Boomerang"],"picked":"Body Slam","floor":11.0},{"not_picked":["Evolve","Rupture"],"picked":"Juggernaut","floor":12.0},{"not_picked":["Body Slam","Wild Strike","Perfected Strike"],"picked":"SKIP","floor":14.0},{"not_picked":["Berserk","Exhume"],"picked":"Offering","floor":16.0},{"not_picked":["Rampage","Twin Strike","Armaments"],"picked":"SKIP","floor":18.0},{"not_picked":["Wild Strike","Evolve","Twin Strike"],"picked":"SKIP","floor":21.0},{"not_picked":["Shrug It Off","Offering"],"picked":"Infernal Blade+1","floor":23.0},{"not_picked":["Evolve","Wild Strike+1"],"picked":"Warcry+1","floor":25.0},{"not_picked":["Wild Strike","Havoc","Pommel Strike"],"picked":"SKIP","floor":29.0},{"not_picked":["Armaments","Perfected Strike+1","Iron Wave+1"],"picked":"SKIP","floor":31.0},{"not_picked":["Warcry+1","Clothesline","Sentinel+1"],"picked":"SKIP","floor":35.0},{"not_picked":["Dual Wield","Warcry"],"picked":"Whirlwind","floor":36.0},{"not_picked":["Clash","Anger+1","Heavy Blade"],"picked":"SKIP","floor":37.0},{"not_picked":["Body Slam","Barricade","Rampage"],"picked":"SKIP","floor":38.0},{"not_picked":["Shrug It Off","Warcry+1"],"picked":"Intimidate+1","floor":41.0},{"not_picked":["Clothesline+1","Body Slam+1"],"picked":"Disarm","floor":42.0},{"not_picked":["Trip","PanicButton"],"picked":"Dramatic Entrance","floor":45.0},{"not_picked":["Warcry+1","Whirlwind","True Grit"],"picked":"SKIP","floor":48}],"player_experience":144265,"relics_obtained":[{"floor":7.0,"key":"Bag of Marbles"},{"floor":9.0,"key":"Boot"},{"floor":12.0,"key":"Red Skull"},{"floor":13.0,"key":"Pantograph"},{"floor":23.0,"key":"Gremlin Horn"},{"floor":25.0,"key":"Paper Frog"},{"floor":26.0,"key":"Meat on the Bone"},{"floor":31.0,"key":"Shovel"},{"floor":32.0,"key":"Bottled Tornado"},{"floor":42.0,"key":"Bottled Flame"},{"floor":43.0,"key":"Letter Opener"},{"floor":48,"key":"Pear"},{"floor":49,"key":"Mummified Hand"}],"event_choices":[{"damage_healed":0.0,"max_hp_gain":0.0,"max_hp_loss":0.0,"gold_gain":0.0,"event_name":"Match and Keep!","player_choice":"1 cards matched","floor":2.0,"gold_loss":0.0,"damage_taken":0.0,"cards_obtained":["Barricade"]},{"damage_healed":0.0,"max_hp_gain":0.0,"max_hp_loss":44.0,"gold_gain":0.0,"event_name":"Ghosts","player_choice":"Became a Ghost","floor":20.0,"gold_loss":0.0,"damage_taken":0.0,"cards_obtained":["Ghostly","Ghostly","Ghostly","Ghostly","Ghostly"]},{"damage_healed":0.0,"max_hp_gain":0.0,"max_hp_loss":0.0,"gold_gain":0.0,"event_name":"Accursed Blacksmith","player_choice":"Forge","floor":27.0,"gold_loss":0.0,"damage_taken":0.0,"cards_upgraded":["Juggernaut"]},{"damage_healed":0.0,"max_hp_gain":0.0,"max_hp_loss":0.0,"gold_gain":0.0,"event_name":"Addict","player_choice":"Obtained Relic","floor":30.0,"gold_loss":85.0,"damage_taken":0.0,"relics_obtained":["Lantern"]},{"damage_healed":0.0,"max_hp_gain":0.0,"max_hp_loss":0.0,"gold_gain":0.0,"event_name":"Mysterious Sphere","player_choice":"Ignored","floor":39.0,"gold_loss":0.0,"damage_taken":0.0},{"damage_healed":0.0,"max_hp_gain":0.0,"max_hp_loss":0.0,"gold_gain":0.0,"event_name":"SensoryStone","player_choice":"Memory 1","floor":45.0,"gold_loss":0.0,"damage_taken":0.0},{"damage_healed":0.0,"max_hp_gain":0.0,"max_hp_loss":0.0,"gold_gain":0.0,"event_name":"Tomb of Lord Red Mask","player_choice":"Paid","floor":47.0,"gold_loss":37.0,"damage_taken":0.0,"relics_obtained":["Red Mask"]}],"is_beta":false,"boss_relics":[{"not_picked":["Black Blood","Eternal Feather"],"picked":"Cursed Key"},{"not_picked":["Lizard Tail","Runic Dome"],"picked":"Astrolabe"}],"items_purged_floors":[44],"is_endless":false,"potions_floor_spawned":[1,3,12,21,25,36,41,48],"ascension_level":5}