{"gold_per_floor":[139,139,139,152,166,166,180,212,212,223,235,248,41,71,71,71],"floor_reached":16,"playtime":595,"items_purged":[],"score":146,"play_id":"4d1b175b-6e98-457e-b7a6-dccd8ef6f3ed","local_time":"20190203213924","is_ascension_mode":true,"campfire_choices":[{"data":"True Grit","floor":6.0,"key":"SMITH"},{"data":"Bash","floor":15,"key":"SMITH"}],"neow_cost":"NONE","seed_source_timestamp":949259111505724,"circlet_count":0,"master_deck":["Strike_R","Strike_R","Strike_R","Strike_R","Strike_R","Defend_R","Defend_R","Defend_R","Defend_R","Bash+1","Heavy Blade","Intimidate","True Grit+1","Seeing Red","Iron Wave","Power Through","Pommel Strike","Evolve"],"special_seed":0,"relics":["Burning Blood","Tiny Chest","Anchor","Omamori","ClockworkSouvenir"],"potions_floor_usage":[10],"damage_taken":[{"damage":14.0,"enemies":"Small Slimes","floor":1.0,"turns":5.0},{"damage":6.0,"enemies":"2 Louse","floor":4.0,"turns":3.0},{"damage":0.0,"enemies":"Cultist","floor":5.0,"turns":3.0},{"damage":11.0,"enemies":"2 Fungi Beasts","floor":7.0,"turns":4.0},{"damage":33.0,"enemies":"Gremlin Nob","floor":8.0,"turns":5.0},{"damage":0,"enemies":"Looter","floor":10,"turns":2},{"damage":11,"enemies":"Exordium Thugs","floor":11,"turns":6},{"damage":4,"enemies":"Red Slaver","floor":12,"turns":3},{"damage":22,"enemies":"Hexaghost","floor":16,"turns":9}],"seed_played":"-6622624285559498629","potions_obtained":[{"floor":3.0,"key":"PowerPotion"},{"floor":3.0,"key":"Dexterity Potion"},{"floor":3.0,"key":"PowerPotion"},{"floor":8.0,"key":"FearPotion"}],"is_trial":false,"path_per_floor":["M","?","?","M","M","R","M","E","T","M","M","M","$","?","R","B"],"character_chosen":"IRONCLAD","items_purchased":["ClockworkSouvenir"],"campfire_rested":0,"item_purchase_floors":[13],"current_hp_per_floor":[64,69,69,69,75,75,70,43,43,49,44,46,46,46,46,24],"gold":71,"neow_bonus":"RANDOM_COMMON_RELIC","is_prod":false,"is_daily":false,"chose_seed":false,"campfire_upgraded":2,"win_rate":0,"timestamp":1549204764,"path_taken":["M","?","?","M","M","R","M","E","T","?","M","M","$","?","R","BOSS"],"build_version":"2019-01-23","purchased_purges":0,"victory":false,"max_hp_per_floor":[80,85,85,85,85,85,85,85,85,85,85,85,85,85,85,85],"card_choices":[{"not_picked":["Cleave","Twin Strike"],"picked":"Heavy Blade","floor":1.0},{"not_picked":["Bloodletting","Hemokinesis"],"picked":"Intimidate","floor":4.0},{"not_picked":["Perfected Strike","Carnage"],"picked":"True Grit","floor":5.0},{"not_picked":["Heavy Blade","Sword Boomerang"],"picked":"Seeing Red","floor":7.0},{"not_picked":["Feel No Pain","Twin Strike"],"picked":"Iron Wave","floor":8.0},{"not_picked":["Heavy Blade","Wild Strike"],"picked":"Power Through","floor":10},{"not_picked":["Bloodletting","Hemokinesis"],"picked":"Pommel Strike","floor":11},{"not_picked":["Perfected Strike","Whirlwind"],"picked":"Evolve","floor":12}],"player_experience":317163,"relics_obtained":[{"floor":8.0,"key":"Anchor"},{"floor":9.0,"key":"Omamori"}],"event_choices":[{"damage_healed":0.0,"max_hp_gain":5.0,"max_hp_loss":0.0,"gold_gain":0.0,"event_name":"Big Fish","player_choice":"Donut","floor":2.0,"gold_loss":0.0,"damage_taken":0.0},{"damage_healed":0.0,"max_hp_gain":0.0,"max_hp_loss":0.0,"gold_gain":0.0,"event_name":"Lab","player_choice":"Got Potions","floor":3.0,"gold_loss":0.0,"damage_taken":0.0},{"damage_healed":0,"gold_gain":30,"player_choice":"Searched \u00271\u0027 times","damage_taken":0,"max_hp_gain":0,"max_hp_loss":0,"event_name":"Dead Adventurer","floor":14,"gold_loss":0}],"is_beta":false,"boss_relics":[],"items_purged_floors":[],"is_endless":false,"potions_floor_spawned":[5,7,8],"killed_by":"Hexaghost","ascension_level":8}