{"gold_per_floor":[369,383,458,9,21,50,50,75,100,100],"floor_reached":10,"playtime":386,"items_purged":[],"score":148,"play_id":"7232bd17-48ca-42c5-8cbd-da8cd6bfe408","local_time":"20181107132711","is_ascension_mode":true,"campfire_choices":[{"floor":7,"key":"REST"}],"neow_cost":"TEN_PERCENT_HP_LOSS","seed_source_timestamp":86559402347378,"circlet_count":0,"master_deck":["AscendersBane","Defend_G","Defend_G","Defend_G","Defend_G","Defend_G","Strike_G","Strike_G","Strike_G","Strike_G","Strike_G","Survivor","Neutralize","Finisher","Caltrops","Mayhem","Predator","Cloak And Dagger","Crippling Poison","Leg Sweep"],"relics":["Ring of the Snake","Vajra","Boot","Bag of Preparation","PreservedInsect"],"potions_floor_usage":[6,10],"damage_taken":[{"damage":0,"enemies":"2 Louse","floor":1,"turns":3},{"damage":4,"enemies":"Small Slimes","floor":2,"turns":5},{"damage":0,"enemies":"Jaw Worm","floor":5,"turns":6},{"damage":40,"enemies":"Gremlin Nob","floor":6,"turns":5},{"damage":20,"enemies":"Lagavulin","floor":8,"turns":9},{"damage":6,"enemies":"2 Fungi Beasts","floor":10,"turns":2}],"seed_played":"3800087689812993576","potions_obtained":[{"floor":2,"key":"EssenceOfSteel"},{"floor":8,"key":"FearPotion"}],"is_trial":false,"path_per_floor":["M","M","?","$","M","E","R","E","T","M"],"character_chosen":"THE_SILENT","items_purchased":["Vajra","Mayhem","Predator"],"campfire_rested":1,"item_purchase_floors":[4,4,4],"current_hp_per_floor":[59,55,44,44,44,4,22,2,2,0],"gold":100,"neow_bonus":"TWO_FIFTY_GOLD","is_prod":false,"is_daily":false,"chose_seed":false,"campfire_upgraded":0,"win_rate":0,"timestamp":1541615231,"path_taken":["M","M","?","$","M","E","R","E","T","M"],"build_version":"2018-11-01","purchased_purges":0,"victory":false,"max_hp_per_floor":[60,60,60,60,60,60,60,60,60,60],"card_choices":[{"not_picked":["Bane","Dagger Throw"],"picked":"Finisher","floor":1},{"not_picked":["Quick Slash","Flying Knee"],"picked":"Caltrops","floor":2},{"not_picked":["Dagger Spray","Backflip"],"picked":"Cloak And Dagger","floor":5},{"not_picked":["Deflect","Riddle With Holes"],"picked":"Crippling Poison","floor":6},{"not_picked":["Grand Finale","Poisoned Stab"],"picked":"Leg Sweep","floor":8}],"player_experience":623944,"relics_obtained":[{"floor":6,"key":"Boot"},{"floor":8,"key":"Bag of Preparation"},{"floor":9,"key":"PreservedInsect"}],"event_choices":[{"damage_healed":0,"gold_gain":75,"player_choice":"Gather Gold","damage_taken":11,"max_hp_gain":0,"max_hp_loss":0,"event_name":"World of Goop","floor":3,"gold_loss":0}],"is_beta":false,"boss_relics":[],"items_purged_floors":[],"is_endless":false,"potions_floor_spawned":[2,8],"killed_by":"2 Fungi Beasts","ascension_level":19}