{"gold_per_floor":[115,290,305,2,77,77,90,90,90,101,120,133,133,150,150,224,224,234,333,333,35,55,55,87,87,111,123,135,147,173,220,232,244],"floor_reached":33,"playtime":1987,"items_purged":["Doubt"],"score":454,"play_id":"b6148c22-657e-4ff0-a288-a0121e4ec6f7","local_time":"20190205154352","is_ascension_mode":true,"campfire_choices":[{"data":"Zap","floor":6,"key":"SMITH"},{"floor":15,"key":"REST"},{"floor":23,"key":"REST"},{"floor":25,"key":"REST"},{"data":"Chaos","floor":27,"key":"SMITH"},{"data":"Defragment","floor":28,"key":"SMITH"},{"floor":32,"key":"REST"}],"neow_cost":"NONE","seed_source_timestamp":96834401342775,"circlet_count":0,"master_deck":["AscendersBane","Strike_B","Strike_B","Strike_B","Strike_B","Defend_B","Defend_B+1","Defend_B","Defend_B","Zap+1","Dualcast","Madness","Streamline+1","Sunder+1","Electrodynamics","Hologram","Tempest","Leap","Capacitor","Chill+1","Melter","Chaos+1","Core Surge","Redo+1","Defragment+1","Chaos+1","Conserve Battery","Fusion"],"relics":["Cracked Core","WingedGreaves","Nuclear Battery","Emotion Chip","War Paint","Whetstone","Bag of Marbles","MawBank","Oddly Smooth Stone"],"potions_floor_usage":[11,24,31],"damage_taken":[{"damage":1,"enemies":"Cultist","floor":1,"turns":4},{"damage":8,"enemies":"2 Louse","floor":3,"turns":3},{"damage":2,"enemies":"Jaw Worm","floor":7,"turns":3},{"damage":9,"enemies":"Red Slaver","floor":10,"turns":3},{"damage":1,"enemies":"Gremlin Gang","floor":11,"turns":2},{"damage":11,"enemies":"Exordium Wildlife","floor":12,"turns":2},{"damage":12,"enemies":"Exordium Thugs","floor":14,"turns":4},{"damage":54,"enemies":"The Guardian","floor":16,"turns":10},{"damage":11,"enemies":"Spheric Guardian","floor":18,"turns":3},{"damage":22,"enemies":"3 Byrds","floor":22,"turns":4},{"damage":12,"enemies":"Slavers","floor":24,"turns":6},{"damage":24,"enemies":"Snake Plant","floor":30,"turns":3},{"damage":31,"enemies":"Book of Stabbing","floor":31,"turns":6},{"damage":26,"enemies":"Automaton","floor":33,"turns":4}],"seed_played":"-984970112684504357","potions_obtained":[{"floor":1,"key":"SmokeBomb"},{"floor":10,"key":"AttackPotion"},{"floor":14,"key":"Dexterity Potion"},{"floor":30,"key":"FocusPotion"}],"is_trial":false,"path_per_floor":["M","?","M","$","?","R","M","$","T","M","M","M","?","M","R","B",null,"M","?","?","$","M","R","E","R","T","R","R","?","M","E","R","B"],"character_chosen":"DEFECT","items_purchased":["Electrodynamics","Hologram","Tempest","War Paint","Whetstone"],"campfire_rested":4,"item_purchase_floors":[4,4,4,21,21],"current_hp_per_floor":[67,67,59,59,48,48,46,46,46,37,36,25,50,38,60,6,58,47,47,47,47,25,47,35,57,57,57,57,57,33,2,24,0],"gold":244,"neow_bonus":"RANDOM_COLORLESS","is_prod":false,"is_daily":false,"chose_seed":false,"campfire_upgraded":3,"win_rate":0,"timestamp":1549356232,"path_taken":["M","?","M","$","?","R","?","?","T","M","?","M","?","M","R","BOSS","M","?","?","$","M","R","E","R","T","R","R","?","M","E","R","BOSS"],"build_version":"2019-01-23","purchased_purges":1,"victory":false,"max_hp_per_floor":[75,75,75,75,75,75,75,75,75,75,75,75,75,75,75,75,75,75,75,75,75,75,75,75,75,75,75,75,75,75,75,75,75],"card_choices":[{"not_picked":["Barrage","Go for the Eyes"],"picked":"Streamline","floor":1},{"not_picked":["Heatsinks","Turbo"],"picked":"Sunder","floor":3},{"not_picked":["Static Discharge","Sweeping Beam"],"picked":"Leap","floor":7},{"not_picked":["Amplify","Stack"],"picked":"Capacitor","floor":10},{"not_picked":["Leap","Rebound"],"picked":"Chill","floor":11},{"not_picked":["Ball Lightning","Redo"],"picked":"Melter","floor":12},{"not_picked":["Hologram","Lockon"],"picked":"Chaos","floor":14},{"not_picked":["Buffer","Machine Learning"],"picked":"Core Surge","floor":16},{"not_picked":["Rebound","Sweeping Beam"],"picked":"Redo+1","floor":18},{"not_picked":["Turbo+1","Gash"],"picked":"Defragment","floor":22},{"not_picked":["Stack","Coolheaded"],"picked":"Chaos+1","floor":24},{"not_picked":["Ball Lightning","Sweeping Beam"],"picked":"Conserve Battery","floor":30},{"not_picked":["Gash","Sweeping Beam"],"picked":"Fusion","floor":31}],"player_experience":324268,"relics_obtained":[{"floor":9,"key":"WingedGreaves"},{"floor":24,"key":"Bag of Marbles"},{"floor":26,"key":"MawBank"},{"floor":31,"key":"Oddly Smooth Stone"}],"event_choices":[{"damage_healed":0,"gold_gain":175,"player_choice":"AGREE","damage_taken":0,"max_hp_gain":0,"max_hp_loss":0,"event_name":"Liars Game","floor":2,"gold_loss":0,"cards_obtained":["Doubt"]},{"damage_healed":0,"gold_gain":75,"player_choice":"Gather Gold","damage_taken":11,"max_hp_gain":0,"max_hp_loss":0,"event_name":"World of Goop","floor":5,"gold_loss":0},{"damage_healed":25,"gold_gain":0,"player_choice":"Banana","damage_taken":0,"max_hp_gain":0,"max_hp_loss":0,"event_name":"Big Fish","floor":13,"gold_loss":0},{"damage_healed":0,"gold_gain":99,"player_choice":"Stole From Cult","damage_taken":0,"max_hp_gain":0,"max_hp_loss":0,"event_name":"Nest","floor":19,"gold_loss":0},{"damage_healed":0,"gold_gain":0,"player_choice":"Opened","damage_taken":0,"relics_obtained":["Emotion Chip"],"max_hp_gain":0,"max_hp_loss":0,"event_name":"The Mausoleum","floor":20,"gold_loss":0},{"damage_healed":0,"gold_gain":0,"player_choice":"Ignored","damage_taken":0,"max_hp_gain":0,"max_hp_loss":0,"event_name":"Vampires","floor":29,"gold_loss":0}],"is_beta":false,"boss_relics":[{"not_picked":["Orrery","Runic Pyramid"],"picked":"Nuclear Battery"}],"items_purged_floors":[4],"is_endless":false,"potions_floor_spawned":[1,10,14,16,30],"killed_by":"Automaton","ascension_level":13}