{"gold_per_floor":[111,111,121,137,58,58,89,106,106,106,131,146,65,140,140,235,235,253,253,273,283,299,299,64,64],"floor_reached":25,"playtime":975,"items_purged":[],"score":320,"play_id":"e478ada7-e619-4262-b80e-ae8fcb95a6c8","local_time":"20190201003322","is_ascension_mode":true,"campfire_choices":[{"data":"Metallicize","floor":6,"key":"SMITH"},{"floor":10,"key":"REST"},{"floor":15,"key":"REST"},{"floor":23,"key":"REST"}],"neow_cost":"NONE","seed_source_timestamp":41410668131461,"circlet_count":0,"master_deck":["AscendersBane","Strike_R","Strike_R","Strike_R","Strike_R","Defend_R","Defend_R","Defend_R","Defend_R","Bash","Metallicize+1","Thunderclap","Clothesline","Corruption","Flame Barrier","Disarm","Metallicize","Dark Embrace","Seeing Red","Intimidate"],"relics":["Burning Blood","NeowsBlessing","Sundial","Singing Bowl","Kunai","Bottled Tornado","Busted Crown","Regal Pillow"],"potions_floor_usage":[11,16,21],"damage_taken":[{"damage":0,"enemies":"Small Slimes","floor":1,"turns":1},{"damage":0,"enemies":"Cultist","floor":3,"turns":1},{"damage":0,"enemies":"2 Louse","floor":4,"turns":1},{"damage":41,"enemies":"Gremlin Nob","floor":7,"turns":5},{"damage":9,"enemies":"Red Slaver","floor":8,"turns":5},{"damage":29,"enemies":"3 Sentries","floor":11,"turns":11},{"damage":20,"enemies":"Lots of Slimes","floor":12,"turns":6},{"damage":27,"enemies":"The Guardian","floor":16,"turns":20},{"damage":3,"enemies":"3 Byrds","floor":18,"turns":4},{"damage":1,"enemies":"Shell Parasite","floor":20,"turns":6},{"damage":38,"enemies":"Sentry and Sphere","floor":21,"turns":8},{"damage":46,"enemies":"3 Cultists","floor":22,"turns":7},{"damage":41,"enemies":"Book of Stabbing","floor":25,"turns":8}],"seed_played":"8942451489977850344","potions_obtained":[{"floor":1,"key":"Poison Potion"},{"floor":4,"key":"Dexterity Potion"},{"floor":8,"key":"Block Potion"},{"floor":20,"key":"Swift Potion"},{"floor":21,"key":"Ancient Potion"},{"floor":22,"key":"LiquidBronze"}],"is_trial":false,"path_per_floor":["M","?","M","M","$","R","E","M","T","R","E","M","$","?","R","B",null,"M","?","M","M","M","R","$","E"],"character_chosen":"IRONCLAD","items_purchased":["Corruption","Metallicize","Regal Pillow","Intimidate"],"campfire_rested":3,"item_purchase_floors":[5,13,24,24],"current_hp_per_floor":[78,78,80,80,80,80,45,42,42,66,45,33,33,22,47,26,70,75,75,82,52,12,39,39,0],"gold":64,"neow_bonus":"THREE_ENEMY_KILL","is_prod":false,"is_daily":false,"chose_seed":false,"campfire_upgraded":1,"win_rate":0,"timestamp":1548999202,"path_taken":["M","?","?","M","?","R","E","M","T","R","E","M","$","?","R","BOSS","M","?","M","?","M","R","?","E"],"build_version":"2019-01-23","purchased_purges":0,"victory":false,"max_hp_per_floor":[80,80,80,80,80,80,80,80,80,80,82,84,84,84,84,84,84,86,86,88,90,90,90,90,90],"card_choices":[{"not_picked":["Feel No Pain","Hemokinesis"],"picked":"Metallicize","floor":1},{"not_picked":["Clash","Twin Strike"],"picked":"Thunderclap","floor":3},{"not_picked":["Anger","Flex"],"picked":"Clothesline","floor":4},{"not_picked":["Infernal Blade","Searing Blow"],"picked":"Flame Barrier","floor":7},{"not_picked":["Flex","Armaments"],"picked":"Disarm","floor":8},{"not_picked":["Fiend Fire","Second Wind","Armaments"],"picked":"Singing Bowl","floor":11},{"not_picked":["True Grit","Sword Boomerang","Twin Strike"],"picked":"Singing Bowl","floor":12},{"not_picked":["Immolate","Demon Form"],"picked":"Dark Embrace","floor":16},{"not_picked":["Clash"],"picked":"Singing Bowl","floor":18},{"not_picked":["Clash"],"picked":"Singing Bowl","floor":20},{"not_picked":["Thunderclap"],"picked":"Singing Bowl","floor":21},{"not_picked":[],"picked":"Seeing Red","floor":22}],"player_experience":195220,"relics_obtained":[{"floor":7,"key":"Singing Bowl"},{"floor":9,"key":"Kunai"},{"floor":11,"key":"Bottled Tornado"}],"event_choices":[{"damage_healed":0,"gold_gain":0,"player_choice":"Gave Potion","damage_taken":0,"relics_obtained":["Sundial"],"max_hp_gain":0,"max_hp_loss":0,"event_name":"WeMeetAgain","floor":2,"gold_loss":0},{"damage_healed":0,"gold_gain":75,"player_choice":"Gather Gold","damage_taken":11,"max_hp_gain":0,"max_hp_loss":0,"event_name":"World of Goop","floor":14,"gold_loss":0},{"cards_removed":["Strike_R"],"damage_healed":0,"gold_gain":0,"player_choice":"Card Removal","damage_taken":0,"max_hp_gain":0,"max_hp_loss":0,"event_name":"Wheel of Change","floor":19,"gold_loss":0}],"is_beta":false,"boss_relics":[{"not_picked":["Sozu","Calling Bell"],"picked":"Busted Crown"}],"items_purged_floors":[],"is_endless":false,"potions_floor_spawned":[1,4,8,20,21,22],"killed_by":"Book of Stabbing","ascension_level":10}