{"gold_per_floor":[119,65,82,94,94,126,126,159,159,159,174,130,156,236,236,236],"floor_reached":16,"playtime":619,"items_purged":[],"score":220,"play_id":"5a6eb81a-7500-4eb1-854b-f0de7c7a7002","local_time":"20190201092510","is_ascension_mode":true,"campfire_choices":[{"floor":7,"key":"REST"},{"floor":10,"key":"REST"},{"data":"Skewer","floor":15,"key":"SMITH"}],"neow_cost":"NONE","seed_source_timestamp":807011019898739,"circlet_count":0,"master_deck":["AscendersBane","Defend_G","Defend_G","Defend_G","Defend_G","Defend_G","Strike_G","Strike_G","Strike_G","Strike_G","Survivor","Neutralize","Acrobatics","Deadly Poison","Bouncing Flask","Blur","Skewer+1","Backflip","Leg Sweep","Die Die Die","Blur","Masterful Stab"],"relics":["Ring of the Snake","Art of War","Dream Catcher","Mummified Hand","The Courier","Odd Mushroom","Gremlin Horn"],"potions_floor_usage":[6,13,16],"damage_taken":[{"damage":0,"enemies":"Cultist","floor":1,"turns":4},{"damage":0,"enemies":"Jaw Worm","floor":3,"turns":5},{"damage":8,"enemies":"Small Slimes","floor":4,"turns":3},{"damage":27,"enemies":"Gremlin Nob","floor":6,"turns":4},{"damage":26,"enemies":"Lagavulin","floor":8,"turns":6},{"damage":6,"enemies":"Looter","floor":11,"turns":3},{"damage":8,"enemies":"Exordium Thugs","floor":12,"turns":5},{"damage":0,"enemies":"The Mushroom Lair","floor":13,"turns":2},{"damage":27,"enemies":"Slime Boss","floor":16,"turns":7}],"seed_played":"-7469019535203615010","potions_obtained":[{"floor":3,"key":"EssenceOfSteel"},{"floor":6,"key":"Weak Potion"},{"floor":8,"key":"Fire Potion"},{"floor":11,"key":"Swift Potion"}],"is_trial":false,"path_per_floor":["M","$","M","M","?","E","R","E","T","R","M","M","?","T","R","B"],"character_chosen":"THE_SILENT","items_purchased":["Deadly Poison"],"campfire_rested":2,"item_purchase_floors":[2],"current_hp_per_floor":[59,59,59,51,51,24,43,17,17,36,30,22,22,22,22,0],"gold":236,"neow_bonus":"RANDOM_COMMON_RELIC","is_prod":false,"is_daily":false,"chose_seed":false,"campfire_upgraded":1,"win_rate":0,"timestamp":1549031110,"path_taken":["M","$","M","M","?","E","R","E","T","R","M","?","?","?","R","BOSS"],"build_version":"2019-01-23","purchased_purges":0,"victory":false,"max_hp_per_floor":[66,66,66,66,66,66,66,66,66,66,66,66,66,66,66,66],"card_choices":[{"not_picked":["Prepared","Bane"],"picked":"Acrobatics","floor":1},{"not_picked":["Dagger Spray","Deadly Poison"],"picked":"Bouncing Flask","floor":3},{"not_picked":["Bullet Time","Underhanded Strike"],"picked":"Blur","floor":4},{"not_picked":["Masterful Stab","Skewer","Underhanded Strike"],"picked":"SKIP","floor":6},{"not_picked":["Masterful Stab","Underhanded Strike"],"picked":"Skewer","floor":6},{"not_picked":["Dagger Spray","Outmaneuver"],"picked":"Backflip","floor":8},{"not_picked":["Poisoned Stab","Blade Dance"],"picked":"Leg Sweep","floor":10},{"not_picked":["Flying Knee","Prepared"],"picked":"Die Die Die","floor":11},{"not_picked":["Quick Slash","Slice"],"picked":"Blur","floor":12},{"not_picked":["Slice","Outmaneuver"],"picked":"Masterful Stab","floor":13}],"player_experience":787901,"relics_obtained":[{"floor":6,"key":"Dream Catcher"},{"floor":8,"key":"Mummified Hand"},{"floor":9,"key":"The Courier"},{"floor":13,"key":"Odd Mushroom"},{"floor":14,"key":"Gremlin Horn"}],"event_choices":[{"cards_removed":["Strike_G"],"damage_healed":0,"gold_gain":0,"player_choice":"Offered Basic","damage_taken":0,"max_hp_gain":0,"max_hp_loss":0,"event_name":"Bonfire Elementals","floor":5,"gold_loss":0},{"damage_healed":0,"gold_gain":0,"player_choice":"Fought Mushrooms","damage_taken":0,"max_hp_gain":0,"max_hp_loss":0,"event_name":"Mushrooms","floor":13,"gold_loss":0}],"is_beta":false,"boss_relics":[],"items_purged_floors":[],"is_endless":false,"potions_floor_spawned":[3,6,8,11],"killed_by":"Slime Boss","ascension_level":20}