{"path_per_floor":["M","?","?","M","M","R","M","$","T","M","R","T","T","M","R","B",null,"M","T","M","M","?"],"character_chosen":"IRONCLAD","items_purchased":["Metallicize","Tiny Chest"],"gold_per_floor":[113,188,188,207,219,219,237,45,72,83,83,110,410,426,426,529,529,545,570,587,606,606],"floor_reached":23,"campfire_rested":0,"playtime":1449,"current_hp_per_floor":[72,61,61,66,67,67,59,59,59,72,72,72,72,69,69,32,72,58,58,58,42,42],"items_purged":[],"gold":606,"play_id":"9e0475db-43ba-4d0f-96f0-3fc93d1fb430","is_prod":false,"is_daily":false,"campfire_rituals":0,"campfire_upgraded":3,"is_hardmode":false,"path_taken":["M","?","?","M","?","R","M","?","T","M","R","?","?","?","R","BOSS","M","?","?","M","?","E"],"build_version":"2018-01-04-PROD1","purchased_purges":0,"victory":false,"master_deck":["Strike_R","Strike_R","Defend_R","Defend_R","Defend_R","Defend_R","Bash","Flame Barrier","Cleave","Infernal Blade","Sever Soul","Inflame","Metallicize","Metallicize","Double Tap","Infernal Blade","Reckless Charge","Whirlwind","Cleave","Shockwave","Shrug It Off"],"max_hp_per_floor":[72,72,72,72,72,72,72,72,72,72,72,72,72,72,72,72,72,72,72,72,72,72],"relics":["Burning Blood","Tiny Chest","Frozen Egg","Whetstone","Old Coin","Astrolabe","Pen Nib"],"campfire_meditates":0,"card_choices":[{"not_picked":["Warcry","Sentinel"],"picked":"Cleave"},{"not_picked":["Heavy Blade","Rage"],"picked":"Infernal Blade"},{"not_picked":["Clash","Havoc"],"picked":"Sever Soul"},{"not_picked":["Seeing Red","Rupture"],"picked":"Inflame"},{"not_picked":["Warcry","Second Wind"],"picked":"Metallicize"},{"not_picked":["Perfected Strike","Sentinel"],"picked":"Seeing Red"},{"not_picked":["Reaper","Brutality"],"picked":"Double Tap"},{"not_picked":["Warcry","Sever Soul"],"picked":"Cleave"},{"not_picked":["Fire Breathing","Heavy Blade"],"picked":"Shockwave"},{"not_picked":["Sword Boomerang","Twin Strike"],"picked":"Shrug It Off"}],"player_experience":71007,"potions_floor_usage":[16],"damage_taken":[{"damage":4,"enemies":"Cultist","floor":1,"turns":4},{"damage":1,"enemies":"Jaw Worm","floor":4,"turns":6},{"damage":5,"enemies":"Small Slimes","floor":5,"turns":5},{"damage":14,"enemies":"Exordium Wildlife","floor":7,"turns":5},{"damage":3,"enemies":"Lots of Slimes","floor":10,"turns":2},{"damage":9,"enemies":"Gremlin Gang","floor":14,"turns":3},{"damage":43,"enemies":"Hexaghost","floor":16,"turns":13},{"damage":20,"enemies":"Spheric Guardian","floor":18,"turns":6},{"damage":6,"enemies":"3 Byrds","floor":20,"turns":4},{"damage":22,"enemies":"Centurion and Healer","floor":21,"turns":8},{"damage":44,"enemies":"Slavers","floor":23,"turns":2}],"event_choices":[{"event_name":"World of Goop","player_choice":"Gather Gold","floor":2,"damage_taken":0},{"event_name":"The Woman in Blue","player_choice":"Bought 0 Potions","floor":3,"damage_taken":0},{"event_name":"Cursed Tome","player_choice":"Ignored","floor":22,"damage_taken":0}],"boss_relics":[{"not_picked":["Black Blood","Eternal Feather"],"picked":"Astrolabe"}],"potions_floor_spawned":[4,5,10,18,20,21],"seed_played":"4639971500200259187","killed_by":"Slavers","is_trial":false}