{"gold_per_floor":[113,127,127,141,161,161,24,24,70,86,120,85,114,133,133,209,209,219,3,53,53,67,100,113,146,171,171,204,217,231,304,304,378,378,395,414,428,18,18,18,47,47,98,198,221,253,284,296],"floor_reached":48,"playtime":1876,"items_purged":[],"score":1209,"play_id":"d8a5417b-eaa2-464d-90b9-5d04cf290c88","local_time":"20181101112017","is_ascension_mode":true,"campfire_choices":[{"data":"Deadly Poison","floor":6.0,"key":"SMITH"},{"data":"Catalyst","floor":8.0,"key":"SMITH"},{"data":"Footwork","floor":15,"key":"SMITH"},{"floor":27,"key":"REST"},{"floor":32,"key":"REST"},{"data":"Catalyst","floor":40,"key":"SMITH"},{"floor":42,"key":"REST"}],"neow_cost":"NONE","seed_source_timestamp":0,"circlet_count":0,"master_deck":["Survivor","Neutralize","AscendersBane","All Out Attack","Deflect","All Out Attack","Catalyst+1","Deflect","Quick Slash","Flying Knee","Calculated Gamble","Deadly Poison+1","Crippling Poison","Dodge and Roll","Footwork+1","PiercingWail","Cloak And Dagger","Well Laid Plans","PiercingWail","Corpse Explosion","Crippling Poison+1","Predator","Catalyst+1","A Thousand Cuts","Predator","Blur","Bouncing Flask+1","Caltrops+1"],"special_seed":0,"relics":["Pandora\u0027s Box","Lantern","Bronze Scales","Ginger","Snecko Eye","Lee\u0027s Waffle","Centennial Puzzle","Smiling Mask","Ancient Tea Set","Boot","Blue Candle","Empty Cage","Anchor","Blood Vial","Sundial","Art of War","Incense Burner","MawBank"],"potions_floor_usage":[11,16,23,25,25,33,41,47],"damage_taken":[{"damage":2.0,"enemies":"2 Louse","floor":1.0,"turns":2.0},{"damage":0.0,"enemies":"Cultist","floor":2.0,"turns":3.0},{"damage":8.0,"enemies":"Jaw Worm","floor":4.0,"turns":2.0},{"damage":6.0,"enemies":"2 Fungi Beasts","floor":5.0,"turns":2.0},{"damage":1.0,"enemies":"Looter","floor":10.0,"turns":3.0},{"damage":0,"enemies":"Gremlin Nob","floor":11,"turns":2},{"damage":13,"enemies":"Lagavulin","floor":13,"turns":5},{"damage":4,"enemies":"Red Slaver","floor":14,"turns":3},{"damage":14,"enemies":"Hexaghost","floor":16,"turns":3},{"damage":20,"enemies":"Shell Parasite","floor":18,"turns":5},{"damage":0,"enemies":"3 Byrds","floor":22,"turns":2},{"damage":0,"enemies":"Gremlin Leader","floor":23,"turns":3},{"damage":33,"enemies":"Cultist and Chosen","floor":24,"turns":5},{"damage":31,"enemies":"Book of Stabbing","floor":25,"turns":3},{"damage":15,"enemies":"Slavers","floor":28,"turns":2},{"damage":1,"enemies":"3 Cultists","floor":29,"turns":3},{"damage":3,"enemies":"Snecko","floor":30,"turns":3},{"damage":18,"enemies":"Collector","floor":33,"turns":6},{"damage":14,"enemies":"Orb Walker","floor":35,"turns":3},{"damage":5,"enemies":"3 Darklings","floor":36,"turns":3},{"damage":0,"enemies":"Maw","floor":37,"turns":4},{"damage":51,"enemies":"Nemesis","floor":41,"turns":7},{"damage":0,"enemies":"Mind Bloom Boss Battle","floor":44,"turns":4},{"damage":16,"enemies":"Writhing Mass","floor":46,"turns":4},{"damage":11,"enemies":"Spire Growth","floor":47,"turns":3},{"damage":6,"enemies":"Sphere and 2 Shapes","floor":48,"turns":3}],"seed_played":"-6432285138607607582","potions_obtained":[{"floor":5.0,"key":"FearPotion"},{"floor":10.0,"key":"SkillPotion"},{"floor":14,"key":"AttackPotion"},{"floor":16,"key":"Swift Potion"},{"floor":18,"key":"SkillPotion"},{"floor":24,"key":"Explosive Potion"},{"floor":29,"key":"Block Potion"},{"floor":41,"key":"Strength Potion"},{"floor":46,"key":"EssenceOfSteel"}],"is_trial":false,"path_per_floor":["M","M","?","M","M","R","$","R","T","M","E","?","E","M","R","B",null,"M","$","?","?","M","E","M","E","T","R","E","M","M","T","R","B",null,"M","M","M","$","?","R","E","R","T","?","T","M","M"],"character_chosen":"THE_SILENT","items_purchased":["Footwork","PiercingWail","Lee\u0027s Waffle","Anchor","Blood Vial","Regen Potion"],"campfire_rested":3,"item_purchase_floors":[7,7,19,38,38,38],"current_hp_per_floor":[57,57,62,54,48,48,48,48,48,47,47,63,50,46,46,32,58,38,73,73,73,73,73,40,9,9,30,15,14,11,11,32,14,58,44,39,39,39,39,39,5,25,25,27,27,13,4,0],"gold":296,"neow_bonus":"BOSS_RELIC","is_prod":false,"is_daily":false,"chose_seed":false,"campfire_upgraded":4,"win_rate":0,"timestamp":1541085617,"path_taken":["M","M","?","M","M","R","$","R","T","M","E","?","E","?","R","BOSS","M","$","?","?","?","E","M","E","T","R","E","M","M","?","R","BOSS","M","M","M","$","?","R","E","R","T","?","?","M","?","M"],"build_version":"2018-10-25v2","purchased_purges":0,"victory":false,"max_hp_per_floor":[66,66,66,66,66,66,66,66,66,66,66,66,66,66,66,66,66,66,73,73,73,73,73,73,73,73,73,73,73,73,73,73,73,73,73,73,73,73,69,69,69,69,69,69,69,69,69,69],"card_choices":[{"not_picked":["Poisoned Stab","Finisher"],"picked":"Calculated Gamble","floor":1.0},{"not_picked":["Underhanded Strike","Reflex"],"picked":"Deadly Poison","floor":2.0},{"not_picked":["Heel Hook","Riddle With Holes"],"picked":"Crippling Poison","floor":4.0},{"not_picked":["Underhanded Strike","Reflex"],"picked":"Dodge and Roll","floor":5.0},{"not_picked":["Underhanded Strike","Endless Agony"],"picked":"Cloak And Dagger","floor":10.0},{"not_picked":["Cloak And Dagger","Endless Agony"],"picked":"Well Laid Plans","floor":11},{"not_picked":["Acrobatics","Predator"],"picked":"PiercingWail","floor":13},{"not_picked":["Acrobatics","All Out Attack","Accuracy"],"picked":"SKIP","floor":14},{"not_picked":["Glass Knife","Grand Finale"],"picked":"Corpse Explosion","floor":16},{"not_picked":["Terror","Distraction"],"picked":"Crippling Poison+1","floor":18},{"not_picked":["PiercingWail","Poisoned Stab","Acrobatics"],"picked":"SKIP","floor":22},{"not_picked":["Dodge and Roll","Acrobatics"],"picked":"Predator","floor":23},{"not_picked":["Escape Plan","Blur"],"picked":"Catalyst","floor":24},{"not_picked":["Dagger Spray","Unload","Escape Plan"],"picked":"SKIP","floor":25},{"not_picked":["Terror","Deadly Poison","Endless Agony"],"picked":"SKIP","floor":28},{"not_picked":["PiercingWail","Reflex","Quick Slash"],"picked":"SKIP","floor":29},{"not_picked":["Flying Knee","PiercingWail","Endless Agony"],"picked":"SKIP","floor":30},{"not_picked":["Tools of the Trade","Adrenaline"],"picked":"A Thousand Cuts","floor":33},{"not_picked":["Heel Hook","Cloak And Dagger","Riddle With Holes"],"picked":"SKIP","floor":35},{"not_picked":["Prepared","Endless Agony","Infinite Blades"],"picked":"SKIP","floor":36},{"not_picked":["Acrobatics+1","Backflip"],"picked":"Predator","floor":37},{"not_picked":["All Out Attack+1","Bane"],"picked":"Blur","floor":41},{"not_picked":["Escape Plan","Dagger Throw+1"],"picked":"Bouncing Flask+1","floor":46},{"not_picked":["Dagger Throw","Bane"],"picked":"Caltrops+1","floor":47}],"player_experience":608950,"relics_obtained":[{"floor":9.0,"key":"Lantern"},{"floor":11,"key":"Bronze Scales"},{"floor":13,"key":"Ginger"},{"floor":23,"key":"Centennial Puzzle"},{"floor":25,"key":"Smiling Mask"},{"floor":26,"key":"Ancient Tea Set"},{"floor":28,"key":"Boot"},{"floor":31,"key":"Blue Candle"},{"floor":41,"key":"Sundial"},{"floor":43,"key":"Art of War"},{"floor":44,"key":"Incense Burner"},{"floor":45,"key":"MawBank"}],"event_choices":[{"cards_removed":["Slice"],"damage_healed":5.0,"max_hp_gain":0.0,"max_hp_loss":0.0,"gold_gain":0.0,"event_name":"Bonfire Elementals","player_choice":"Offered Common","floor":3.0,"gold_loss":0.0,"damage_taken":0.0},{"cards_removed":["Slice"],"damage_healed":5.0,"max_hp_gain":0.0,"max_hp_loss":0.0,"gold_gain":0.0,"event_name":"Bonfire Elementals","player_choice":"Offered Special","floor":3.0,"gold_loss":0.0,"damage_taken":0.0},{"damage_healed":16,"gold_gain":0,"player_choice":"Healed","damage_taken":0,"max_hp_gain":0,"max_hp_loss":0,"event_name":"The Cleric","floor":12,"gold_loss":35},{"damage_healed":0,"gold_gain":50,"player_choice":"Stole From Cult","damage_taken":0,"max_hp_gain":0,"max_hp_loss":0,"event_name":"Nest","floor":20,"gold_loss":0},{"damage_healed":0,"gold_gain":0,"player_choice":"Max HP","damage_taken":0,"max_hp_gain":0,"max_hp_loss":4,"event_name":"Winding Halls","floor":39,"gold_loss":0},{"damage_healed":0,"gold_gain":0,"player_choice":"Fight","damage_taken":0,"max_hp_gain":0,"max_hp_loss":0,"event_name":"MindBloom","floor":44,"gold_loss":0}],"is_beta":false,"boss_relics":[{"not_picked":["WristBlade","Ectoplasm"],"picked":"Snecko Eye"},{"not_picked":["Runic Pyramid","Black Star"],"picked":"Empty Cage"}],"items_purged_floors":[],"is_endless":false,"potions_floor_spawned":[5,10,14,16,18,24,29,41,46],"killed_by":"Sphere and 2 Shapes","ascension_level":19}