{"gold_per_floor":[116,134,152,176,176,208,208,218,218,251,2,2,2,18,18,95,95,108,33,33,51,51,51,51],"floor_reached":24,"playtime":1024,"items_purged":["Strike_G"],"score":408,"play_id":"39ebb868-58a2-40e0-af77-9ec26bc9bc95","local_time":"20190202222601","is_ascension_mode":true,"campfire_choices":[{"floor":7,"key":"REST"},{"floor":13,"key":"REST"},{"data":"Neutralize","floor":15,"key":"SMITH"},{"data":"Deadly Poison","floor":23,"key":"SMITH"}],"neow_cost":"NONE","seed_source_timestamp":939857375867863,"circlet_count":0,"master_deck":["AscendersBane","Defend_G","Defend_G","Defend_G","Defend_G","Defend_G","Strike_G+1","Survivor","Neutralize+1","Footwork","Dash+1","Dagger Spray","Footwork","Cloak And Dagger","Deflect","PiercingWail","Glass Knife","Backflip","Deadly Poison+1","Choke"],"relics":["Ring of the Snake","Centennial Puzzle","Ninja Scroll","WingedGreaves","Boot","TwistedFunnel","Black Star"],"potions_floor_usage":[6,24,24],"damage_taken":[{"damage":3,"enemies":"Cultist","floor":1,"turns":5},{"damage":1,"enemies":"Small Slimes","floor":2,"turns":3},{"damage":7,"enemies":"Jaw Worm","floor":3,"turns":4},{"damage":11,"enemies":"Lagavulin","floor":6,"turns":8},{"damage":0,"enemies":"Lots of Slimes","floor":8,"turns":1},{"damage":7,"enemies":"3 Sentries","floor":10,"turns":14},{"damage":2,"enemies":"Exordium Thugs","floor":14,"turns":5},{"damage":14,"enemies":"The Guardian","floor":16,"turns":19},{"damage":3,"enemies":"2 Thieves","floor":18,"turns":4},{"damage":5,"enemies":"3 Byrds","floor":21,"turns":3},{"damage":55,"enemies":"Gremlin Leader","floor":24,"turns":7}],"seed_played":"-7677386743629362952","potions_obtained":[{"floor":2,"key":"AttackPotion"},{"floor":3,"key":"Dexterity Potion"},{"floor":14,"key":"Energy Potion"},{"floor":16,"key":"SkillPotion"}],"is_trial":false,"path_per_floor":["M","M","M","T","?","E","R","M","T","E","$","?","R","M","R","B",null,"M","$","T","M","?","R","E"],"character_chosen":"THE_SILENT","items_purchased":["PiercingWail","TwistedFunnel"],"campfire_rested":2,"item_purchase_floors":[11,11],"current_hp_per_floor":[56,55,48,48,28,17,36,36,36,29,29,29,48,46,46,32,58,55,55,55,50,50,50,0],"gold":51,"neow_bonus":"THREE_CARDS","is_prod":false,"is_daily":false,"chose_seed":false,"campfire_upgraded":2,"win_rate":0,"timestamp":1549164361,"path_taken":["M","M","?","?","?","E","R","M","T","E","$","?","R","M","R","BOSS","M","?","?","?","?","R","E"],"build_version":"2019-01-23","purchased_purges":1,"victory":false,"max_hp_per_floor":[66,66,66,66,66,66,66,66,66,66,66,66,66,66,66,66,66,66,66,66,66,66,66,66],"card_choices":[{"not_picked":["Deflect","Dagger Spray"],"picked":"Footwork","floor":0},{"not_picked":["Outmaneuver","Tactician"],"picked":"Dash","floor":1},{"not_picked":["Finisher","Slice"],"picked":"Dagger Spray","floor":2},{"not_picked":["Bane","Cloak And Dagger"],"picked":"Footwork","floor":3},{"not_picked":["Riddle With Holes","Night Terror"],"picked":"Cloak And Dagger","floor":6},{"not_picked":["Blade Dance","Underhanded Strike"],"picked":"Deflect","floor":8},{"not_picked":["Bullet Time","Prepared","Flying Knee"],"picked":"SKIP","floor":10},{"not_picked":["Bullet Time","Prepared","Flying Knee"],"picked":"SKIP","floor":10},{"not_picked":["Accuracy","Outmaneuver","Underhanded Strike"],"picked":"SKIP","floor":14},{"not_picked":["Burst","Bullet Time"],"picked":"Glass Knife","floor":16},{"not_picked":["Reflex","Dagger Spray"],"picked":"Backflip","floor":18},{"not_picked":["Dagger Throw","Tactician","Heel Hook"],"picked":"SKIP","floor":21}],"player_experience":797966,"relics_obtained":[{"floor":4,"key":"Centennial Puzzle"},{"floor":6,"key":"Ninja Scroll"},{"floor":9,"key":"WingedGreaves"},{"floor":10,"key":"Boot"}],"event_choices":[{"damage_healed":0,"gold_gain":0,"player_choice":"Entered Light","damage_taken":20,"max_hp_gain":0,"max_hp_loss":0,"event_name":"Shining Light","floor":5,"gold_loss":0,"cards_upgraded":["Strike_G","Dash"]},{"cards_removed":["Strike_G"],"damage_healed":0,"gold_gain":0,"player_choice":"Purged","damage_taken":0,"max_hp_gain":0,"max_hp_loss":0,"event_name":"Purifier","floor":12,"gold_loss":0},{"damage_healed":0,"gold_gain":0,"cards_transformed":["Strike_G","Strike_G"],"player_choice":"Became Test Subject","damage_taken":0,"max_hp_gain":0,"max_hp_loss":0,"event_name":"Drug Dealer","floor":22,"gold_loss":0,"cards_obtained":["Deadly Poison","Choke"]}],"is_beta":false,"boss_relics":[{"not_picked":["Ring of the Serpent","Eternal Feather"],"picked":"Black Star"}],"items_purged_floors":[19],"is_endless":false,"potions_floor_spawned":[2,3,14,16],"killed_by":"Gremlin Leader","ascension_level":20}