{"gold_per_floor":[109,125,125,137,153,153,181,181,181,199,199,199,224,244,244,319,319,319,33,33,33,33,33],"floor_reached":23,"playtime":1265,"items_purged":["Strike_R"],"score":406,"play_id":"34ee9a79-5fe2-42ac-8c59-ecf365379462","local_time":"20190218143301","is_ascension_mode":true,"campfire_choices":[{"data":"Armaments","floor":6,"key":"SMITH"},{"data":"Battle Trance","floor":12,"key":"SMITH"},{"data":"Demon Form","floor":15,"key":"SMITH"}],"neow_cost":"NONE","seed_source_timestamp":363059490395925,"circlet_count":0,"master_deck":["AscendersBane","Strike_R","Defend_R","Defend_R","Defend_R","Defend_R","Bash","Dark Embrace","Battle Trance+1","Sword Boomerang","Armaments+1","Thunderclap","Clothesline","Combust","Demon Form+1","Immolate","Spot Weakness+1","Havoc","Metallicize+1"],"relics":["Burning Blood","Paper Frog","Turnip","WingedGreaves","Ectoplasm","Anchor"],"potions_floor_usage":[5,16,23],"damage_taken":[{"damage":4,"enemies":"Jaw Worm","floor":1,"turns":4},{"damage":1,"enemies":"Cultist","floor":2,"turns":3},{"damage":10,"enemies":"Small Slimes","floor":4,"turns":3},{"damage":5,"enemies":"Gremlin Gang","floor":5,"turns":5},{"damage":30,"enemies":"3 Sentries","floor":7,"turns":10},{"damage":0,"enemies":"2 Fungi Beasts","floor":10,"turns":3},{"damage":27,"enemies":"Gremlin Nob","floor":13,"turns":4},{"damage":9,"enemies":"3 Louse","floor":14,"turns":3},{"damage":24,"enemies":"The Guardian","floor":16,"turns":10},{"damage":25,"enemies":"Spheric Guardian","floor":18,"turns":5},{"damage":6,"enemies":"Shell Parasite","floor":20,"turns":3},{"damage":25,"enemies":"Centurion and Healer","floor":21,"turns":6},{"damage":26,"enemies":"Gremlin Leader","floor":23,"turns":4}],"seed_played":"-5326039216655636780","potions_obtained":[{"floor":1,"key":"Fire Potion"},{"floor":7,"key":"FearPotion"},{"floor":10,"key":"LiquidBronze"},{"floor":14,"key":"Regen Potion"},{"floor":20,"key":"Ancient Potion"}],"is_trial":false,"path_per_floor":["M","M","?","M","M","R","E","?","T","M","?","R","E","M","R","B",null,"M","$","M","M","?","E"],"character_chosen":"IRONCLAD","items_purchased":["Havoc","Anchor"],"campfire_rested":0,"item_purchase_floors":[19,19],"current_hp_per_floor":[70,75,75,71,72,72,48,48,48,54,47,47,26,23,23,20,61,42,42,42,23,23,0],"gold":33,"neow_bonus":"ONE_RANDOM_RARE_CARD","is_prod":false,"is_daily":false,"chose_seed":false,"campfire_upgraded":3,"win_rate":0,"timestamp":1550518381,"path_taken":["M","M","?","M","?","R","E","?","T","?","?","R","E","M","R","BOSS","M","$","M","M","?","E"],"build_version":"2019-01-23","purchased_purges":1,"victory":false,"max_hp_per_floor":[75,75,75,75,75,75,75,75,75,75,75,75,75,75,75,75,75,75,75,75,75,75,75],"card_choices":[{"not_picked":["Iron Wave","Clash"],"picked":"Battle Trance","floor":1},{"not_picked":["Metallicize","Havoc"],"picked":"Sword Boomerang","floor":2},{"not_picked":["Dual Wield","Dark Embrace"],"picked":"Armaments","floor":4},{"not_picked":["Sword Boomerang","Havoc"],"picked":"Thunderclap","floor":5},{"not_picked":["Thunderclap","Fire Breathing","Twin Strike"],"picked":"SKIP","floor":7},{"not_picked":["Cleave","Combust"],"picked":"Clothesline","floor":10},{"not_picked":["Bloodletting","Ghostly Armor"],"picked":"Combust","floor":13},{"not_picked":["Anger","Twin Strike"],"picked":"Demon Form","floor":14},{"not_picked":["Fiend Fire","Juggernaut"],"picked":"Immolate","floor":16},{"not_picked":["True Grit","Twin Strike"],"picked":"Spot Weakness+1","floor":18},{"not_picked":["Second Wind+1","Cleave"],"picked":"Metallicize+1","floor":20},{"not_picked":["Sentinel","Warcry","Perfected Strike"],"picked":"SKIP","floor":21}],"player_experience":850977,"relics_obtained":[{"floor":7,"key":"Paper Frog"},{"floor":9,"key":"Turnip"},{"floor":13,"key":"WingedGreaves"}],"event_choices":[{"cards_removed":["Strike_R"],"damage_healed":0,"gold_gain":0,"player_choice":"Offered Basic","damage_taken":0,"max_hp_gain":0,"max_hp_loss":0,"event_name":"Bonfire Elementals","floor":3,"gold_loss":0},{"cards_removed":["Strike_R"],"damage_healed":0,"gold_gain":0,"player_choice":"Purged","damage_taken":0,"max_hp_gain":0,"max_hp_loss":0,"event_name":"Purifier","floor":8,"gold_loss":0},{"cards_removed":["Strike_R"],"damage_healed":0,"gold_gain":0,"player_choice":"Card Removal","damage_taken":7,"max_hp_gain":0,"max_hp_loss":0,"event_name":"Golden Wing","floor":11,"gold_loss":0},{"damage_healed":0,"gold_gain":0,"player_choice":"Ignored","damage_taken":0,"max_hp_gain":0,"max_hp_loss":0,"event_name":"Vampires","floor":22,"gold_loss":0}],"is_beta":false,"boss_relics":[{"not_picked":["Black Star","Astrolabe"],"picked":"Ectoplasm"}],"items_purged_floors":[19],"is_endless":false,"potions_floor_spawned":[1,7,10,14,20],"killed_by":"Gremlin Leader","ascension_level":20}