{"path_per_floor":["M","M","?","?","?","R","M","M","T","R","T","$","R","M","R","B",null,"M","T","$","M","M","R","M","M","T","?","M","M","?","M","R","B",null,"M","M","$","M","?","R","M","M","T","?","?","R","?","M","R"],"character_chosen":"IRONCLAD","items_purchased":["Inflame","Flex","Heavy Blade","Bag of Preparation","Vajra","Inflame"],"gold_per_floor":[118,134,134,99,99,99,113,126,177,177,226,101,101,120,120,224,224,241,241,70,89,108,108,124,142,142,142,160,173,98,109,109,210,210,222,240,8,26,76,76,96,110,155,155,155,155,0,15,15],"floor_reached":50,"campfire_rested":5,"playtime":2826,"current_hp_per_floor":[44,39,65,80,80,80,80,79,79,79,79,79,79,75,75,51,80,76,76,76,65,56,80,80,53,53,53,53,47,47,33,57,34,80,78,61,61,56,23,47,34,32,32,32,32,56,56,58,80],"items_purged":[],"gold":15,"play_id":"93aef542-3a10-4d75-b0e2-a44dc79cd10b","is_prod":false,"is_daily":false,"campfire_rituals":0,"campfire_upgraded":1,"is_hardmode":false,"path_taken":["M","M","?","?","?","R","M","M","T","R","?","$","R","M","R","BOSS","M","?","$","M","M","R","M","M","T","?","?","M","?","M","R","BOSS","M","M","$","M","?","R","M","?","T","?","?","R","?","M","R","BOSS"],"build_version":"2018-01-04-PROD1","purchased_purges":0,"victory":false,"master_deck":["Strike_R","Strike_R","Strike_R","Defend_R","Defend_R","Defend_R","Defend_R","Bash","Headbutt","Flex","Second Wind","Inflame","Pummel","Inflame","Flex","Limit Break","Double Tap","Regret","Pain","Shrug It Off","Headbutt","Heavy Blade","Heavy Blade","Armaments","Shrug It Off","Thunderclap","Decay","Headbutt","Inflame","Dual Wield","Thunderclap","Flex","Inflame","Inflame","Inflame","Sword Boomerang","Shrug It Off","Metallicize"],"max_hp_per_floor":[80,80,80,80,80,80,80,80,80,80,80,80,80,80,80,80,80,80,80,80,80,80,80,80,80,80,80,80,80,80,80,80,80,80,80,80,80,80,80,80,80,80,80,80,80,80,80,80,80],"relics":["Burning Blood","Girya","War Paint","Anchor","Calling Bell","Charon\u0027s Ashes","Prayer Wheel","Mummified Hand","Du-Vu Doll","Bag of Preparation","Shovel","Velvet Choker","Vajra","Torii","Toxic Egg","Red Mask"],"campfire_meditates":0,"card_choices":[{"not_picked":["Heavy Blade","Pummel"],"picked":"Headbutt"},{"not_picked":["Evolve","Dropkick"],"picked":"Flex"},{"not_picked":["Clothesline","True Grit"],"picked":"Inflame"},{"not_picked":["Clothesline","Fire Breathing"],"picked":"Pummel"},{"not_picked":["Intimidate","Infernal Blade"],"picked":"Limit Break"},{"not_picked":["Bludgeon","Feed"],"picked":"Double Tap"},{"not_picked":["Wild Strike","True Grit"],"picked":"Shrug It Off"},{"not_picked":["Twin Strike","Perfected Strike"],"picked":"Headbutt"},{"not_picked":["Headbutt","Thunderclap"],"picked":"Heavy Blade"},{"not_picked":["Hemokinesis","Shockwave"],"picked":"Armaments"},{"not_picked":["Clash","Dropkick"],"picked":"Shrug It Off"},{"not_picked":["Pommel Strike","Anger"],"picked":"Thunderclap"},{"not_picked":["Heavy Blade","Searing Blow"],"picked":"Headbutt"},{"not_picked":["Headbutt","Feel No Pain"],"picked":"Inflame"},{"not_picked":["Body Slam","Clash"],"picked":"Dual Wield"},{"not_picked":["Seeing Red","Anger"],"picked":"Thunderclap"},{"not_picked":["Sword Boomerang","True Grit"],"picked":"Flex"},{"not_picked":["Rage","Flex"],"picked":"Inflame"},{"not_picked":["Iron Wave","True Grit"],"picked":"Inflame"},{"not_picked":["Armaments","True Grit"],"picked":"Sword Boomerang"},{"not_picked":["Wild Strike","Shockwave"],"picked":"Shrug It Off"},{"not_picked":["Headbutt","Power Through"],"picked":"Metallicize"}],"player_experience":66556,"potions_floor_usage":[21,25,25,50,50,50],"damage_taken":[{"damage":2.0,"enemies":"2 Louse","floor":1.0,"turns":4.0},{"damage":11.0,"enemies":"Blue Slaver","floor":2.0,"turns":7.0},{"damage":2.0,"enemies":"Small Slimes","floor":7.0,"turns":4.0},{"damage":7.0,"enemies":"Exordium Thugs","floor":8.0,"turns":4.0},{"damage":10.0,"enemies":"2 Fungi Beasts","floor":14.0,"turns":3.0},{"damage":30.0,"enemies":"Slime Boss","floor":16.0,"turns":8.0},{"damage":10.0,"enemies":"2 Thieves","floor":18.0,"turns":3.0},{"damage":17,"enemies":"Shell Parasite","floor":21,"turns":3},{"damage":15,"enemies":"Sentry and Sphere","floor":22,"turns":4},{"damage":5,"enemies":"Centurion and Healer","floor":24,"turns":3},{"damage":33,"enemies":"Snecko","floor":25,"turns":5},{"damage":6,"enemies":"Snake Plant","floor":28,"turns":3},{"damage":12,"enemies":"Centurion and Healer","floor":29,"turns":4},{"damage":20,"enemies":"Chosen and Byrds","floor":31,"turns":4},{"damage":29,"enemies":"Champ","floor":33,"turns":7},{"damage":8,"enemies":"3 Darklings","floor":35,"turns":3},{"damage":23,"enemies":"Orb Walker","floor":36,"turns":3},{"damage":11,"enemies":"Sphere and 2 Shapes","floor":38,"turns":3},{"damage":39,"enemies":"Mysterious Sphere","floor":39,"turns":4},{"damage":19,"enemies":"Maw","floor":41,"turns":3},{"damage":8,"enemies":"4 Shapes","floor":42,"turns":2},{"damage":4,"enemies":"3 Darklings","floor":48,"turns":2},{"damage":81,"enemies":"Time Eater","floor":50,"turns":6}],"event_choices":[{"event_name":"Big Fish","player_choice":"Banana","floor":3.0,"damage_taken":0.0},{"event_name":"The Cleric","player_choice":"Healed","floor":4.0,"damage_taken":0.0},{"event_name":"Living Wall","player_choice":"Change","floor":5.0,"damage_taken":0.0},{"event_name":"Forgotten Altar","player_choice":"Smashed Altar","floor":27,"damage_taken":0},{"event_name":"Beggar","player_choice":"Gave Gold","floor":30,"damage_taken":0},{"event_name":"Mysterious Sphere","player_choice":"Fight","floor":39,"damage_taken":0},{"event_name":"Purifier","player_choice":"Skipped","floor":44,"damage_taken":0},{"event_name":"Tomb of Lord Red Mask","player_choice":"Paid","floor":47,"damage_taken":0}],"boss_relics":[{"not_picked":["Orrery","Black Blood"],"picked":"Velvet Choker"}],"potions_floor_spawned":[2,7,14,16,24,25,29,31,35,41],"seed_played":"-6628710940017290596","killed_by":"Time Eater","is_trial":false}