{"gold_per_floor":[12,12,12,31,50,81,81,114,114,114,114,155,29,0,0,0],"floor_reached":16,"playtime":710,"items_purged":["Injury"],"score":215,"play_id":"a1b1feba-5276-4273-b002-a96f1fe589a6","local_time":"20190215153821","is_ascension_mode":true,"campfire_choices":[{"data":"Corruption","floor":7.0,"key":"SMITH"},{"floor":10.0,"key":"REST"},{"data":"Shockwave","floor":15.0,"key":"SMITH"}],"neow_cost":"NO_GOLD","seed_source_timestamp":0,"circlet_count":0,"master_deck":["AscendersBane","Strike_R","Strike_R","Strike_R","Strike_R","Strike_R","Defend_R","Defend_R","Defend_R","Defend_R","Bash","Impervious","Corruption+1","Infernal Blade","Feel No Pain","Feel No Pain","Shockwave+1","Shrug It Off","Armaments"],"special_seed":0,"relics":["Burning Blood","Golden Idol","Incense Burner","Letter Opener","Dodecahedron","PreservedInsect"],"potions_floor_usage":[16,16],"damage_taken":[{"damage":3.0,"enemies":"2 Louse","floor":1.0,"turns":3.0},{"damage":11.0,"enemies":"Small Slimes","floor":4.0,"turns":5.0},{"damage":7.0,"enemies":"Cultist","floor":5.0,"turns":5.0},{"damage":22.0,"enemies":"3 Sentries","floor":6.0,"turns":10.0},{"damage":37.0,"enemies":"Gremlin Nob","floor":8.0,"turns":6.0},{"damage":14.0,"enemies":"3 Sentries","floor":12.0,"turns":9.0},{"damage":0.0,"enemies":"Looter","floor":14.0,"turns":4.0},{"damage":39,"enemies":"Hexaghost","floor":16,"turns":12}],"seed_played":"8278468702709823017","potions_obtained":[{"floor":1.0,"key":"Fire Potion"},{"floor":4.0,"key":"AttackPotion"},{"floor":8.0,"key":"Poison Potion"},{"floor":12.0,"key":"SpeedPotion"}],"is_trial":false,"path_per_floor":["M","?","?","M","M","E","R","E","T","R","?","E","$","M","R","B"],"character_chosen":"IRONCLAD","items_purchased":["Armaments"],"campfire_rested":1,"item_purchase_floors":[13],"current_hp_per_floor":[71,71,71,66,65,49,49,18,18,40,40,32,32,38,38,0],"gold":0,"neow_bonus":"THREE_RARE_CARDS","is_prod":false,"is_daily":false,"chose_seed":false,"campfire_upgraded":2,"win_rate":0,"timestamp":1550263101,"path_taken":["M","?","?","?","M","E","R","E","T","R","?","E","$","M","R","BOSS"],"build_version":"2019-01-23","purchased_purges":1,"victory":false,"max_hp_per_floor":[75,75,75,75,75,75,75,75,75,75,75,75,75,75,75,75],"card_choices":[{"not_picked":["Dark Embrace","Exhume"],"picked":"Impervious","floor":0.0},{"not_picked":["Blood for Blood","Power Through"],"picked":"Corruption","floor":1.0},{"not_picked":["Havoc","Second Wind"],"picked":"Infernal Blade","floor":4.0},{"not_picked":["Shrug It Off","Uppercut"],"picked":"Feel No Pain","floor":5.0},{"not_picked":["True Grit","Anger"],"picked":"Feel No Pain","floor":6.0},{"not_picked":["Power Through","Ghostly Armor"],"picked":"Shockwave","floor":8.0},{"not_picked":["True Grit","Clash"],"picked":"Shrug It Off","floor":12.0},{"not_picked":["Corruption","Havoc","Second Wind"],"picked":"SKIP","floor":14.0}],"player_experience":293949,"relics_obtained":[{"floor":6.0,"key":"Incense Burner"},{"floor":8.0,"key":"Letter Opener"},{"floor":9.0,"key":"Dodecahedron"},{"floor":12.0,"key":"PreservedInsect"}],"event_choices":[{"damage_healed":0.0,"max_hp_gain":0.0,"max_hp_loss":0.0,"gold_gain":0.0,"event_name":"Golden Idol","player_choice":"Take Wound","floor":2.0,"gold_loss":0.0,"damage_taken":0.0,"relics_obtained":["Golden Idol"],"cards_obtained":["Injury"]},{"damage_healed":0.0,"max_hp_gain":0.0,"max_hp_loss":0.0,"gold_gain":0.0,"event_name":"FaceTrader","player_choice":"Leave","floor":3.0,"gold_loss":0.0,"damage_taken":0.0},{"damage_healed":0.0,"max_hp_gain":0.0,"max_hp_loss":0.0,"gold_gain":0.0,"event_name":"Scrap Ooze","player_choice":"Fled","floor":11.0,"gold_loss":0.0,"damage_taken":0.0}],"is_beta":false,"boss_relics":[],"items_purged_floors":[13],"is_endless":false,"potions_floor_spawned":[1,4,8,12],"killed_by":"Hexaghost","ascension_level":17}