{"gold_per_floor":[112,112,122,51,16,16,44,58,58,86,99,99],"floor_reached":12,"playtime":384,"items_purged":[],"score":170,"play_id":"0a949fdb-9e9a-49f5-a043-1c226fd599ea","local_time":"20180821152609","is_ascension_mode":true,"campfire_choices":[{"data":"Zap","floor":6,"key":"SMITH"}],"neow_cost":"PERCENT_DAMAGE","seed_source_timestamp":768741844655756,"circlet_count":0,"master_deck":["Strike_B","Strike_B","Strike_B","Strike_B","Defend_B","Defend_B","Defend_B","Defend_B","Zap+1","Dualcast","AscendersBane","Auto Shields","Glacier","White Noise","Loop","Leap"],"relics":["Cracked Core","Singing Bowl","Question Card","Letter Opener"],"potions_floor_usage":[7,10,12],"damage_taken":[{"damage":4,"enemies":"Small Slimes","floor":1,"turns":3},{"damage":1,"enemies":"Cultist","floor":3,"turns":4},{"damage":23,"enemies":"Gremlin Nob","floor":7,"turns":5},{"damage":0,"enemies":"2 Louse","floor":8,"turns":3},{"damage":25,"enemies":"Lagavulin","floor":10,"turns":8},{"damage":10,"enemies":"Gremlin Gang","floor":11,"turns":6},{"damage":23,"enemies":"Lots of Slimes","floor":12,"turns":2}],"seed_played":"5868721580453727375","potions_obtained":[{"floor":1,"key":"Energy Potion"},{"floor":3,"key":"Explosive Potion"},{"floor":8,"key":"Weak Potion"},{"floor":11,"key":"LiquidBronze"}],"is_trial":false,"path_per_floor":["M","?","M","$","?","R","E","M","T","E","M"],"character_chosen":"DEFECT","items_purchased":["White Noise"],"campfire_rested":0,"item_purchase_floors":[4],"current_hp_per_floor":[54,54,53,53,75,75,52,54,54,29,21,0],"gold":99,"neow_bonus":"TWENTY_PERCENT_HP_BONUS","is_prod":false,"is_daily":false,"chose_seed":false,"campfire_upgraded":1,"win_rate":0,"timestamp":1534879569,"path_taken":["M","?","M","?","?","R","E","M","T","E","?","M"],"build_version":"2018-08-16","purchased_purges":0,"victory":false,"max_hp_per_floor":[89,89,89,89,89,89,89,91,91,91,93,93],"card_choices":[{"not_picked":["Lockon","Darkness"],"picked":"Auto Shields","floor":1},{"not_picked":["Self Repair","Static Discharge"],"picked":"Glacier","floor":3},{"not_picked":["Chill","White Noise"],"picked":"Loop","floor":7},{"not_picked":["Reinforced Body","Coolheaded","Redo"],"picked":"Singing Bowl","floor":8},{"not_picked":["Skim","Gash","Blizzard"],"picked":"Leap","floor":10},{"not_picked":["Undo","Darkness","Tempest","Coolheaded"],"picked":"Singing Bowl","floor":11}],"player_experience":470932,"relics_obtained":[{"floor":7,"key":"Singing Bowl"},{"floor":9,"key":"Question Card"},{"floor":10,"key":"Letter Opener"}],"event_choices":[{"event_name":"Liars Game","player_choice":"disagreed","floor":2,"damage_taken":0},{"event_name":"The Cleric","player_choice":"Healed","floor":5,"damage_taken":0}],"is_beta":false,"boss_relics":[],"items_purged_floors":[],"is_endless":false,"potions_floor_spawned":[1,3,8,11],"killed_by":"Lots of Slimes","ascension_level":13}