{"gold_per_floor":[11,22,22,97,108,120,120,120,120,147,147],"floor_reached":11,"playtime":328,"items_purged":[],"score":146,"play_id":"f2f5115a-85ed-4535-9ff1-a37d383fd289","local_time":"20190203114743","is_ascension_mode":true,"campfire_choices":[{"data":"Bash","floor":7,"key":"SMITH"}],"neow_cost":"NO_GOLD","seed_source_timestamp":988655679028488,"circlet_count":0,"master_deck":["AscendersBane","Strike_R","Strike_R","Strike_R","Strike_R","Strike_R","Defend_R","Defend_R+1","Defend_R","Defend_R","Bash+1","Offering","Perfected Strike","Anger+1","Pommel Strike+1","Cleave","Flame Barrier"],"relics":["Burning Blood","Ginger","Charon\u0027s Ashes"],"potions_floor_usage":[],"damage_taken":[{"damage":6,"enemies":"Jaw Worm","floor":1,"turns":3},{"damage":7,"enemies":"Small Slimes","floor":2,"turns":4},{"damage":0,"enemies":"2 Louse","floor":5,"turns":2},{"damage":3,"enemies":"Looter","floor":6,"turns":2},{"damage":33,"enemies":"Lagavulin","floor":10,"turns":7},{"damage":18,"enemies":"The Mushroom Lair","floor":11,"turns":1}],"seed_played":"-852531736597120518","potions_obtained":[{"floor":2,"key":"SpeedPotion"},{"floor":10,"key":"Dexterity Potion"}],"is_trial":false,"path_per_floor":["M","M","?","?","M","M","R","?","T","E","?"],"character_chosen":"IRONCLAD","items_purchased":[],"campfire_rested":0,"item_purchase_floors":[],"current_hp_per_floor":[68,67,44,33,39,42,42,42,42,15,0],"gold":147,"neow_bonus":"THREE_RARE_CARDS","is_prod":false,"is_daily":false,"chose_seed":false,"campfire_upgraded":1,"win_rate":0,"timestamp":1549212463,"path_taken":["M","M","?","?","M","M","R","?","T","E","?"],"build_version":"2019-01-23","purchased_purges":0,"victory":false,"max_hp_per_floor":[75,75,75,75,75,75,75,75,75,75,75],"card_choices":[{"not_picked":["Fiend Fire","Barricade"],"picked":"Offering","floor":0},{"not_picked":["Body Slam","Iron Wave"],"picked":"Perfected Strike","floor":1},{"not_picked":["Pommel Strike","Armaments"],"picked":"Anger","floor":2},{"not_picked":["Havoc","Pummel"],"picked":"Pommel Strike","floor":5},{"not_picked":["Rupture","Perfected Strike"],"picked":"Cleave","floor":6},{"not_picked":["Fire Breathing","Rampage"],"picked":"Flame Barrier","floor":10}],"player_experience":799678,"relics_obtained":[{"floor":9,"key":"Ginger"},{"floor":10,"key":"Charon\u0027s Ashes"}],"event_choices":[{"damage_healed":0,"gold_gain":0,"player_choice":"Entered Light","damage_taken":23,"max_hp_gain":0,"max_hp_loss":0,"event_name":"Shining Light","floor":3,"gold_loss":0,"cards_upgraded":["Anger","Defend_R"]},{"damage_healed":0,"gold_gain":75,"player_choice":"Gather Gold","damage_taken":11,"max_hp_gain":0,"max_hp_loss":0,"event_name":"World of Goop","floor":4,"gold_loss":0},{"damage_healed":0,"gold_gain":0,"player_choice":"Grow","damage_taken":0,"max_hp_gain":0,"max_hp_loss":0,"event_name":"Living Wall","floor":8,"gold_loss":0,"cards_upgraded":["Pommel Strike"]},{"damage_healed":0,"gold_gain":0,"player_choice":"Fought Mushrooms","damage_taken":0,"max_hp_gain":0,"max_hp_loss":0,"event_name":"Mushrooms","floor":11,"gold_loss":0}],"is_beta":false,"boss_relics":[],"items_purged_floors":[],"is_endless":false,"potions_floor_spawned":[2,10],"killed_by":"The Mushroom Lair","ascension_level":20}