{"gold_per_floor":[361,0,0,20,44,75,75,116,116,116,164,189,213,249,249,249],"floor_reached":16,"playtime":670,"items_purged":["Strike_R"],"score":240,"play_id":"ce87d37c-5677-44c2-9695-b05eecb08966","local_time":"20190126130559","is_ascension_mode":true,"campfire_choices":[{"data":"Whirlwind","floor":7,"key":"SMITH"},{"floor":10,"key":"REST"},{"data":"Armaments","floor":15,"key":"SMITH"}],"neow_cost":"PERCENT_DAMAGE","seed_source_timestamp":301823468653449,"circlet_count":0,"master_deck":["AscendersBane","Strike_R","Strike_R","Strike_R+1","Strike_R","Defend_R","Defend_R","Defend_R","Defend_R","Bash+1","Clash","Whirlwind+1","Corruption","Sword Boomerang","Shrug It Off","Double Tap","Armaments+1","Shrug It Off","Fiend Fire","Shockwave"],"relics":["Burning Blood","Whetstone","Golden Idol","Blue Candle","Prayer Wheel","Bird Faced Urn","Dream Catcher","Bottled Flame"],"potions_floor_usage":[6,6,16,16],"damage_taken":[{"damage":9,"enemies":"Jaw Worm","floor":1,"turns":4},{"damage":1,"enemies":"Cultist","floor":4,"turns":3},{"damage":0,"enemies":"2 Louse","floor":5,"turns":2},{"damage":8,"enemies":"Gremlin Nob","floor":6,"turns":3},{"damage":30,"enemies":"Lagavulin","floor":8,"turns":5},{"damage":10,"enemies":"Exordium Wildlife","floor":12,"turns":3},{"damage":7,"enemies":"Looter","floor":13,"turns":3},{"damage":22,"enemies":"3 Sentries","floor":14,"turns":6},{"damage":42,"enemies":"Hexaghost","floor":16,"turns":9}],"seed_played":"-8505164657433666968","potions_obtained":[{"floor":4,"key":"Fire Potion"},{"floor":5,"key":"Fire Potion"},{"floor":12,"key":"SkillPotion"},{"floor":13,"key":"SteroidPotion"}],"is_trial":false,"path_per_floor":["M","$","?","M","M","E","R","E","T","R","T","M","M","E","R","B"],"character_chosen":"IRONCLAD","items_purchased":["Whirlwind","Whetstone","Corruption"],"campfire_rested":1,"item_purchase_floors":[2,2,2],"current_hp_per_floor":[47,47,47,52,58,56,56,32,32,52,52,50,51,37,37,0],"gold":249,"neow_bonus":"TWO_FIFTY_GOLD","is_prod":false,"is_daily":false,"chose_seed":false,"campfire_upgraded":2,"win_rate":0,"timestamp":1548525959,"path_taken":["M","$","?","M","M","E","R","E","T","R","?","?","?","E","R","BOSS"],"build_version":"2019-01-23","purchased_purges":1,"victory":false,"max_hp_per_floor":[75,75,68,68,68,68,68,68,68,68,68,68,68,68,68,68],"card_choices":[{"not_picked":["Havoc","Thunderclap"],"picked":"Clash","floor":1},{"not_picked":["Body Slam","Flex"],"picked":"Sword Boomerang","floor":4},{"not_picked":["Clothesline","Cleave"],"picked":"Shrug It Off","floor":5},{"not_picked":["Reckless Charge","Blood for Blood"],"picked":"Double Tap","floor":6},{"not_picked":["Flex","Sever Soul","Anger"],"picked":"SKIP","floor":8},{"not_picked":["Wild Strike","Thunderclap"],"picked":"Armaments","floor":12},{"not_picked":["Shrug It Off","Flex","Havoc"],"picked":"SKIP","floor":12},{"not_picked":["Body Slam","Headbutt"],"picked":"Shrug It Off","floor":13},{"not_picked":["Armaments","Body Slam"],"picked":"Fiend Fire","floor":13},{"not_picked":["Barricade","True Grit"],"picked":"Shockwave","floor":14}],"player_experience":759218,"relics_obtained":[{"floor":6,"key":"Blue Candle"},{"floor":8,"key":"Prayer Wheel"},{"floor":9,"key":"Bird Faced Urn"},{"floor":11,"key":"Dream Catcher"},{"floor":14,"key":"Bottled Flame"}],"event_choices":[{"damage_healed":0,"gold_gain":0,"player_choice":"Lose Max HP","damage_taken":0,"relics_obtained":["Golden Idol"],"max_hp_gain":0,"max_hp_loss":7,"event_name":"Golden Idol","floor":3,"gold_loss":0}],"is_beta":false,"boss_relics":[],"items_purged_floors":[2],"is_endless":false,"potions_floor_spawned":[4,5,12,13,14],"killed_by":"Hexaghost","ascension_level":20}