{"path_per_floor":["M","?","M","?","?","R","M","E","T","E","R","E","M","?","R","B",null,"M","?","$","?"],"character_chosen":"IRONCLAD","items_purchased":["Toxic Egg 2","Toolbox"],"gold_per_floor":[116,116,136,101,101,101,125,159,184,228,228,264,280,280,280,410,410,433,433,22,22],"floor_reached":22,"campfire_rested":2,"playtime":762,"current_hp_per_floor":[59,59,64,72,54,54,53,41,41,21,42,21,27,24,45,28,72,38,38,38,38],"items_purged":[],"gold":22,"score":266,"play_id":"52ba90ec-ef7a-4246-ba1c-b797ebb4e48a","is_prod":false,"is_daily":false,"is_ascension_mode":true,"campfire_upgraded":1,"path_taken":["M","?","?","?","?","R","M","E","T","E","R","E","M","?","R","BOSS","M","?","?","?","M"],"build_version":"2018-02-15-PROD1","purchased_purges":0,"victory":false,"master_deck":["Defend_R","Defend_R","Bash","Juggernaut","Fire Breathing+1","Blood for Blood","Reckless Charge","Shockwave","Metallicize","Rage","Sword Boomerang","Iron Wave","Seeing Red","Barricade","Doubt","Regret","Clumsy","Blood for Blood","Bite","Bite","Bite","Bite","Bite","Disarm+1"],"max_hp_per_floor":[72,72,72,72,72,72,72,72,72,72,72,72,72,72,72,72,72,72,50,50,50],"relics":["Burning Blood","Golden Idol","The Courier","Vajra","Paper Frog","Pen Nib","Juzu Bracelet","Calling Bell","Happy Flower","Ornamental Fan","Ancient Tea Set","Toxic Egg 2","Toolbox"],"card_choices":[{"not_picked":["Flex","Heavy Blade"],"picked":"Blood for Blood"},{"not_picked":["Dropkick","Thunderclap"],"picked":"Shockwave"},{"not_picked":["Headbutt","Warcry"],"picked":"Metallicize"},{"not_picked":["Headbutt","Hemokinesis"],"picked":"Rage"},{"not_picked":["Bloodletting","Entrench"],"picked":"Sword Boomerang"},{"not_picked":["Flex","Cleave"],"picked":"Iron Wave"},{"not_picked":["True Grit","Twin Strike"],"picked":"Seeing Red"},{"not_picked":["Immolate","Juggernaut"],"picked":"Barricade"},{"not_picked":["Searing Blow","Rupture"],"picked":"Blood for Blood"}],"player_experience":124738,"potions_floor_usage":[10,16],"damage_taken":[{"damage":19,"enemies":"Jaw Worm","floor":1,"turns":5},{"damage":1,"enemies":"Cultist","floor":3,"turns":3},{"damage":7,"enemies":"2 Louse","floor":7,"turns":3},{"damage":18,"enemies":"Gremlin Nob","floor":8,"turns":4},{"damage":26,"enemies":"Lagavulin","floor":10,"turns":6},{"damage":27,"enemies":"Gremlin Nob","floor":12,"turns":5},{"damage":0,"enemies":"Large Slime","floor":13,"turns":4},{"damage":23,"enemies":"The Guardian","floor":16,"turns":9},{"damage":40,"enemies":"Chosen","floor":18,"turns":6},{"damage":51,"enemies":"Spheric Guardian","floor":22,"turns":5}],"event_choices":[{"event_name":"Transmorgrifier","player_choice":"Transform","floor":2,"damage_taken":0},{"event_name":"The Cleric","player_choice":"Healed","floor":4,"damage_taken":0},{"event_name":"Golden Idol","player_choice":"Take Damage","floor":5,"damage_taken":0},{"event_name":"Scrap Ooze","player_choice":"success","floor":14,"damage_taken":3},{"event_name":"Vampires","player_choice":"Became a vampire","floor":19,"damage_taken":0},{"event_name":"Transmorgrifier","player_choice":"Transform","floor":21,"damage_taken":0}],"boss_relics":[{"not_picked":["Cursed Key","Black Star"],"picked":"Calling Bell"}],"potions_floor_spawned":[3,8,12,13,16],"seed_played":"-4566707713869678256","killed_by":"Spheric Guardian","ascension_level":4,"is_trial":false}