{"gold_per_floor":[12,24,24,40,40,40,79,79,79,92,115,115,146,169,169,267,267,292,306,319,49,174,174,224,257,331,349,384,59,59,59,59,155,155,171,186,186,311,326,357,357,388,388,721,996,1009,144,160,160,160,160],"floor_reached":52,"playtime":3253,"items_purged":["Strike_B","Regret"],"score":2070,"play_id":"093b3646-7584-4bb4-8aeb-17ba210d82ed","local_time":"20190225222131","is_ascension_mode":true,"campfire_choices":[{"data":"Glacier","floor":6.0,"key":"SMITH"},{"floor":8.0,"key":"REST"},{"floor":12.0,"key":"REST"},{"data":"Defragment","floor":15.0,"key":"SMITH"},{"floor":23.0,"key":"REST"},{"data":"Buffer","floor":30.0,"key":"SMITH"},{"floor":32.0,"key":"REST"},{"data":"Loop","floor":41,"key":"SMITH"},{"data":"Self Repair","floor":49,"key":"SMITH"}],"neow_cost":"NO_GOLD","seed_source_timestamp":0,"circlet_count":0,"master_deck":["AscendersBane","Strike_B","Strike_B","Strike_B","Defend_B","Defend_B","Defend_B","Zap","Dualcast","Go for the Eyes","Compile Driver","Glacier+1","FTL","Ball Lightning","Loop+1","Buffer+1","Defragment+1","Hyperbeam","Self Repair+1","Sunder","Defragment+1","Buffer+1","Creative AI+1","Recycle+1","Glacier+1","Biased Cognition+1","Force Field+1","Rainbow+1","Capacitor+1","Consume+1","Heatsinks+1"],"special_seed":0,"relics":["Cracked Core","Turnip","Centennial Puzzle","Symbiotic Virus","PreservedInsect","Snecko Eye","Frozen Egg 2","Dead Branch","Toxic Egg 2","Anchor","Bottled Tornado","Matryoshka","Philosopher\u0027s Stone","StoneCalendar","Ginger","Letter Opener","Oddly Smooth Stone","Pen Nib","Strawberry","HandDrill","Peace Pipe"],"potions_floor_usage":[35,51,51],"damage_taken":[{"damage":0.0,"enemies":"2 Louse","floor":1.0,"turns":2.0},{"damage":4.0,"enemies":"Jaw Worm","floor":2.0,"turns":4.0},{"damage":0.0,"enemies":"Cultist","floor":4.0,"turns":3.0},{"damage":43.0,"enemies":"Gremlin Nob","floor":7.0,"turns":5.0},{"damage":3.0,"enemies":"3 Louse","floor":10.0,"turns":3.0},{"damage":0.0,"enemies":"Large Slime","floor":11.0,"turns":3.0},{"damage":11.0,"enemies":"3 Sentries","floor":13.0,"turns":12.0},{"damage":10.0,"enemies":"2 Fungi Beasts","floor":14.0,"turns":3.0},{"damage":3.0,"enemies":"The Guardian","floor":16.0,"turns":11.0},{"damage":0.0,"enemies":"Spheric Guardian","floor":18.0,"turns":3.0},{"damage":5.0,"enemies":"Shell Parasite","floor":19.0,"turns":8.0},{"damage":14.0,"enemies":"Snake Plant","floor":20.0,"turns":6.0},{"damage":22.0,"enemies":"Colosseum Slavers","floor":22.0,"turns":5.0},{"damage":7.0,"enemies":"Colosseum Nobs","floor":22.0,"turns":4.0},{"damage":0.0,"enemies":"Gremlin Leader","floor":25.0,"turns":5.0},{"damage":2.0,"enemies":"Centurion and Healer","floor":27.0,"turns":4.0},{"damage":10.0,"enemies":"Book of Stabbing","floor":28.0,"turns":6.0},{"damage":4.0,"enemies":"Champ","floor":33.0,"turns":16.0},{"damage":10,"enemies":"3 Darklings","floor":35,"turns":6},{"damage":2,"enemies":"Orb Walker","floor":36,"turns":4},{"damage":0,"enemies":"Mind Bloom Boss Battle","floor":38,"turns":9},{"damage":0,"enemies":"Spire Growth","floor":39,"turns":5},{"damage":0,"enemies":"Giant Head","floor":40,"turns":8},{"damage":0,"enemies":"Nemesis","floor":42,"turns":5},{"damage":17,"enemies":"Jaw Worm Horde","floor":46,"turns":6},{"damage":0,"enemies":"3 Darklings","floor":48,"turns":6},{"damage":10,"enemies":"Donu and Deca","floor":50,"turns":8},{"damage":41,"enemies":"Time Eater","floor":51,"turns":9}],"seed_played":"4867893121051071605","potions_obtained":[{"floor":1.0,"key":"PowerPotion"},{"floor":7.0,"key":"Poison Potion"},{"floor":11.0,"key":"EssenceOfSteel"},{"floor":14.0,"key":"Poison Potion"},{"floor":16.0,"key":"Poison Potion"},{"floor":22.0,"key":"SpeedPotion"},{"floor":25.0,"key":"Fire Potion"},{"floor":36,"key":"PowerPotion"},{"floor":42,"key":"PowerPotion"}],"is_trial":false,"path_per_floor":["M","M","?","M","?","R","E","R","T","M","M","R","E","M","R","B",null,"M","M","M","$","?","R","?","E","T","M","E","$","R","?","R","B",null,"M","M","?","?","M","E","R","E","T","?","?","M","$","M","R","B","B",null],"character_chosen":"DEFECT","items_purchased":["Frozen Egg 2","Creative AI+1","Recycle+1","Strawberry","HandDrill","Heatsinks+1","Peace Pipe"],"campfire_rested":4,"item_purchase_floors":[21,29,29,47,47,47,47],"current_hp_per_floor":[64,60,60,60,60,60,17,38,38,35,35,56,45,35,35,32,61,61,56,49,49,27,48,48,55,55,53,50,50,50,50,71,71,71,68,71,71,71,71,71,71,71,71,71,71,61,68,75,75,75,34],"gold":160,"neow_bonus":"ONE_RARE_RELIC","is_prod":false,"is_daily":false,"chose_seed":false,"campfire_upgraded":5,"win_rate":0,"timestamp":1551151291,"path_taken":["M","M","?","M","?","R","E","R","T","M","M","R","E","?","R","BOSS","M","M","M","$","?","R","?","E","T","M","E","$","R","?","R","BOSS","M","M","?","?","M","E","R","E","T","?","?","M","$","?","R","BOSS","BOSS"],"build_version":"2019-01-23","purchased_purges":2,"victory":true,"max_hp_per_floor":[71,71,71,71,71,71,71,71,71,71,71,71,71,71,71,71,71,71,71,71,71,71,71,71,71,71,71,71,71,71,71,71,71,71,71,71,71,71,71,71,71,71,71,71,71,71,78,78,78,78,78],"card_choices":[{"not_picked":["Chaos","Rebound"],"picked":"Go for the Eyes","floor":1.0},{"not_picked":["Hello World","Darkness"],"picked":"Compile Driver","floor":2.0},{"not_picked":["Streamline","Chill"],"picked":"Glacier","floor":4.0},{"not_picked":["Skim","Fusion"],"picked":"FTL","floor":7.0},{"not_picked":["Redo","Glacier"],"picked":"Ball Lightning","floor":10.0},{"not_picked":["Rip and Tear","Rebound"],"picked":"Loop","floor":11.0},{"not_picked":["Consume","Melter"],"picked":"Buffer","floor":13.0},{"not_picked":["Barrage","Hologram"],"picked":"Defragment","floor":14.0},{"not_picked":["Rainbow","All For One"],"picked":"Hyperbeam","floor":16.0},{"not_picked":["Barrage","Turbo","Genetic Algorithm"],"picked":"SKIP","floor":18.0},{"not_picked":["Scrape","Chill"],"picked":"Self Repair","floor":19.0},{"not_picked":["Sweeping Beam","Chill"],"picked":"Sunder","floor":20.0},{"not_picked":["Genetic Algorithm+1","Turbo+1"],"picked":"Defragment+1","floor":25.0},{"not_picked":["Aggregate+1","Compile Driver","FTL"],"picked":"SKIP","floor":27.0},{"not_picked":["Reinforced Body+1","Beam Cell"],"picked":"Buffer+1","floor":28.0},{"not_picked":["Reboot+1","Thunder Strike"],"picked":"Biased Cognition+1","floor":33.0},{"not_picked":["Steam Power+1","Hologram+1","Coolheaded+1"],"picked":"SKIP","floor":35},{"not_picked":["Aggregate+1","Conserve Battery+1","Compile Driver"],"picked":"SKIP","floor":36},{"not_picked":["Reprogram+1","Scrape+1"],"picked":"Force Field+1","floor":39},{"not_picked":["Cold Snap+1","Ball Lightning+1"],"picked":"Rainbow+1","floor":40},{"not_picked":["Double Energy+1","Chill+1"],"picked":"Capacitor+1","floor":42},{"not_picked":["Leap+1","Sweeping Beam"],"picked":"Consume+1","floor":46},{"not_picked":["Leap+1","Steam+1","Ball Lightning+1"],"picked":"SKIP","floor":48}],"player_experience":331341,"relics_obtained":[{"floor":7.0,"key":"Centennial Puzzle"},{"floor":9.0,"key":"Symbiotic Virus"},{"floor":13.0,"key":"PreservedInsect"},{"floor":22.0,"key":"Dead Branch"},{"floor":22.0,"key":"Toxic Egg 2"},{"floor":25.0,"key":"Anchor"},{"floor":26.0,"key":"Bottled Tornado"},{"floor":28.0,"key":"Matryoshka"},{"floor":38,"key":"StoneCalendar"},{"floor":40,"key":"Ginger"},{"floor":42,"key":"Letter Opener"},{"floor":43,"key":"Oddly Smooth Stone"},{"floor":43,"key":"Pen Nib"}],"event_choices":[{"damage_healed":0.0,"max_hp_gain":0.0,"max_hp_loss":0.0,"gold_gain":0.0,"event_name":"Golden Idol","player_choice":"Take Wound","floor":3.0,"gold_loss":0.0,"damage_taken":0.0,"relics_obtained":["Golden Idol"],"cards_obtained":["Injury"]},{"cards_removed":["Injury"],"damage_healed":0.0,"max_hp_gain":0.0,"max_hp_loss":0.0,"gold_gain":0.0,"event_name":"Living Wall","player_choice":"Forget","floor":5.0,"gold_loss":0.0,"damage_taken":0.0},{"damage_healed":0.0,"max_hp_gain":0.0,"max_hp_loss":0.0,"gold_gain":0.0,"event_name":"Colosseum","player_choice":"Fight","floor":22.0,"gold_loss":0.0,"damage_taken":0.0},{"damage_healed":0.0,"max_hp_gain":0.0,"max_hp_loss":0.0,"gold_gain":0.0,"event_name":"Colosseum","player_choice":"Fought Nobs","floor":22.0,"gold_loss":0.0,"damage_taken":0.0},{"damage_healed":0.0,"max_hp_gain":0.0,"max_hp_loss":0.0,"gold_gain":50.0,"event_name":"Nest","player_choice":"Stole From Cult","floor":24.0,"gold_loss":0.0,"damage_taken":0.0},{"damage_healed":0.0,"max_hp_gain":0.0,"max_hp_loss":0.0,"gold_gain":0.0,"event_name":"The Library","player_choice":"Read","floor":31.0,"gold_loss":0.0,"damage_taken":0.0,"cards_obtained":["Glacier"]},{"cards_removed":["Defend_B"],"damage_healed":0,"gold_gain":0,"player_choice":"Removed Skill","damage_taken":0,"max_hp_gain":0,"max_hp_loss":0,"event_name":"Falling","floor":37,"gold_loss":0},{"damage_healed":0,"gold_gain":0,"player_choice":"Fight","damage_taken":0,"max_hp_gain":0,"max_hp_loss":0,"event_name":"MindBloom","floor":38,"gold_loss":0},{"damage_healed":0,"gold_gain":333,"player_choice":"Gave Idol","damage_taken":0,"max_hp_gain":0,"max_hp_loss":0,"event_name":"The Moai Head","floor":44,"relics_lost":["Golden Idol"],"gold_loss":0},{"damage_healed":0,"gold_gain":275,"player_choice":"Desecrate","damage_taken":0,"max_hp_gain":0,"max_hp_loss":0,"event_name":"Golden Shrine","floor":45,"gold_loss":0,"cards_obtained":["Regret"]}],"is_beta":false,"boss_relics":[{"not_picked":["Lizard Tail","Pandora\u0027s Box"],"picked":"Snecko Eye"},{"not_picked":["FrozenCore","White Beast Statue"],"picked":"Philosopher\u0027s Stone"}],"items_purged_floors":[29,47],"is_endless":false,"potions_floor_spawned":[1,7,11,14,16,19,22,25,28,36,42],"ascension_level":20}