{"path_per_floor":["M","?","M","?","M","M","M","$","T","R","E","M","E","M","R","B",null,"M","?","M","?","M","R","E","M","T","R","M","R","$","M","R"],"character_chosen":"DEFECT","items_purchased":["Self Repair","Capacitor","Mind Blast"],"gold_per_floor":[13,13,28,28,48,73,86,11,11,11,55,74,105,125,125,248,248,263,178,201,126,140,140,180,200,200,200,220,220,6,26,26,26],"floor_reached":33,"campfire_rested":3,"playtime":1166,"item_purchase_floors":[8,30,30],"current_hp_per_floor":[59,64,64,64,62,61,33,33,33,57,54,50,54,55,55,19,75,47,47,47,47,32,60,44,20,20,48,48,48,48,59,59,0],"items_purged":["Strike_B"],"gold":26,"score":390,"play_id":"05b21b3b-6b5f-4eb9-a02b-53083942c2b7","local_time":"20180616233219","is_prod":false,"is_daily":false,"chose_seed":false,"is_ascension_mode":true,"campfire_upgraded":3,"win_rate":0,"timestamp":1529209939,"campfire_choices":[{"floor":10,"key":"REST"},{"data":"White Noise","floor":15,"key":"SMITH"},{"floor":23,"key":"REST"},{"floor":27,"key":"REST"},{"data":"White Noise","floor":29,"key":"SMITH"},{"data":"Capacitor","floor":32,"key":"SMITH"}],"path_taken":["M","?","?","?","M","M","?","$","T","R","E","M","E","M","R","BOSS","M","?","M","?","M","R","E","?","T","R","M","R","$","M","R","BOSS"],"build_version":"2018-06-14v2","seed_source_timestamp":2663875713072324,"purchased_purges":1,"victory":false,"master_deck":["Strike_B","Strike_B","Defend_B","Defend_B","Defend_B","Zap","Dualcast","Storm","Meteor Strike","Leap","Gash","Ball Lightning","Conserve Battery","Sunder","Self Repair","Streamline","Beam Cell","Cold Snap","White Noise+1","Machine Learning","Sweeping Beam","Reinforced Body+1","Melter+1","Conserve Battery","Reboot","Defragment+1","Conserve Battery+1","White Noise+1","Compile Driver","Capacitor+1","Mind Blast","Amplify","Stack"],"max_hp_per_floor":[75,80,80,80,80,80,80,80,80,80,80,80,94,94,94,94,94,94,94,94,94,94,94,94,94,94,94,94,94,94,94,94,94],"relics":["Cracked Core","Golden Idol","Ice Cream","Prayer Wheel","Mango","Runic Dome","Lantern","Meat on the Bone","Vajra"],"card_choices":[{"not_picked":["Sweeping Beam","Barrage"],"picked":"Leap","floor":1},{"not_picked":["Go for the Eyes","FTL"],"picked":"Gash","floor":3},{"not_picked":["Cold Snap","Streamline"],"picked":"Ball Lightning","floor":5},{"not_picked":["Leap","Cold Snap"],"picked":"Conserve Battery","floor":6},{"not_picked":["Redo","Gash"],"picked":"Sunder","floor":7},{"not_picked":["Amplify","Ball Lightning"],"picked":"Streamline","floor":11},{"not_picked":["Streamline","Tempest"],"picked":"Beam Cell","floor":12},{"not_picked":["Genetic Algorithm","Sunder"],"picked":"Cold Snap","floor":12},{"not_picked":["Defragment","Steam Power"],"picked":"White Noise","floor":13},{"not_picked":["Ball Lightning","Sunder","Rainbow"],"picked":"SKIP","floor":14},{"not_picked":["Stack","Streamline","Steam"],"picked":"SKIP","floor":14},{"not_picked":["Reboot","Buffer"],"picked":"Machine Learning","floor":16},{"not_picked":["Cold Snap","Coolheaded+1"],"picked":"Sweeping Beam","floor":18},{"not_picked":["Redo","Lockon+1"],"picked":"Reinforced Body+1","floor":18},{"not_picked":["Coolheaded","Go for the Eyes"],"picked":"Melter+1","floor":20},{"not_picked":["Turbo","Stack"],"picked":"Conserve Battery","floor":20},{"not_picked":["Rebound","Gash"],"picked":"Reboot","floor":22},{"not_picked":["Ball Lightning","Barrage","Recycle+1"],"picked":"SKIP","floor":22},{"not_picked":["Compile Driver+1","Sweeping Beam+1"],"picked":"Defragment+1","floor":24},{"not_picked":["Turbo","Darkness"],"picked":"Conserve Battery+1","floor":25},{"not_picked":["Stack+1","Reinforced Body+1"],"picked":"White Noise","floor":25},{"not_picked":["Consume","Gash"],"picked":"Compile Driver","floor":28},{"not_picked":["Turbo","Steam","Ball Lightning"],"picked":"SKIP","floor":28},{"not_picked":["Reinforced Body","Compile Driver"],"picked":"Amplify","floor":31},{"not_picked":["Go for the Eyes","Hologram"],"picked":"Stack","floor":31}],"player_experience":392071,"potions_floor_usage":[24,24,33],"damage_taken":[{"damage":9,"enemies":"Small Slimes","floor":1,"turns":4},{"damage":0,"enemies":"Cultist","floor":3,"turns":3},{"damage":2,"enemies":"2 Louse","floor":5,"turns":2},{"damage":1,"enemies":"Large Slime","floor":6,"turns":5},{"damage":28,"enemies":"Gremlin Gang","floor":7,"turns":5},{"damage":10,"enemies":"3 Sentries","floor":11,"turns":6},{"damage":11,"enemies":"Red Slaver","floor":12,"turns":4},{"damage":17,"enemies":"Lagavulin","floor":13,"turns":6},{"damage":6,"enemies":"Blue Slaver","floor":14,"turns":4},{"damage":36,"enemies":"The Guardian","floor":16,"turns":11},{"damage":28,"enemies":"Spheric Guardian","floor":18,"turns":4},{"damage":7,"enemies":"Shell Parasite","floor":20,"turns":3},{"damage":22,"enemies":"Centurion and Healer","floor":22,"turns":6},{"damage":23,"enemies":"Gremlin Leader","floor":24,"turns":5},{"damage":43,"enemies":"Snake Plant","floor":25,"turns":4},{"damage":0,"enemies":"Sentry and Sphere","floor":28,"turns":2},{"damage":1,"enemies":"3 Cultists","floor":31,"turns":4},{"damage":69,"enemies":"Collector","floor":33,"turns":6}],"relics_obtained":[{"floor":9,"key":"Ice Cream"},{"floor":11,"key":"Prayer Wheel"},{"floor":13,"key":"Mango"},{"floor":24,"key":"Meat on the Bone"},{"floor":26,"key":"Vajra"}],"event_choices":[{"event_name":"Big Fish","player_choice":"Donut","floor":2,"damage_taken":0},{"event_name":"Golden Idol","player_choice":"Take Wound","floor":4,"damage_taken":0},{"event_name":"Addict","player_choice":"Obtained Relic","floor":19,"damage_taken":0},{"event_name":"Beggar","player_choice":"Gave Gold","floor":21,"damage_taken":0}],"boss_relics":[{"not_picked":["Philosopher\u0027s Stone","Astrolabe"],"picked":"Runic Dome"}],"items_purged_floors":[30],"is_endless":false,"potions_floor_spawned":[3,7,13,14,16,20,22,28,31],"seed_played":"4452309096197808331","killed_by":"Collector","ascension_level":6,"potions_obtained":[{"floor":3,"key":"SpeedPotion"},{"floor":7,"key":"Ancient Potion"},{"floor":13,"key":"SpeedPotion"},{"floor":16,"key":"Explosive Potion"},{"floor":20,"key":"PowerPotion"},{"floor":28,"key":"SteroidPotion"},{"floor":31,"key":"SkillPotion"}],"is_trial":false}