{"gold_per_floor":[116,134,146,146,160,160,191,191,244,272,272,288,307,324,324,324],"floor_reached":16,"playtime":673,"items_purged":[],"score":222,"play_id":"8c88c5a1-13ad-421f-b94b-9ddc306f97eb","local_time":"20181023183053","is_ascension_mode":true,"campfire_choices":[{"data":"Deadly Poison","floor":6,"key":"SMITH"},{"floor":8,"key":"REST"},{"floor":15,"key":"REST"}],"neow_cost":"NONE","seed_source_timestamp":509759608008819,"circlet_count":0,"master_deck":["Defend_G","Defend_G","Defend_G+1","Defend_G","Defend_G","Strike_G","Strike_G","Strike_G","Strike_G","Strike_G","Survivor+1","Neutralize+1","AscendersBane","Deadly Poison+1","Deadly Poison+1","Crippling Poison","Cloak And Dagger","Noxious Fumes","Footwork","Well Laid Plans"],"relics":["Ring of the Snake","Mercury Hourglass","Boot","War Paint"],"potions_floor_usage":[10,16,16],"damage_taken":[{"damage":0,"enemies":"Jaw Worm","floor":1,"turns":7},{"damage":4,"enemies":"Small Slimes","floor":2,"turns":5},{"damage":1,"enemies":"Cultist","floor":3,"turns":4},{"damage":3,"enemies":"3 Louse","floor":5,"turns":4},{"damage":38,"enemies":"3 Sentries","floor":7,"turns":10},{"damage":15,"enemies":"Lagavulin","floor":10,"turns":6},{"damage":0,"enemies":"Blue Slaver","floor":12,"turns":3},{"damage":6,"enemies":"Large Slime","floor":13,"turns":6},{"damage":2,"enemies":"Exordium Wildlife","floor":14,"turns":3},{"damage":29,"enemies":"Slime Boss","floor":16,"turns":8}],"seed_played":"-7197357549612254490","potions_obtained":[{"floor":3,"key":"Ancient Potion"},{"floor":7,"key":"Poison Potion"},{"floor":10,"key":"Poison Potion"},{"floor":12,"key":"Strength Potion"}],"is_trial":false,"path_per_floor":["M","M","M","?","M","R","E","R","T","E","?","M","M","M","R"],"character_chosen":"THE_SILENT","items_purchased":[],"campfire_rested":2,"item_purchase_floors":[],"current_hp_per_floor":[59,55,54,54,51,51,13,32,32,17,17,17,11,9,28,0],"gold":324,"neow_bonus":"UPGRADE_CARD","is_prod":false,"is_daily":false,"chose_seed":false,"campfire_upgraded":1,"win_rate":0,"timestamp":1540333853,"path_taken":["M","M","M","?","M","R","E","R","T","E","?","?","M","M","R","BOSS"],"build_version":"2018-10-18","purchased_purges":0,"victory":false,"max_hp_per_floor":[66,66,66,66,66,66,66,66,66,66,66,66,66,66,66,66],"card_choices":[{"not_picked":["Poisoned Stab","Blade Dance"],"picked":"Deadly Poison","floor":1},{"not_picked":["Reflex","Outmaneuver"],"picked":"Deadly Poison","floor":2},{"not_picked":["Predator","Blade Dance"],"picked":"Crippling Poison","floor":3},{"not_picked":["Dagger Throw","Tools of the Trade"],"picked":"Cloak And Dagger","floor":5},{"not_picked":["Bane","Prepared","Sucker Punch"],"picked":"SKIP","floor":7},{"not_picked":["Concentrate","Masterful Stab","Blade Dance"],"picked":"SKIP","floor":10},{"not_picked":["Setup","Eviscerate"],"picked":"Noxious Fumes","floor":12},{"not_picked":["Poisoned Stab","Outmaneuver"],"picked":"Footwork","floor":13},{"not_picked":["Quick Slash","PiercingWail"],"picked":"Well Laid Plans","floor":14}],"player_experience":601678,"relics_obtained":[{"floor":7,"key":"Mercury Hourglass"},{"floor":9,"key":"Boot"},{"floor":10,"key":"War Paint"}],"event_choices":[{"damage_healed":0,"gold_gain":0,"player_choice":"Grow","damage_taken":0,"max_hp_gain":0,"max_hp_loss":0,"event_name":"Living Wall","floor":4,"gold_loss":0,"cards_upgraded":["Deadly Poison"]},{"damage_healed":0,"gold_gain":0,"player_choice":"Ignored","damage_taken":0,"max_hp_gain":0,"max_hp_loss":0,"event_name":"Shining Light","floor":11,"gold_loss":0}],"is_beta":false,"boss_relics":[],"items_purged_floors":[],"is_endless":false,"potions_floor_spawned":[3,7,10,12,14],"killed_by":"Slime Boss","ascension_level":19}