{"gold_per_floor":[12,12,32,32,53,71,71,47,47,63,84,103,103,116,116,239,239,258,271,284,284],"floor_reached":21,"playtime":1166,"items_purged":[],"score":204,"play_id":"8e6e2b33-f3d0-434e-acab-32be70006076","local_time":"20181128223746","is_ascension_mode":true,"campfire_choices":[{"data":"Dualcast","floor":7,"key":"SMITH"},{"floor":13,"key":"REST"},{"floor":15,"key":"REST"}],"neow_cost":"NO_GOLD","seed_source_timestamp":12253210360731,"circlet_count":0,"master_deck":["Strike_B","Strike_B","Defend_B","Defend_B","Defend_B","Defend_B","Zap+1","Dualcast+1","Go for the Eyes","Injury","Darkness","FTL","Go for the Eyes","Turbo","Core Surge","BootSequence","Sunder","Seek","Defragment","Tempest","Leap"],"relics":["Cracked Core","Golden Idol","Sundial","Sozu"],"potions_floor_usage":[6,16,19],"damage_taken":[{"damage":2,"enemies":"Jaw Worm","floor":1,"turns":3},{"damage":0,"enemies":"2 Louse","floor":3,"turns":1},{"damage":0,"enemies":"Cultist","floor":5,"turns":3},{"damage":22,"enemies":"Lots of Slimes","floor":6,"turns":5},{"damage":7,"enemies":"Large Slime","floor":10,"turns":5},{"damage":6,"enemies":"Looter","floor":11,"turns":3},{"damage":24,"enemies":"Lots of Slimes","floor":12,"turns":4},{"damage":0,"enemies":"Blue Slaver","floor":14,"turns":2},{"damage":36,"enemies":"The Guardian","floor":16,"turns":11},{"damage":17,"enemies":"Shell Parasite","floor":18,"turns":5},{"damage":10,"enemies":"3 Byrds","floor":19,"turns":5},{"damage":40,"enemies":"Sentry and Sphere","floor":20,"turns":6},{"damage":14,"enemies":"Snake Plant","floor":21,"turns":1}],"seed_played":"-6752561897140605816","potions_obtained":[{"floor":5,"key":"Weak Potion"},{"floor":10,"key":"Ancient Potion"},{"floor":14,"key":"SkillPotion"},{"floor":16,"key":"Block Potion"}],"is_trial":false,"path_per_floor":["M","?","M","?","M","M","R","$","T","M","M","M","R","M","R","B",null,"M","M","M","M"],"character_chosen":"DEFECT","items_purchased":["Go for the Eyes"],"campfire_rested":2,"item_purchase_floors":[8],"current_hp_per_floor":[73,73,73,73,73,51,51,51,51,44,38,14,36,36,58,22,75,58,48,8,0],"gold":284,"neow_bonus":"REMOVE_TWO","is_prod":false,"is_daily":false,"chose_seed":false,"campfire_upgraded":1,"win_rate":0,"timestamp":1543412266,"path_taken":["M","?","M","?","?","M","R","?","T","M","M","M","R","M","R","BOSS","M","M","M","M"],"build_version":"2018-11-15","purchased_purges":0,"victory":false,"max_hp_per_floor":[75,75,75,75,75,75,75,75,75,75,75,75,75,75,75,75,75,75,75,75,75],"card_choices":[{"not_picked":["Turbo","Coolheaded"],"picked":"Go for the Eyes","floor":1},{"not_picked":["Hello World","Stack","Rebound"],"picked":"SKIP","floor":3},{"not_picked":["Stack","Sweeping Beam"],"picked":"Darkness","floor":5},{"not_picked":["Storm","Hologram"],"picked":"FTL","floor":6},{"not_picked":["Redo","Streamline"],"picked":"Turbo","floor":10},{"not_picked":["Go for the Eyes","Compile Driver"],"picked":"Core Surge","floor":11},{"not_picked":["Redo","Chaos"],"picked":"BootSequence","floor":12},{"not_picked":["Auto Shields","Recycle"],"picked":"Sunder","floor":14},{"not_picked":["Amplify","Rainbow"],"picked":"Seek","floor":16},{"not_picked":["Ball Lightning","Compile Driver"],"picked":"Defragment","floor":18},{"not_picked":["Storm","Barrage+1"],"picked":"Tempest","floor":19},{"not_picked":["Reprogram+1","Barrage+1"],"picked":"Leap","floor":20}],"player_experience":120775,"relics_obtained":[{"floor":9,"key":"Sundial"}],"event_choices":[{"damage_healed":0,"gold_gain":0,"player_choice":"Take Wound","damage_taken":0,"relics_obtained":["Golden Idol"],"max_hp_gain":0,"max_hp_loss":0,"event_name":"Golden Idol","floor":2,"gold_loss":0,"cards_obtained":["Injury"]},{"damage_healed":0,"gold_gain":0,"player_choice":"Forge","damage_taken":0,"max_hp_gain":0,"max_hp_loss":0,"event_name":"Accursed Blacksmith","floor":4,"gold_loss":0,"cards_upgraded":["Zap"]}],"is_beta":false,"boss_relics":[{"not_picked":["Calling Bell","Lizard Tail"],"picked":"Sozu"}],"items_purged_floors":[],"is_endless":false,"potions_floor_spawned":[5,10,14,16,20],"killed_by":"Snake Plant","ascension_level":3}