{"gold_per_floor":[119,70,70,70,85,116,116,134,134,134,154,154,154,198,198,329,329,352,352,46,69,69,108,131,131,131,154,154,9,9,45,57,199,211,248,28,0,0,24,24,48,48,48,48,48,79,79],"floor_reached":47,"playtime":1633,"items_purged":["Strike_B"],"score":834,"play_id":"ce0f818c-c582-4db5-8c12-8c834cd66ed1","local_time":"20190202225604","is_ascension_mode":true,"campfire_choices":[{"data":"Streamline","floor":7.0,"key":"SMITH"},{"floor":12.0,"key":"REST"},{"data":"Loop","floor":15.0,"key":"SMITH"},{"floor":25.0,"key":"REST"},{"floor":30.0,"key":"REST"},{"floor":32.0,"key":"REST"},{"floor":40,"key":"REST"},{"floor":42,"key":"REST"}],"neow_cost":"NONE","seed_source_timestamp":0,"circlet_count":0,"master_deck":["AscendersBane","Strike_B","Strike_B","Defend_B+1","Defend_B","Defend_B","Defend_B","Zap","Dualcast+1","Go for the Eyes","Sweeping Beam","Streamline+1","Loop+1","Meteor Strike","Creative AI","Electrodynamics","Biased Cognition","Chaos+1","Glacier","Capacitor","Thunder Strike","Zap","BootSequence+1","Echo Form","Parasite"],"special_seed":0,"relics":["Cracked Core","NeowsBlessing","Golden Idol","Matryoshka","Pen Nib","Darkstone Periapt","Bottled Lightning","Nuclear Battery","Vajra","Letter Opener","Strawberry","Mummified Hand","Singing Bowl","War Paint","MawBank","Sozu","PreservedInsect","Red Mask","Anchor","Shuriken"],"potions_floor_usage":[],"damage_taken":[{"damage":0.0,"enemies":"Small Slimes","floor":1.0,"turns":1.0},{"damage":0.0,"enemies":"Jaw Worm","floor":5.0,"turns":1.0},{"damage":0.0,"enemies":"3 Sentries","floor":6.0,"turns":1.0},{"damage":0.0,"enemies":"Cultist","floor":8.0,"turns":3.0},{"damage":7.0,"enemies":"2 Fungi Beasts","floor":11.0,"turns":3.0},{"damage":23.0,"enemies":"Gremlin Nob","floor":14.0,"turns":4.0},{"damage":40.0,"enemies":"The Guardian","floor":16.0,"turns":10.0},{"damage":0.0,"enemies":"2 Thieves","floor":18.0,"turns":1.0},{"damage":1.0,"enemies":"Chosen","floor":21.0,"turns":4.0},{"damage":35.0,"enemies":"Slavers","floor":23.0,"turns":4.0},{"damage":32.0,"enemies":"Snake Plant","floor":24.0,"turns":4.0},{"damage":0.0,"enemies":"3 Cultists","floor":27.0,"turns":4.0},{"damage":12.0,"enemies":"Gremlin Leader","floor":31.0,"turns":6.0},{"damage":71,"enemies":"Collector","floor":33,"turns":7},{"damage":23,"enemies":"3 Darklings","floor":35,"turns":5},{"damage":6,"enemies":"3 Shapes","floor":39,"turns":3},{"damage":27,"enemies":"Writhing Mass","floor":41,"turns":6},{"damage":33,"enemies":"Nemesis","floor":46,"turns":5},{"damage":55,"enemies":"3 Darklings","floor":47,"turns":3}],"seed_played":"380392193213957230","potions_obtained":[{"floor":5.0,"key":"Regen Potion"},{"floor":13.0,"key":"Fruit Juice"},{"floor":14.0,"key":"AttackPotion"},{"floor":16.0,"key":"AttackPotion"},{"floor":21.0,"key":"Dexterity Potion"},{"floor":24.0,"key":"Weak Potion"}],"is_trial":false,"path_per_floor":["M","$","?","?","M","E","R","M","T","?","M","R","?","E","R","B",null,"M","T","$","M","?","E","M","R","T","M","$","$","R","E","R","B",null,"M","$","?","$","M","R","M","R","T","?","?","E","M"],"character_chosen":"DEFECT","items_purchased":["Dexterity Potion","Glacier","Capacitor","Strawberry","War Paint","PreservedInsect"],"campfire_rested":6,"item_purchase_floors":[2,20,20,20,29,36],"current_hp_per_floor":[68,68,50,50,50,50,50,50,50,50,43,65,65,59,59,19,65,65,65,72,71,71,36,4,30,30,30,30,30,56,46,72,1,67,46,46,46,46,42,69,50,80,80,80,82,51,0],"gold":79,"neow_bonus":"THREE_ENEMY_KILL","is_prod":false,"is_daily":false,"chose_seed":false,"campfire_upgraded":2,"win_rate":0,"timestamp":1549166164,"path_taken":["M","$","?","?","M","E","R","?","T","?","?","R","?","E","R","BOSS","M","?","$","M","?","E","?","R","T","M","?","$","R","E","R","BOSS","M","$","?","$","M","R","M","R","T","?","?","E","M"],"build_version":"2019-01-23","purchased_purges":1,"victory":false,"max_hp_per_floor":[75,75,75,75,75,75,75,75,75,75,75,75,75,80,80,80,80,80,80,87,87,87,87,87,87,87,87,87,87,87,89,89,89,89,91,91,91,91,93,93,101,101,101,96,98,100,100],"card_choices":[{"not_picked":["Turbo","Barrage"],"picked":"Go for the Eyes","floor":1.0},{"not_picked":["Barrage","Heatsinks"],"picked":"Sweeping Beam","floor":5.0},{"not_picked":["Beam Cell","Barrage"],"picked":"Streamline","floor":6.0},{"not_picked":["Stack","Beam Cell"],"picked":"Loop","floor":8.0},{"not_picked":["Cold Snap","Conserve Battery"],"picked":"Creative AI","floor":11.0},{"not_picked":["Ball Lightning","Redo"],"picked":"Electrodynamics","floor":14.0},{"not_picked":["Electrodynamics","Thunder Strike"],"picked":"Biased Cognition","floor":16.0},{"not_picked":["Tempest+1","Rebound"],"picked":"Chaos+1","floor":18.0},{"not_picked":["Aggregate","Steam+1","Ball Lightning"],"picked":"SKIP","floor":21.0},{"not_picked":["Steam","Stack","Rip and Tear"],"picked":"SKIP","floor":23.0},{"not_picked":["Cold Snap","Gash","Skim"],"picked":"SKIP","floor":24.0},{"not_picked":["Ball Lightning","Coolheaded"],"picked":"BootSequence","floor":27.0},{"not_picked":["Recycle","Scrape","Steam Power+1"],"picked":"Singing Bowl","floor":31.0},{"not_picked":["Buffer","Reboot"],"picked":"Echo Form","floor":33},{"not_picked":["Streamline","Skim","Coolheaded"],"picked":"Singing Bowl","floor":35},{"not_picked":["Coolheaded","Sweeping Beam+1","Streamline"],"picked":"Singing Bowl","floor":39},{"not_picked":["Ball Lightning","Hologram","Streamline+1"],"picked":"Singing Bowl","floor":41},{"not_picked":["Dark Shackles","Flash of Steel","Dramatic Entrance"],"picked":"Singing Bowl","floor":45},{"not_picked":["Beam Cell","Stack+1","Redo+1"],"picked":"Singing Bowl","floor":46}],"player_experience":214048,"relics_obtained":[{"floor":6.0,"key":"Matryoshka"},{"floor":9.0,"key":"Pen Nib"},{"floor":9.0,"key":"Darkstone Periapt"},{"floor":14.0,"key":"Bottled Lightning"},{"floor":19.0,"key":"Vajra"},{"floor":19.0,"key":"Letter Opener"},{"floor":23.0,"key":"Mummified Hand"},{"floor":26.0,"key":"Singing Bowl"},{"floor":31.0,"key":"MawBank"},{"floor":43,"key":"Anchor"},{"floor":46,"key":"Shuriken"}],"event_choices":[{"damage_healed":0.0,"max_hp_gain":0.0,"max_hp_loss":0.0,"gold_gain":0.0,"event_name":"Golden Idol","player_choice":"Take Damage","floor":3.0,"gold_loss":0.0,"damage_taken":18.0,"relics_obtained":["Golden Idol"]},{"damage_healed":0.0,"max_hp_gain":0.0,"max_hp_loss":0.0,"gold_gain":0.0,"event_name":"Accursed Blacksmith","player_choice":"Forge","floor":4.0,"gold_loss":0.0,"damage_taken":0.0,"cards_upgraded":["Dualcast"]},{"damage_healed":0.0,"max_hp_gain":0.0,"max_hp_loss":0.0,"gold_gain":0.0,"cards_transformed":["Strike_B"],"event_name":"Transmorgrifier","player_choice":"Transformed","floor":10.0,"gold_loss":0.0,"damage_taken":0.0,"cards_obtained":["Meteor Strike"]},{"damage_healed":0.0,"max_hp_gain":0.0,"max_hp_loss":0.0,"gold_gain":0.0,"event_name":"Lab","player_choice":"Got Potions","floor":13.0,"gold_loss":0.0,"damage_taken":0.0},{"damage_healed":0.0,"max_hp_gain":0.0,"max_hp_loss":0.0,"gold_gain":0.0,"event_name":"Match and Keep!","player_choice":"2 cards matched","floor":22.0,"gold_loss":0.0,"damage_taken":0.0,"cards_obtained":["Thunder Strike","Zap"]},{"damage_healed":0,"gold_gain":0,"player_choice":"Paid","damage_taken":0,"relics_obtained":["Red Mask"],"max_hp_gain":0,"max_hp_loss":0,"event_name":"Tomb of Lord Red Mask","floor":37,"gold_loss":28},{"damage_healed":0,"gold_gain":0,"player_choice":"Max HP","damage_taken":0,"max_hp_gain":0,"max_hp_loss":5,"event_name":"Winding Halls","floor":44,"gold_loss":0},{"damage_healed":0,"gold_gain":0,"player_choice":"Memory 1","damage_taken":0,"max_hp_gain":0,"max_hp_loss":0,"event_name":"SensoryStone","floor":45,"gold_loss":0}],"is_beta":false,"boss_relics":[{"not_picked":["Ectoplasm","Pandora\u0027s Box"],"picked":"Nuclear Battery"},{"not_picked":["Inserter","Cursed Key"],"picked":"Sozu"}],"items_purged_floors":[36],"is_endless":false,"potions_floor_spawned":[5,14,16,21,24,35,39],"killed_by":"3 Darklings","ascension_level":11}