{"path_per_floor":["M","M","?","?","$","?","?","M","T","M","M","M","R","$","R","B",null,"M","M","?","$","M","R","M","M","T","$","M","?","R","M","R","B",null,"M","?","$","M","?","E","R","$","T","M","R","M","?","M","R"],"character_chosen":"IRONCLAD","items_purchased":["Lantern","Apotheosis","Bottled Lightning","Regen Potion","Shrug It Off","Pen Nib"],"gold_per_floor":[111,129,129,129,129,129,129,142,224,241,253,268,268,119,119,216,516,484,502,502,13,24,24,38,58,58,58,74,124,124,143,143,241,241,257,257,137,149,197,223,223,77,147,157,157,174,174,189,189],"floor_reached":50,"campfire_rested":5,"playtime":5714,"current_hp_per_floor":[80,78,70,70,70,70,70,71,71,72,77,71,71,71,71,37,80,61,39,24,24,17,57,34,40,40,40,28,28,68,74,85,85,85,85,85,85,85,66,58,85,85,85,85,85,66,85,82,85],"items_purged":["Doubt"],"gold":189,"play_id":"ead48cab-3bce-456d-8b9b-9d6dc8080b4e","is_prod":false,"is_daily":false,"campfire_rituals":0,"campfire_upgraded":3,"is_hardmode":false,"path_taken":["M","M","?","?","$","?","?","M","T","M","M","?","R","?","R","BOSS","M","M","?","$","?","R","?","M","T","?","M","?","R","M","R","BOSS","M","?","$","M","?","E","R","$","T","?","R","M","?","M","R","BOSS"],"build_version":"2017-12-21-PROD1","purchased_purges":2,"victory":false,"master_deck":["Strike_R","Strike_R","Strike_R","Strike_R","Defend_R","Defend_R","Defend_R","Defend_R","Bash","Headbutt","True Grit","Metallicize","Body Slam","Flame Barrier","Shrug It Off","Double Tap","Doubt","Parasite","Iron Wave","Body Slam","Apotheosis","Iron Wave","Battle Trance","Impervious","Headbutt","Combust","Shrug It Off","Demon Form","Shrug It Off","Warcry","Shrug It Off","Writhe","Heavy Blade"],"max_hp_per_floor":[80,80,80,80,80,80,80,80,80,80,80,80,80,80,80,80,80,80,80,85,85,85,85,85,85,85,85,85,85,85,85,85,85,85,85,85,85,85,85,85,85,85,85,85,85,85,85,85,85],"relics":["Burning Blood","Regal Pillow","Toolbox","Lantern","Calling Bell","Old Coin","Happy Flower","Unceasing Top","Bottled Lightning","Torii","Runic Pyramid","Red Skull","Centennial Puzzle","Pen Nib","Self Forming Clay"],"campfire_meditates":0,"card_choices":[{"not_picked":["Flex","Twin Strike"],"picked":"Headbutt"},{"not_picked":["Searing Blow","Feel No Pain"],"picked":"Warcry"},{"not_picked":["Headbutt","Searing Blow"],"picked":"Metallicize"},{"not_picked":["True Grit","Reaper"],"picked":"Body Slam"},{"not_picked":["Corruption","Body Slam"],"picked":"Flame Barrier"},{"not_picked":["True Grit","Rage"],"picked":"Shrug It Off"},{"not_picked":["Dark Embrace","Fiend Fire"],"picked":"Double Tap"},{"not_picked":["Cleave","Clash"],"picked":"Iron Wave"},{"not_picked":["Infernal Blade","Heavy Blade"],"picked":"Body Slam"},{"not_picked":["Searing Blow","Thunderclap"],"picked":"Iron Wave"},{"not_picked":["Corruption","Inflame"],"picked":"Flex"},{"not_picked":["Twin Strike","Headbutt"],"picked":"Battle Trance"},{"not_picked":["Brutality","Bludgeon"],"picked":"Impervious"},{"not_picked":["Armaments","Sword Boomerang"],"picked":"Headbutt"},{"not_picked":["Flex","Bloodletting"],"picked":"Demon Form"},{"not_picked":["Perfected Strike","Headbutt"],"picked":"Shrug It Off"},{"not_picked":["Spot Weakness","Clothesline"],"picked":"Warcry"},{"not_picked":["Sever Soul","Wild Strike"],"picked":"Shrug It Off"},{"not_picked":["Thunderclap","Flex"],"picked":"Heavy Blade"}],"player_experience":33650,"potions_floor_usage":[33],"damage_taken":[{"damage":1.0,"enemies":"Jaw Worm","floor":1.0,"turns":3.0},{"damage":8.0,"enemies":"Blue Slaver","floor":2.0,"turns":6.0},{"damage":5.0,"enemies":"Cultist","floor":8.0,"turns":4.0},{"damage":5.0,"enemies":"3 Louse","floor":10.0,"turns":6.0},{"damage":5.0,"enemies":"Red Slaver","floor":11.0,"turns":6.0},{"damage":12.0,"enemies":"Exordium Wildlife","floor":12.0,"turns":9.0},{"damage":40.0,"enemies":"The Guardian","floor":16.0,"turns":20.0},{"damage":25.0,"enemies":"2 Thieves","floor":18.0,"turns":5.0},{"damage":28.0,"enemies":"Spheric Guardian","floor":19.0,"turns":16.0},{"damage":28.0,"enemies":"Chosen and Byrds","floor":22.0,"turns":9.0},{"damage":29.0,"enemies":"3 Cultists","floor":24.0,"turns":8.0},{"damage":0.0,"enemies":"Snake Plant","floor":25.0,"turns":3.0},{"damage":18.0,"enemies":"Snecko","floor":28.0,"turns":8.0},{"damage":0.0,"enemies":"Chosen and Byrds","floor":31.0,"turns":5.0},{"damage":2,"enemies":"Collector","floor":33,"turns":16},{"damage":1,"enemies":"Orb Walker","floor":35,"turns":4},{"damage":0,"enemies":"3 Darklings","floor":38,"turns":11},{"damage":25,"enemies":"Mysterious Sphere","floor":39,"turns":9},{"damage":14,"enemies":"Giant Head","floor":40,"turns":8},{"damage":0,"enemies":"Maw","floor":44,"turns":6},{"damage":25,"enemies":"Sphere and 2 Shapes","floor":46,"turns":5},{"damage":9,"enemies":"3 Darklings","floor":48,"turns":6},{"damage":94,"enemies":"Donu and Deca","floor":50,"turns":8}],"event_choices":[{"event_name":"Wheel of Change","player_choice":"Damage","floor":3.0,"damage_taken":0.0},{"event_name":"Transmorgrifier","player_choice":"Transform","floor":4.0,"damage_taken":0.0},{"event_name":"Purifier","player_choice":"One Purge","floor":6.0,"damage_taken":0.0},{"event_name":"Living Wall","player_choice":"Change","floor":7.0,"damage_taken":0.0},{"event_name":"Forgotten Altar","player_choice":"Shed Blood","floor":20.0,"damage_taken":0.0},{"event_name":"The Joust","player_choice":"Bet on Murderer","floor":29.0,"damage_taken":0.0},{"event_name":"Transmorgrifier","player_choice":"Transform","floor":36,"damage_taken":0},{"event_name":"Mysterious Sphere","player_choice":"Fight","floor":39,"damage_taken":0},{"event_name":"Winding Halls","player_choice":"Writhe","floor":47,"damage_taken":0}],"boss_relics":[{"not_picked":["Runic Dome","Eternal Feather"],"picked":"Runic Pyramid"}],"potions_floor_spawned":[2,8,11,16,18,19,22,28,33,40,44],"seed_played":"4994447940272318616","killed_by":"Donu and Deca","is_trial":false}