{"gold_per_floor":[117,117,42,42,42,59,123,172,172,203,223,234,234,264,264,264],"floor_reached":16,"playtime":715,"items_purged":[],"score":230,"play_id":"8b482e50-ab97-4044-ac91-7b1f4f6a0fcc","local_time":"20181107135107","is_ascension_mode":true,"campfire_choices":[{"data":"Neutralize","floor":13,"key":"SMITH"},{"floor":15,"key":"REST"}],"neow_cost":"NONE","seed_source_timestamp":87666454627257,"circlet_count":0,"master_deck":["AscendersBane","Defend_G","Defend_G","Defend_G","Defend_G","Defend_G","Strike_G","Strike_G","Strike_G","Strike_G","Survivor","Neutralize+1","Burst","Bouncing Flask+1","Masterful Stab","Noxious Fumes","Skewer+1","Dodge and Roll","Dash+1"],"relics":["Ring of the Snake","Tiny Chest","Vajra","Thread and Needle","Molten Egg 2","Prayer Wheel"],"potions_floor_usage":[14,16],"damage_taken":[{"damage":4,"enemies":"Small Slimes","floor":1,"turns":4},{"damage":1,"enemies":"2 Louse","floor":6,"turns":3},{"damage":10,"enemies":"Lagavulin","floor":7,"turns":4},{"damage":15,"enemies":"3 Sentries","floor":10,"turns":14},{"damage":3,"enemies":"Jaw Worm","floor":11,"turns":3},{"damage":0,"enemies":"Looter","floor":12,"turns":3},{"damage":3,"enemies":"Lagavulin","floor":14,"turns":6},{"damage":57,"enemies":"Slime Boss","floor":16,"turns":8}],"seed_played":"-4099021390957053816","potions_obtained":[{"floor":1,"key":"Strength Potion"},{"floor":10,"key":"EssenceOfSteel"}],"is_trial":false,"path_per_floor":["M","?","?","?","$","M","E","T","T","E","M","M","R","E","R","B"],"character_chosen":"THE_SILENT","items_purchased":[],"campfire_rested":1,"item_purchase_floors":[],"current_hp_per_floor":[55,55,55,55,55,54,44,44,44,29,26,26,26,23,42,0],"gold":264,"neow_bonus":"ONE_RANDOM_RARE_CARD","is_prod":false,"is_daily":false,"chose_seed":false,"campfire_upgraded":1,"win_rate":0,"timestamp":1541616667,"path_taken":["M","?","?","?","?","M","E","?","T","E","M","?","R","E","R","BOSS"],"build_version":"2018-11-01","purchased_purges":0,"victory":false,"max_hp_per_floor":[66,66,66,66,66,66,66,66,66,66,66,66,66,66,66,66],"card_choices":[{"not_picked":["Footwork","Concentrate"],"picked":"Bouncing Flask","floor":1},{"not_picked":["Dagger Throw","Terror"],"picked":"Masterful Stab","floor":6},{"not_picked":["Tactician","Blur","Cloak And Dagger"],"picked":"SKIP","floor":7},{"not_picked":["Dodge and Roll","Footwork"],"picked":"Noxious Fumes","floor":10},{"not_picked":["Dodge and Roll","Bouncing Flask"],"picked":"Skewer+1","floor":11},{"not_picked":["Flying Knee+1","Bouncing Flask"],"picked":"Dodge and Roll","floor":12},{"not_picked":["Endless Agony+1","Blur"],"picked":"Dash+1","floor":14}],"player_experience":625032,"relics_obtained":[{"floor":7,"key":"Tiny Chest"},{"floor":8,"key":"Vajra"},{"floor":9,"key":"Thread and Needle"},{"floor":10,"key":"Molten Egg 2"},{"floor":14,"key":"Prayer Wheel"}],"event_choices":[{"damage_healed":0,"gold_gain":0,"player_choice":"Grow","damage_taken":0,"max_hp_gain":0,"max_hp_loss":0,"event_name":"Living Wall","floor":2,"gold_loss":0,"cards_upgraded":["Bouncing Flask"]},{"cards_removed":["Strike_G"],"damage_healed":0,"gold_gain":0,"player_choice":"Card Removal","damage_taken":0,"max_hp_gain":0,"max_hp_loss":0,"event_name":"The Cleric","floor":3,"gold_loss":75},{"damage_healed":0,"gold_gain":0,"player_choice":"Ignored","damage_taken":0,"max_hp_gain":0,"max_hp_loss":0,"event_name":"Liars Game","floor":4,"gold_loss":0}],"is_beta":false,"boss_relics":[],"items_purged_floors":[],"is_endless":false,"potions_floor_spawned":[1,10,11,12],"killed_by":"Slime Boss","ascension_level":19}