{"gold_per_floor":[112,37,37,51,68,68,100,100,149,179,21,48,63,21,21,95,95,114,39,39,49,49,49,59,59,85,35,35],"floor_reached":28,"playtime":1610,"items_purged":["Strike_B"],"score":468,"play_id":"0052fb6f-488f-4250-8cf2-b3d8330e242f","local_time":"20190221100022","is_ascension_mode":true,"campfire_choices":[{"data":"Zap","floor":6,"key":"SMITH"},{"floor":8,"key":"REST"},{"floor":15,"key":"REST"},{"data":"Consume","floor":23,"key":"SMITH"},{"data":"Loop","floor":25,"key":"SMITH"}],"neow_cost":"NONE","seed_source_timestamp":605545340724790,"circlet_count":0,"master_deck":["AscendersBane","Strike_B","Defend_B","Defend_B","Defend_B","Defend_B","Zap+1","Dualcast","Cold Snap","Consume+1","Genetic Algorithm","Loop+1","Conserve Battery","Echo Form","Compile Driver","Ghostly","Ghostly","Ghostly","Doom and Gloom","Undo"],"relics":["Cracked Core","NeowsBlessing","Smiling Mask","Darkstone Periapt","PreservedInsect","Happy Flower","DataDisk","Regal Pillow","Inserter"],"potions_floor_usage":[7,10,28],"damage_taken":[{"damage":0,"enemies":"Small Slimes","floor":1,"turns":1},{"damage":0,"enemies":"2 Louse","floor":4,"turns":1},{"damage":0,"enemies":"Jaw Worm","floor":5,"turns":1},{"damage":36,"enemies":"3 Sentries","floor":7,"turns":8},{"damage":6,"enemies":"Gremlin Nob","floor":10,"turns":3},{"damage":10,"enemies":"Lagavulin","floor":12,"turns":6},{"damage":6,"enemies":"2 Fungi Beasts","floor":13,"turns":3},{"damage":6,"enemies":"The Guardian","floor":16,"turns":14},{"damage":27,"enemies":"Shell Parasite","floor":18,"turns":10},{"damage":10,"enemies":"2 Thieves","floor":21,"turns":5},{"damage":2,"enemies":"Sentry and Sphere","floor":24,"turns":5},{"damage":28,"enemies":"Slavers","floor":28,"turns":5}],"seed_played":"1771404871695800415","potions_obtained":[{"floor":4,"key":"Explosive Potion"},{"floor":7,"key":"SkillPotion"},{"floor":10,"key":"Swift Potion"},{"floor":12,"key":"SteroidPotion"}],"is_trial":false,"path_per_floor":["M","?","?","M","M","R","E","R","T","E","$","E","M","?","R","B",null,"M","?","?","M","?","R","M","R","T","$","E"],"character_chosen":"DEFECT","items_purchased":["DataDisk"],"campfire_rested":2,"item_purchase_floors":[11],"current_hp_per_floor":[64,64,38,38,38,38,2,23,23,17,17,7,1,1,37,31,61,34,34,34,24,17,17,15,15,15,15,0],"gold":35,"neow_bonus":"THREE_ENEMY_KILL","is_prod":false,"is_daily":false,"chose_seed":false,"campfire_upgraded":3,"win_rate":0,"timestamp":1550761222,"path_taken":["M","?","?","M","M","R","E","R","T","E","$","E","M","?","R","BOSS","M","?","?","M","?","R","M","R","T","$","E"],"build_version":"2019-01-23","purchased_purges":1,"victory":false,"max_hp_per_floor":[71,71,71,71,71,71,71,71,71,71,71,71,71,71,71,71,71,71,71,35,35,40,40,40,40,40,40,40],"card_choices":[{"not_picked":["Beam Cell","Rebound"],"picked":"Cold Snap","floor":1},{"not_picked":["Steam Power","Chaos","Double Energy"],"picked":"SKIP","floor":4},{"not_picked":["Compile Driver","Leap"],"picked":"Consume","floor":5},{"not_picked":["Recycle","Fusion"],"picked":"Genetic Algorithm","floor":7},{"not_picked":["Beam Cell","Double Energy"],"picked":"Loop","floor":10},{"not_picked":["Compile Driver","Melter"],"picked":"Conserve Battery","floor":12},{"not_picked":["Leap","Gash","Consume"],"picked":"SKIP","floor":13},{"not_picked":["Fission","Thunder Strike"],"picked":"Echo Form","floor":16},{"not_picked":["Beam Cell+1","Gash+1"],"picked":"Compile Driver","floor":18},{"not_picked":["Melter","Reprogram"],"picked":"Doom and Gloom","floor":21},{"not_picked":["Rebound+1","Auto Shields"],"picked":"Undo","floor":24}],"player_experience":859644,"relics_obtained":[{"floor":7,"key":"Darkstone Periapt"},{"floor":9,"key":"PreservedInsect"},{"floor":10,"key":"Happy Flower"},{"floor":12,"key":"Regal Pillow"}],"event_choices":[{"cards_removed":["Strike_B"],"damage_healed":0,"gold_gain":0,"player_choice":"Card Removal","damage_taken":0,"max_hp_gain":0,"max_hp_loss":0,"event_name":"The Cleric","floor":2,"gold_loss":75},{"damage_healed":0,"gold_gain":0,"player_choice":"Success","damage_taken":26,"relics_obtained":["Smiling Mask"],"max_hp_gain":0,"max_hp_loss":0,"event_name":"Scrap Ooze","floor":3,"gold_loss":0},{"damage_healed":0,"gold_gain":0,"player_choice":"Left Gold","damage_taken":0,"max_hp_gain":0,"max_hp_loss":0,"event_name":"World of Goop","floor":14,"gold_loss":42},{"cards_removed":["Strike_B"],"damage_healed":0,"gold_gain":0,"player_choice":"Gave Gold","damage_taken":0,"max_hp_gain":0,"max_hp_loss":0,"event_name":"Beggar","floor":19,"gold_loss":75},{"damage_healed":0,"gold_gain":0,"player_choice":"Became a Ghost","damage_taken":0,"max_hp_gain":0,"max_hp_loss":36,"event_name":"Ghosts","floor":20,"gold_loss":0,"cards_obtained":["Ghostly","Ghostly","Ghostly"]},{"damage_healed":0,"gold_gain":0,"player_choice":"Shed Blood","damage_taken":12,"max_hp_gain":5,"max_hp_loss":0,"event_name":"Forgotten Altar","floor":22,"gold_loss":0}],"is_beta":false,"boss_relics":[{"not_picked":["Astrolabe","Busted Crown"],"picked":"Inserter"}],"items_purged_floors":[27],"is_endless":false,"potions_floor_spawned":[4,7,10,12,21,24],"killed_by":"Slavers","ascension_level":20}