{"gold_per_floor":[111,111,386,397,397,422,422,454,479,490,502,502,214,228,228,328,328,343,343,369,382,398,427,427,456,482,482,482,496,516,516,516,516],"floor_reached":33,"playtime":2179,"items_purged":[],"score":320,"play_id":"a83fc715-d20b-4f8e-968c-14514374957c","local_time":"20190120093324","is_ascension_mode":false,"campfire_choices":[{"data":"Ball Lightning","floor":12.0,"key":"SMITH"},{"data":"Lockon","floor":15.0,"key":"SMITH"},{"floor":24,"key":"REST"},{"floor":27,"key":"REST"},{"floor":32,"key":"REST"}],"neow_cost":"NONE","seed_source_timestamp":0,"circlet_count":0,"master_deck":["Strike_B","Strike_B","Strike_B","Strike_B","Defend_B","Defend_B","Defend_B","Defend_B","Zap","Dualcast","BootSequence","Ball Lightning+1","White Noise+1","Go for the Eyes","Ball Lightning","Go for the Eyes","Lockon+1","Gash","Electrodynamics","RitualDagger","Rebound+1","Double Energy+1","Loop","Gash+1","Decay"],"special_seed":0,"relics":["Cracked Core","NeowsBlessing","Blood Vial","Ancient Tea Set","Meat on the Bone","PreservedInsect","Lee\u0027s Waffle","Velvet Choker","Red Mask","Happy Flower","Mummified Hand","Art of War"],"potions_floor_usage":[25,30,33],"damage_taken":[{"damage":0.0,"enemies":"Small Slimes","floor":1.0,"turns":1.0},{"damage":0.0,"enemies":"Cultist","floor":4.0,"turns":1.0},{"damage":0.0,"enemies":"3 Sentries","floor":6.0,"turns":1.0},{"damage":16.0,"enemies":"Lagavulin","floor":8.0,"turns":5.0},{"damage":0.0,"enemies":"2 Louse","floor":10.0,"turns":3.0},{"damage":0.0,"enemies":"2 Fungi Beasts","floor":11.0,"turns":3.0},{"damage":0.0,"enemies":"Blue Slaver","floor":14.0,"turns":2.0},{"damage":14.0,"enemies":"Slime Boss","floor":16.0,"turns":8.0},{"damage":0.0,"enemies":"3 Byrds","floor":18.0,"turns":2.0},{"damage":38.0,"enemies":"Masked Bandits","floor":20.0,"turns":5.0},{"damage":27.0,"enemies":"Shell Parasite","floor":21.0,"turns":6.0},{"damage":32.0,"enemies":"Shelled Parasite and Fungi","floor":22.0,"turns":6.0},{"damage":17,"enemies":"Book of Stabbing","floor":23,"turns":4},{"damage":8,"enemies":"Gremlin Leader","floor":25,"turns":5},{"damage":12,"enemies":"3 Cultists","floor":29,"turns":4},{"damage":17,"enemies":"Centurion and Healer","floor":30,"turns":4},{"damage":90,"enemies":"Champ","floor":33,"turns":9}],"seed_played":"827512060387181278","potions_obtained":[{"floor":1.0,"key":"LiquidBronze"},{"floor":6.0,"key":"Regen Potion"},{"floor":10.0,"key":"Weak Potion"},{"floor":22,"key":"EssenceOfSteel"},{"floor":23,"key":"EssenceOfSteel"},{"floor":25,"key":"PowerPotion"}],"is_trial":false,"path_per_floor":["M","?","?","M","?","E","?","E","T","M","M","R","$","M","R","B",null,"M","?","?","M","M","E","R","E","T","R","?","M","M","?","R","B"],"character_chosen":"DEFECT","items_purchased":["Lee\u0027s Waffle","Lockon"],"campfire_rested":3,"item_purchase_floors":[13,13],"current_hp_per_floor":[75,50,50,52,45,47,47,33,33,47,49,49,82,82,82,68,82,82,76,52,39,35,32,56,50,50,74,74,64,49,49,73,0],"gold":516,"neow_bonus":"THREE_ENEMY_KILL","is_prod":false,"is_daily":false,"chose_seed":false,"campfire_upgraded":2,"win_rate":0.0,"timestamp":1547973204,"path_taken":["M","?","?","?","?","E","?","E","T","M","M","R","$","M","R","BOSS","M","?","?","?","M","E","R","E","T","R","?","M","?","?","R","BOSS"],"build_version":"2019-01-16","purchased_purges":0,"victory":false,"max_hp_per_floor":[75,75,75,75,75,75,75,75,75,75,75,75,82,82,82,82,82,82,82,82,82,82,82,82,82,82,82,82,82,82,82,82,82],"card_choices":[{"not_picked":["Turbo","Compile Driver"],"picked":"BootSequence","floor":1.0},{"not_picked":["Steam","Stack"],"picked":"Ball Lightning","floor":4.0},{"not_picked":["Blizzard","Lockon"],"picked":"White Noise","floor":6.0},{"not_picked":["Steam","Seek"],"picked":"Go for the Eyes","floor":8.0},{"not_picked":["Conserve Battery","Skim"],"picked":"Ball Lightning","floor":10.0},{"not_picked":["Hologram","Consume"],"picked":"Go for the Eyes","floor":11.0},{"not_picked":["Barrage","Sweeping Beam"],"picked":"Gash","floor":14.0},{"not_picked":["Machine Learning","Biased Cognition"],"picked":"Electrodynamics","floor":16.0},{"not_picked":["Coolheaded+1","Doom and Gloom","Compile Driver"],"picked":"SKIP","floor":18.0},{"not_picked":["Loop+1","Cold Snap"],"picked":"Rebound+1","floor":20.0},{"not_picked":["Leap","Conserve Battery"],"picked":"Double Energy+1","floor":21.0},{"not_picked":["Leap","BootSequence+1"],"picked":"Loop","floor":22},{"not_picked":["Genetic Algorithm","Beam Cell"],"picked":"Gash+1","floor":23},{"not_picked":["FTL","Gash","Consume"],"picked":"SKIP","floor":25},{"not_picked":["Steam Power","Scrape","Compile Driver"],"picked":"SKIP","floor":29},{"not_picked":["Lockon+1","Steam+1","Rainbow"],"picked":"SKIP","floor":30}],"player_experience":121102,"relics_obtained":[{"floor":6.0,"key":"Ancient Tea Set"},{"floor":8.0,"key":"Meat on the Bone"},{"floor":9.0,"key":"PreservedInsect"},{"floor":20.0,"key":"Red Mask"},{"floor":23,"key":"Happy Flower"},{"floor":25,"key":"Mummified Hand"},{"floor":26,"key":"Art of War"}],"event_choices":[{"damage_healed":0.0,"max_hp_gain":0.0,"max_hp_loss":0.0,"gold_gain":0.0,"event_name":"Scrap Ooze","player_choice":"Success","floor":2.0,"gold_loss":0.0,"damage_taken":25.0,"relics_obtained":["Blood Vial"]},{"damage_healed":0.0,"max_hp_gain":0.0,"max_hp_loss":0.0,"gold_gain":275.0,"event_name":"Golden Shrine","player_choice":"Desecrate","floor":3.0,"gold_loss":0.0,"damage_taken":0.0,"cards_obtained":["Regret"]},{"cards_removed":["Regret"],"damage_healed":0.0,"max_hp_gain":0.0,"max_hp_loss":0.0,"gold_gain":0.0,"event_name":"Golden Wing","player_choice":"Card Removal","floor":5.0,"gold_loss":0.0,"damage_taken":7.0},{"damage_healed":0.0,"max_hp_gain":0.0,"max_hp_loss":0.0,"gold_gain":0.0,"event_name":"Living Wall","player_choice":"Grow","floor":7.0,"gold_loss":0.0,"damage_taken":0.0,"cards_upgraded":["White Noise"]},{"damage_healed":0.0,"max_hp_gain":0.0,"max_hp_loss":0.0,"gold_gain":0.0,"event_name":"Nest","player_choice":"Joined the Cult","floor":19.0,"gold_loss":0.0,"damage_taken":6.0,"cards_obtained":["RitualDagger"]},{"damage_healed":0.0,"max_hp_gain":0.0,"max_hp_loss":0.0,"gold_gain":0.0,"event_name":"Masked Bandits","player_choice":"Fought Bandits","floor":20.0,"gold_loss":0.0,"damage_taken":0.0},{"damage_healed":0,"gold_gain":0,"player_choice":"Bought 0 Potions","damage_taken":0,"max_hp_gain":0,"max_hp_loss":0,"event_name":"The Woman in Blue","floor":28,"gold_loss":0},{"damage_healed":0,"gold_gain":0,"player_choice":"Smashed Altar","damage_taken":0,"max_hp_gain":0,"max_hp_loss":0,"event_name":"Forgotten Altar","floor":31,"gold_loss":0,"cards_obtained":["Decay"]}],"is_beta":true,"boss_relics":[{"not_picked":["Calling Bell","Ectoplasm"],"picked":"Velvet Choker"}],"items_purged_floors":[],"is_endless":false,"potions_floor_spawned":[1,6,10,22,23,25,29],"killed_by":"Champ","ascension_level":0}