{"gold_per_floor":[112,127,104,115,133,133,164,164,210,210,175,450,460,460,460,555,555,565,565,565],"floor_reached":20,"playtime":868,"items_purged":[],"score":275,"play_id":"cba9c793-8342-4836-b104-6004c68398e0","local_time":"20181219203916","is_ascension_mode":true,"campfire_choices":[{"data":"Zap","floor":6,"key":"SMITH"},{"data":"Dualcast","floor":8,"key":"SMITH"},{"floor":10,"key":"REST"},{"data":"Defragment","floor":15,"key":"SMITH"}],"neow_cost":"NONE","seed_source_timestamp":338997754711139,"circlet_count":0,"master_deck":["AscendersBane","Strike_B","Strike_B","Strike_B","Strike_B","Defend_B","Defend_B","Defend_B","Defend_B","Zap+1","Dualcast+1","Leap","Steam","Hologram","Consume","Self Repair","Defragment+1","Regret","Sunder","Parasite"],"relics":["Cracked Core","NeowsBlessing","Gremlin Horn","Smiling Mask","Sozu","Vajra"],"potions_floor_usage":[7,16,20],"damage_taken":[{"damage":0,"enemies":"Jaw Worm","floor":1,"turns":1},{"damage":0,"enemies":"2 Louse","floor":2,"turns":1},{"damage":0,"enemies":"Cultist","floor":4,"turns":1},{"damage":16,"enemies":"Large Slime","floor":5,"turns":6},{"damage":34,"enemies":"Lagavulin","floor":7,"turns":7},{"damage":37,"enemies":"Exordium Thugs","floor":13,"turns":6},{"damage":50,"enemies":"The Guardian","floor":16,"turns":12},{"damage":17,"enemies":"Chosen","floor":18,"turns":6},{"damage":62,"enemies":"3 Byrds","floor":20,"turns":5}],"seed_played":"-3012918003835939111","potions_obtained":[{"floor":4,"key":"Strength Potion"},{"floor":7,"key":"PowerPotion"},{"floor":16,"key":"EssenceOfSteel"}],"is_trial":false,"path_per_floor":["M","M","$","M","M","R","E","R","T","R","?","?","M","?","R","B",null,"M","?","M"],"character_chosen":"DEFECT","items_purchased":["Hologram"],"campfire_rested":1,"item_purchase_floors":[3],"current_hp_per_floor":[68,68,68,68,52,52,25,25,25,47,65,65,35,53,53,17,61,51,51,0],"gold":565,"neow_bonus":"THREE_ENEMY_KILL","is_prod":false,"is_daily":false,"chose_seed":false,"campfire_upgraded":3,"win_rate":0,"timestamp":1545226756,"path_taken":["M","M","$","M","M","R","E","R","T","R","?","?","?","?","R","BOSS","M","?","M"],"build_version":"2018-12-13","purchased_purges":0,"victory":false,"max_hp_per_floor":[75,75,75,75,75,75,75,75,75,75,75,75,75,75,75,75,75,75,75,75],"card_choices":[{"not_picked":["Compile Driver","Rebound"],"picked":"Leap","floor":1},{"not_picked":["Compile Driver","Hologram"],"picked":"Steam","floor":2},{"not_picked":["Gash","Tempest"],"picked":"Consume","floor":4},{"not_picked":["Meteor Strike","Hologram"],"picked":"Self Repair","floor":5},{"not_picked":["Streamline","Chill"],"picked":"Defragment","floor":7},{"not_picked":["Redo","Leap"],"picked":"Sunder","floor":13},{"not_picked":["Sweeping Beam+1","Aggregate","Storm"],"picked":"SKIP","floor":18}],"player_experience":239954,"relics_obtained":[{"floor":7,"key":"Gremlin Horn"},{"floor":9,"key":"Smiling Mask"}],"event_choices":[{"damage_healed":18,"gold_gain":0,"player_choice":"Healed","damage_taken":0,"max_hp_gain":0,"max_hp_loss":0,"event_name":"The Cleric","floor":11,"gold_loss":35},{"damage_healed":0,"gold_gain":275,"player_choice":"Desecrate","damage_taken":0,"max_hp_gain":0,"max_hp_loss":0,"event_name":"Golden Shrine","floor":12,"gold_loss":0,"cards_obtained":["Regret"]},{"damage_healed":18,"gold_gain":0,"player_choice":"Healed and dodged fight","damage_taken":0,"max_hp_gain":0,"max_hp_loss":0,"event_name":"Mushrooms","floor":14,"gold_loss":0,"cards_obtained":["Parasite"]},{"damage_healed":0,"gold_gain":0,"player_choice":"Opened","damage_taken":0,"relics_obtained":["Vajra"],"max_hp_gain":0,"max_hp_loss":0,"event_name":"The Mausoleum","floor":19,"gold_loss":0}],"is_beta":false,"boss_relics":[{"not_picked":["Velvet Choker","Ectoplasm"],"picked":"Sozu"}],"items_purged_floors":[],"is_endless":false,"potions_floor_spawned":[4,7,16],"killed_by":"3 Byrds","ascension_level":12}