{"gold_per_floor":[117,132,132,132,156,156,187,187,187,3,3,3,3,3,3,131,131,145,195,211,224,248,248,268,283,283,295],"floor_reached":27,"playtime":1079,"items_purged":[],"score":341,"play_id":"0c3078d8-8353-4f3d-9107-39074819bfe8","local_time":"20181214201331","is_ascension_mode":true,"campfire_choices":[{"data":"Zap","floor":6.0,"key":"SMITH"},{"data":"Dualcast","floor":8.0,"key":"SMITH"},{"data":"Apotheosis","floor":13.0,"key":"SMITH"},{"floor":15.0,"key":"REST"},{"floor":23,"key":"REST"}],"neow_cost":"NONE","seed_source_timestamp":164557304484557,"circlet_count":0,"master_deck":["AscendersBane","Strike_B","Strike_B","Strike_B","Defend_B","Defend_B","Defend_B","Defend_B","Zap+1","Dualcast+1","Redo","Conserve Battery","Cold Snap","Conserve Battery","Apotheosis+1","Multi-Cast","Barrage","Hologram","Electrodynamics","Leap","Go for the Eyes","Stack"],"special_seed":0,"relics":["Cracked Core","NeowsBlessing","Golden Idol","GremlinMask","Mummified Hand","PreservedInsect","Fusion Hammer","MawBank"],"potions_floor_usage":[22],"damage_taken":[{"damage":0.0,"enemies":"Small Slimes","floor":1.0,"turns":1.0},{"damage":0.0,"enemies":"2 Louse","floor":2.0,"turns":1.0},{"damage":0.0,"enemies":"Cultist","floor":5.0,"turns":1.0},{"damage":24.0,"enemies":"Gremlin Nob","floor":7.0,"turns":5.0},{"damage":19.0,"enemies":"The Guardian","floor":16.0,"turns":14.0},{"damage":28,"enemies":"2 Thieves","floor":18,"turns":4},{"damage":13,"enemies":"Shell Parasite","floor":20,"turns":10},{"damage":17,"enemies":"Snecko","floor":21,"turns":6},{"damage":5,"enemies":"Chosen and Byrds","floor":22,"turns":4},{"damage":1,"enemies":"Centurion and Healer","floor":24,"turns":5},{"damage":9,"enemies":"Shelled Parasite and Fungi","floor":25,"turns":4},{"damage":27,"enemies":"Slavers","floor":27,"turns":1}],"seed_played":"-9139340256239623678","potions_obtained":[{"floor":2.0,"key":"EssenceOfSteel"},{"floor":16.0,"key":"Explosive Potion"},{"floor":20,"key":"FearPotion"},{"floor":24,"key":"Swift Potion"}],"is_trial":false,"path_per_floor":["M","M","?","?","M","R","E","R","T","$","?","$","R","?","R","B",null,"M","?","M","M","M","R","M","M","T","E"],"character_chosen":"DEFECT","items_purchased":["Apotheosis"],"campfire_rested":2,"item_purchase_floors":[10],"current_hp_per_floor":[68,68,68,68,68,68,44,44,44,44,44,44,44,37,59,40,66,38,38,25,8,3,25,24,15,15,0],"gold":295,"neow_bonus":"THREE_ENEMY_KILL","is_prod":false,"is_daily":false,"chose_seed":false,"campfire_upgraded":3,"win_rate":0,"timestamp":1544793211,"path_taken":["M","M","?","?","?","R","E","R","T","?","?","?","R","?","R","BOSS","M","?","M","M","M","R","M","M","T","E"],"build_version":"2018-12-13","purchased_purges":0,"victory":false,"max_hp_per_floor":[75,75,75,75,75,75,75,75,75,75,75,75,75,75,75,75,75,75,75,75,75,75,75,75,75,75,75],"card_choices":[{"not_picked":["Beam Cell","Double Energy"],"picked":"Redo","floor":1.0},{"not_picked":["Chill","Steam"],"picked":"Conserve Battery","floor":2.0},{"not_picked":["Conserve Battery","Leap"],"picked":"Cold Snap","floor":5.0},{"not_picked":["Barrage","Double Energy"],"picked":"Conserve Battery","floor":7.0},{"not_picked":["Thunder Strike","Rainbow"],"picked":"Multi-Cast","floor":16.0},{"not_picked":["Scrape","Reprogram+1"],"picked":"Barrage","floor":18},{"not_picked":["Gash","Barrage"],"picked":"Hologram","floor":20},{"not_picked":["Coolheaded+1","Steam"],"picked":"Electrodynamics","floor":21},{"not_picked":["Ball Lightning","Hologram"],"picked":"Leap","floor":22},{"not_picked":["Compile Driver","Steam"],"picked":"Go for the Eyes","floor":24},{"not_picked":["Streamline","Beam Cell+1"],"picked":"Stack","floor":25}],"player_experience":229522,"relics_obtained":[{"floor":7.0,"key":"Mummified Hand"},{"floor":9.0,"key":"PreservedInsect"},{"floor":26,"key":"MawBank"}],"event_choices":[{"damage_healed":0.0,"max_hp_gain":0.0,"max_hp_loss":0.0,"gold_gain":0.0,"event_name":"Golden Idol","player_choice":"Take Wound","floor":3.0,"gold_loss":0.0,"damage_taken":0.0,"relics_obtained":["Golden Idol"],"cards_obtained":["Injury"]},{"damage_healed":0.0,"max_hp_gain":0.0,"max_hp_loss":0.0,"gold_gain":0.0,"event_name":"FaceTrader","player_choice":"Trade","floor":4.0,"gold_loss":0.0,"damage_taken":0.0,"relics_obtained":["GremlinMask"]},{"cards_removed":["Injury"],"damage_healed":0.0,"max_hp_gain":0.0,"max_hp_loss":0.0,"gold_gain":0.0,"event_name":"Living Wall","player_choice":"Forget","floor":11.0,"gold_loss":0.0,"damage_taken":0.0},{"cards_removed":["Strike_B"],"damage_healed":0.0,"max_hp_gain":0.0,"max_hp_loss":0.0,"gold_gain":0.0,"event_name":"Golden Wing","player_choice":"Card Removal","floor":14.0,"gold_loss":0.0,"damage_taken":7.0},{"damage_healed":0,"gold_gain":100,"player_choice":"Bet on Murderer","damage_taken":0,"max_hp_gain":0,"max_hp_loss":0,"event_name":"The Joust","floor":19,"gold_loss":50}],"is_beta":false,"boss_relics":[{"not_picked":["Astrolabe","Tiny House"],"picked":"Fusion Hammer"}],"items_purged_floors":[],"is_endless":false,"potions_floor_spawned":[2,16,20,21,24],"killed_by":"Slavers","ascension_level":12}