{"gold_per_floor":[110,126,58,71,71,71,88,104,131,1,1],"floor_reached":11,"playtime":836,"items_purged":[],"score":88,"play_id":"e032478e-95f7-4124-a805-584af587abec","local_time":"20190223013517","is_ascension_mode":true,"campfire_choices":[{"data":"Neutralize","floor":6,"key":"SMITH"}],"neow_cost":"NONE","seed_source_timestamp":559832391914805,"circlet_count":0,"master_deck":["Defend_G","Defend_G","Defend_G","Defend_G","Defend_G","Strike_G","Strike_G","Strike_G","Strike_G","Strike_G","Survivor","Neutralize+1","Dodge and Roll+1","Leg Sweep","Footwork","Backstab","Backflip+1","PiercingWail","Dagger Spray"],"relics":["Ring of the Snake","Strawberry","War Paint"],"potions_floor_usage":[11],"damage_taken":[{"damage":0,"enemies":"Cultist","floor":1,"turns":5},{"damage":0,"enemies":"Small Slimes","floor":2,"turns":4},{"damage":0,"enemies":"2 Louse","floor":4,"turns":5},{"damage":0,"enemies":"Lots of Slimes","floor":7,"turns":11},{"damage":1,"enemies":"Red Slaver","floor":8,"turns":6},{"damage":17,"enemies":"Lagavulin","floor":11,"turns":17}],"seed_played":"7738338995149215123","potions_obtained":[{"floor":4,"key":"Block Potion"}],"is_trial":false,"path_per_floor":["M","M","$","M","?","R","M","M","T","$","E"],"character_chosen":"THE_SILENT","items_purchased":["Footwork","Dagger Spray","GhostInAJar"],"campfire_rested":0,"item_purchase_floors":[3,10,10],"current_hp_per_floor":[70,70,70,70,70,70,70,69,69,69,52],"gold":1,"neow_bonus":"TEN_PERCENT_HP_BONUS","is_prod":false,"is_daily":false,"chose_seed":false,"campfire_upgraded":1,"win_rate":0,"timestamp":1550860517,"path_taken":["M","M","?","M","?","R","M","M","T","$","E"],"build_version":"2019-01-23","purchased_purges":0,"victory":false,"max_hp_per_floor":[77,77,77,77,84,84,84,84,84,84,84],"card_choices":[{"not_picked":["Dagger Throw","Quick Slash"],"picked":"Dodge and Roll","floor":1},{"not_picked":["Accuracy","Noxious Fumes"],"picked":"Leg Sweep","floor":2},{"not_picked":["Calculated Gamble","Poisoned Stab"],"picked":"Backstab","floor":4},{"not_picked":["Slice","Prepared"],"picked":"Backflip","floor":7},{"not_picked":["Escape Plan","Well Laid Plans"],"picked":"PiercingWail","floor":8}],"player_experience":373224,"relics_obtained":[{"floor":9,"key":"War Paint"}],"event_choices":[{"damage_healed":0,"gold_gain":0,"player_choice":"Success","damage_taken":7,"relics_obtained":["Strawberry"],"max_hp_gain":0,"max_hp_loss":0,"event_name":"Scrap Ooze","floor":5,"gold_loss":0}],"is_beta":false,"boss_relics":[],"items_purged_floors":[],"is_endless":false,"potions_floor_spawned":[4],"killed_by":"Lagavulin","ascension_level":7}