{"gold_per_floor":[118,132,142,153,153,188,201,241,265,308,308,326,326,364,364,364],"floor_reached":16,"playtime":677,"items_purged":[],"score":264,"play_id":"07c3da48-02cf-4d3e-a895-e90c54e73dfc","local_time":"20190203115908","is_ascension_mode":true,"campfire_choices":[{"floor":13,"key":"REST"},{"floor":15,"key":"REST"}],"neow_cost":"NONE","seed_source_timestamp":988991129705240,"circlet_count":0,"master_deck":["AscendersBane","Strike_R","Strike_R","Strike_R","Strike_R","Strike_R","Defend_R","Defend_R","Defend_R","Defend_R","Bash+1","Wild Strike","Headbutt","Cleave","Disarm","Rampage","Infernal Blade","Battle Trance","Exhume","Evolve","Combust"],"relics":["Burning Blood","Golden Idol","Shovel","Pear","Blood Vial","Anchor","Regal Pillow"],"potions_floor_usage":[6,6,6,6,8,10,16],"damage_taken":[{"damage":9,"enemies":"Jaw Worm","floor":1,"turns":4},{"damage":7,"enemies":"Cultist","floor":2,"turns":4},{"damage":4,"enemies":"2 Louse","floor":3,"turns":4},{"damage":7,"enemies":"Looter","floor":4,"turns":3},{"damage":37,"enemies":"3 Sentries","floor":6,"turns":6},{"damage":12,"enemies":"3 Louse","floor":7,"turns":2},{"damage":36,"enemies":"Lagavulin","floor":8,"turns":7},{"damage":20,"enemies":"3 Sentries","floor":10,"turns":8},{"damage":0,"enemies":"Large Slime","floor":12,"turns":5},{"damage":32,"enemies":"Gremlin Nob","floor":14,"turns":4},{"damage":72,"enemies":"Slime Boss","floor":16,"turns":7}],"seed_played":"-79188387326938922","potions_obtained":[{"floor":3,"key":"EntropicBrew"},{"floor":4,"key":"EssenceOfSteel"},{"floor":6,"key":"GamblersBrew"},{"floor":7,"key":"BloodPotion"},{"floor":8,"key":"Energy Potion"}],"is_trial":false,"path_per_floor":["M","M","M","M","?","E","M","E","T","E","?","M","R","E","R","B"],"character_chosen":"IRONCLAD","items_purchased":[],"campfire_rested":2,"item_purchase_floors":[],"current_hp_per_floor":[72,71,73,72,72,41,35,22,22,10,10,18,43,19,59,0],"gold":364,"neow_bonus":"TEN_PERCENT_HP_BONUS","is_prod":false,"is_daily":false,"chose_seed":false,"campfire_upgraded":0,"win_rate":0,"timestamp":1549213148,"path_taken":["M","M","M","M","?","E","M","E","T","E","?","M","R","E","R","BOSS"],"build_version":"2019-01-23","purchased_purges":0,"victory":false,"max_hp_per_floor":[82,82,82,82,74,74,74,84,84,84,84,84,84,84,84,84],"card_choices":[{"not_picked":["Headbutt","True Grit"],"picked":"Wild Strike","floor":1},{"not_picked":["Clothesline","Disarm"],"picked":"Headbutt","floor":2},{"not_picked":["Havoc","Pummel"],"picked":"Cleave","floor":3},{"not_picked":["Searing Blow","Wild Strike"],"picked":"Disarm","floor":4},{"not_picked":["Whirlwind","Flex"],"picked":"Rampage","floor":6},{"not_picked":["Sentinel","Pummel"],"picked":"Infernal Blade","floor":7},{"not_picked":["Bloodletting","Uppercut"],"picked":"Battle Trance","floor":8},{"not_picked":["Rage","Flex"],"picked":"Exhume","floor":10},{"not_picked":["Flex","Wild Strike"],"picked":"Evolve","floor":12},{"not_picked":["Warcry","Cleave"],"picked":"Combust","floor":14}],"player_experience":800006,"relics_obtained":[{"floor":6,"key":"Shovel"},{"floor":8,"key":"Pear"},{"floor":9,"key":"Blood Vial"},{"floor":10,"key":"Anchor"},{"floor":14,"key":"Regal Pillow"}],"event_choices":[{"damage_healed":0,"gold_gain":0,"player_choice":"Lose Max HP","damage_taken":0,"relics_obtained":["Golden Idol"],"max_hp_gain":0,"max_hp_loss":8,"event_name":"Golden Idol","floor":5,"gold_loss":0},{"damage_healed":0,"gold_gain":0,"player_choice":"Grow","damage_taken":0,"max_hp_gain":0,"max_hp_loss":0,"event_name":"Living Wall","floor":11,"gold_loss":0,"cards_upgraded":["Bash"]}],"is_beta":false,"boss_relics":[],"items_purged_floors":[],"is_endless":false,"potions_floor_spawned":[3,4,6,7,8],"killed_by":"Slime Boss","ascension_level":20}