{"gold_per_floor":[117,117,132,15,27,97,87,120,147,147,147,159,179,198,198,301,301,319,344,370,21,35,35,135,170,220,27,53,66,66,85,85,186,186,199,1198,741,741,757,784,63,63,87,109,134,146,174,211,223,235],"floor_reached":51,"playtime":3545,"items_purged":["Strike_G","Normality","Normality"],"score":972,"play_id":"e37e5266-3075-4edc-82e7-c9f25207b86a","local_time":"20190223155651","is_ascension_mode":false,"campfire_choices":[{"data":"Footwork","floor":10,"key":"SMITH"},{"data":"Dodge and Roll","floor":15,"key":"SMITH"},{"data":"Doppelganger","floor":23,"key":"SMITH"},{"floor":32,"key":"REST"},{"data":"Malaise","floor":42,"key":"SMITH"},{"data":"PiercingWail","floor":49,"key":"SMITH"}],"neow_cost":"NONE","seed_source_timestamp":61909625987900,"circlet_count":0,"master_deck":["Defend_G","Defend_G","Defend_G","Defend_G","Strike_G","Strike_G","Strike_G","Survivor","Neutralize+1","Blade Dance","Bandage Up","Leg Sweep","Cloak And Dagger","Footwork+1","Backflip","Dash","Escape Plan","Terror","Riddle With Holes","Dodge and Roll+1","Doppelganger+1","Quick Slash","Apotheosis","Infinite Blades","Backflip","Dagger Spray","Underhanded Strike+1","Dagger Throw+1","Footwork+1","Dodge and Roll","Sucker Punch+1","Malaise+1","Flying Knee+1","Footwork+1","Backflip","Dagger Throw","PiercingWail+1","Poisoned Stab+1","Die Die Die"],"special_seed":0,"relics":["Ring of the Snake","Bottled Tornado","Vajra","Bronze Scales","Snecko Eye","Oddly Smooth Stone","Lantern","Tough Bandages","Dodecahedron","Calipers","Boot","DollysMirror","Centennial Puzzle","Philosopher\u0027s Stone","PreservedInsect","TwistedFunnel","Art of War","Tingsha","Meat on the Bone","MawBank","Bag of Preparation"],"potions_floor_usage":[8,16,24,50],"damage_taken":[{"damage":0.0,"enemies":"Small Slimes","floor":1.0,"turns":3.0},{"damage":0,"enemies":"Cultist","floor":3,"turns":5},{"damage":1,"enemies":"Jaw Worm","floor":5,"turns":7},{"damage":0,"enemies":"Exordium Thugs","floor":7,"turns":5},{"damage":1,"enemies":"Lagavulin","floor":8,"turns":14},{"damage":0,"enemies":"Red Slaver","floor":12,"turns":3},{"damage":0,"enemies":"Large Slime","floor":13,"turns":5},{"damage":2,"enemies":"2 Fungi Beasts","floor":14,"turns":3},{"damage":0,"enemies":"The Guardian","floor":16,"turns":10},{"damage":0,"enemies":"Spheric Guardian","floor":18,"turns":4},{"damage":0,"enemies":"3 Byrds","floor":22,"turns":4},{"damage":0,"enemies":"Colosseum Slavers","floor":24,"turns":4},{"damage":22,"enemies":"Colosseum Nobs","floor":24,"turns":7},{"damage":0,"enemies":"Book of Stabbing","floor":25,"turns":4},{"damage":0,"enemies":"Slavers","floor":28,"turns":4},{"damage":5,"enemies":"Centurion and Healer","floor":29,"turns":7},{"damage":33,"enemies":"3 Cultists","floor":31,"turns":5},{"damage":0,"enemies":"Collector","floor":33,"turns":10},{"damage":0,"enemies":"3 Darklings","floor":35,"turns":6},{"damage":2,"enemies":"3 Shapes","floor":39,"turns":5},{"damage":1,"enemies":"Reptomancer","floor":40,"turns":5},{"damage":0,"enemies":"Maw","floor":44,"turns":7},{"damage":3,"enemies":"Writhing Mass","floor":45,"turns":5},{"damage":9,"enemies":"Jaw Worm Horde","floor":47,"turns":5},{"damage":0,"enemies":"Nemesis","floor":48,"turns":5},{"damage":15,"enemies":"Time Eater","floor":50,"turns":17}],"seed_played":"-6611812095798854389","potions_obtained":[{"floor":5,"key":"Regen Potion"},{"floor":7,"key":"SneckoOil"},{"floor":8,"key":"Dexterity Potion"},{"floor":14,"key":"GhostInAJar"},{"floor":18,"key":"Weak Potion"},{"floor":28,"key":"AttackPotion"},{"floor":35,"key":"Energy Potion"}],"is_trial":false,"path_per_floor":["M","?","M","$","M","T","M","E","T","R","?","M","M","M","R","B",null,"M","T","T","$","M","R","?","E","T","$","E","M","?","M","R","B",null,"M","?","$","?","M","E","$","R","T","M","M","?","M","E","R","B",null],"character_chosen":"THE_SILENT","items_purchased":["Footwork","Backflip","Apotheosis","Infinite Blades","Backflip","DollysMirror","PreservedInsect","TwistedFunnel","Tingsha","Meat on the Bone","Dagger Throw"],"campfire_rested":1,"item_purchase_floors":[4,4,21,21,21,27,37,37,41,41,41],"current_hp_per_floor":[70,70,70,70,70,70,70,69,69,69,69,69,70,68,68,68,70,70,70,70,70,70,70,54,54,54,54,54,55,55,22,43,49,70,70,70,70,70,70,69,69,69,69,70,67,66,63,63,63,66],"gold":247,"neow_bonus":"UPGRADE_CARD","is_prod":false,"is_daily":false,"chose_seed":false,"campfire_upgraded":5,"win_rate":0,"timestamp":1550955411,"path_taken":["M","?","?","$","M","?","M","E","T","R","?","M","M","?","R","BOSS","M","?","?","$","M","R","?","E","T","$","E","M","?","?","R","BOSS","M","?","$","?","M","E","$","R","T","M","?","?","M","E","R","BOSS"],"build_version":"2019-01-23","purchased_purges":3,"victory":true,"max_hp_per_floor":[70,70,70,70,70,70,70,70,70,70,70,70,70,70,70,70,70,70,70,70,70,70,70,70,70,70,70,70,70,70,70,70,70,70,70,70,70,70,70,70,70,70,70,70,70,66,66,66,66,66],"card_choices":[{"not_picked":["Prepared","Eviscerate"],"picked":"Blade Dance","floor":1.0},{"not_picked":["Distraction","Dagger Spray"],"picked":"Cloak And Dagger","floor":3},{"not_picked":["PiercingWail","Masterful Stab"],"picked":"Dash","floor":5},{"not_picked":["Predator","Blade Dance"],"picked":"Escape Plan","floor":7},{"not_picked":["Tactician","Quick Slash"],"picked":"Terror","floor":8},{"not_picked":["Choke","Venomology","Acrobatics"],"picked":"SKIP","floor":12},{"not_picked":["Distraction","PiercingWail"],"picked":"Riddle With Holes","floor":13},{"not_picked":["Crippling Poison","Quick Slash"],"picked":"Dodge and Roll","floor":14},{"not_picked":["Venomology","Wraith Form v2"],"picked":"Doppelganger","floor":16},{"not_picked":["Flying Knee","Prepared"],"picked":"Quick Slash","floor":18},{"not_picked":["Flying Knee","Deadly Poison"],"picked":"Dagger Spray","floor":22},{"not_picked":["Crippling Poison","Flying Knee+1"],"picked":"Underhanded Strike+1","floor":24},{"not_picked":["Phantasmal Killer","Noxious Fumes"],"picked":"Dagger Throw+1","floor":25},{"not_picked":["Choke","Deadly Poison"],"picked":"Dodge and Roll","floor":28},{"not_picked":["Dagger Spray+1","Prepared","Leg Sweep+1"],"picked":"SKIP","floor":29},{"not_picked":["Dodge and Roll","Blade Dance"],"picked":"Sucker Punch+1","floor":31},{"not_picked":["Wraith Form v2","Venomology"],"picked":"Malaise","floor":33},{"not_picked":["Distraction+1","Deflect+1"],"picked":"Flying Knee+1","floor":35},{"not_picked":["Finisher","Flying Knee+1","Sucker Punch"],"picked":"SKIP","floor":39},{"not_picked":["Poisoned Stab","Doppelganger"],"picked":"Backflip","floor":40},{"not_picked":["Quick Slash+1","Cloak And Dagger"],"picked":"PiercingWail","floor":44},{"not_picked":["A Thousand Cuts","Bane"],"picked":"Poisoned Stab+1","floor":45},{"not_picked":["Dagger Spray+1","Masterful Stab+1","Outmaneuver+1"],"picked":"SKIP","floor":47},{"not_picked":["Choke+1","Burst"],"picked":"Die Die Die","floor":48}],"player_experience":1254998,"relics_obtained":[{"floor":6,"key":"Bottled Tornado"},{"floor":8,"key":"Vajra"},{"floor":9,"key":"Bronze Scales"},{"floor":19,"key":"Oddly Smooth Stone"},{"floor":20,"key":"Lantern"},{"floor":24,"key":"Tough Bandages"},{"floor":24,"key":"Dodecahedron"},{"floor":25,"key":"Calipers"},{"floor":26,"key":"Boot"},{"floor":28,"key":"Centennial Puzzle"},{"floor":40,"key":"Art of War"},{"floor":43,"key":"MawBank"},{"floor":48,"key":"Bag of Preparation"}],"event_choices":[{"damage_healed":0.0,"max_hp_gain":0.0,"max_hp_loss":0.0,"gold_gain":0.0,"event_name":"Match and Keep!","player_choice":"2 cards matched","floor":2.0,"gold_loss":0.0,"damage_taken":0.0,"cards_obtained":["Bandage Up","Leg Sweep"]},{"cards_removed":["Defend_G"],"damage_healed":0,"gold_gain":0,"player_choice":"Purged","damage_taken":0,"max_hp_gain":0,"max_hp_loss":0,"event_name":"Purifier","floor":11,"gold_loss":0},{"damage_healed":0,"gold_gain":0,"player_choice":"Fight","damage_taken":0,"max_hp_gain":0,"max_hp_loss":0,"event_name":"Colosseum","floor":24,"gold_loss":0},{"damage_healed":0,"gold_gain":0,"player_choice":"Fought Nobs","damage_taken":0,"max_hp_gain":0,"max_hp_loss":0,"event_name":"Colosseum","floor":24,"gold_loss":0},{"cards_removed":["Strike_G"],"damage_healed":0,"gold_gain":0,"player_choice":"Purged","damage_taken":0,"max_hp_gain":0,"max_hp_loss":0,"event_name":"Purifier","floor":30,"gold_loss":0},{"damage_healed":0,"gold_gain":999,"player_choice":"Gold","damage_taken":0,"max_hp_gain":0,"max_hp_loss":0,"event_name":"MindBloom","floor":36,"gold_loss":0,"cards_obtained":["Normality","Normality"]},{"damage_healed":0,"gold_gain":0,"player_choice":"Copied","damage_taken":0,"max_hp_gain":0,"max_hp_loss":0,"event_name":"Duplicator","floor":38,"gold_loss":0,"cards_obtained":["Footwork"]},{"damage_healed":0,"gold_gain":0,"player_choice":"Max HP","damage_taken":0,"max_hp_gain":0,"max_hp_loss":4,"event_name":"Winding Halls","floor":46,"gold_loss":0}],"is_beta":false,"boss_relics":[{"not_picked":["Fusion Hammer","Lizard Tail"],"picked":"Snecko Eye"},{"not_picked":["Empty Cage","Velvet Choker"],"picked":"Philosopher\u0027s Stone"}],"items_purged_floors":[21,37,41],"is_endless":false,"potions_floor_spawned":[5,7,8,14,18,22,24,28,35,40,47],"ascension_level":0}