{"gold_per_floor":[112,123,140,150,150,180,180,207,284,294,294,307,157,174,174,248,248,267,280,280,5,105,105,105,138,138,138,138,150,183,200,200,277,277,291,291,291,304,314,343,124,124,124,124,4,22,22,54,54,54,54,54,54,54,54],"floor_reached":55,"playtime":3973,"items_purged":["Strike_R","Strike_R","Strike_R+1","Strike_R+1"],"score":2025,"play_id":"19d558ed-a5d7-4226-8062-2f0f376b9f1b","local_time":"20190221110731","is_ascension_mode":true,"campfire_choices":[{"floor":7,"key":"REST"},{"data":"Inflame","floor":11,"key":"SMITH"},{"data":"Uppercut","floor":15,"key":"SMITH"},{"data":"Offering","floor":24,"key":"SMITH"},{"data":"Demon Form","floor":27,"key":"SMITH"},{"data":"Ghostly","floor":32,"key":"SMITH"},{"data":"Ghostly","floor":42,"key":"SMITH"},{"data":"Ghostly","floor":44,"key":"SMITH"},{"data":"Chrysalis","floor":47,"key":"SMITH"},{"floor":49,"key":"RECALL"},{"data":"Feel No Pain","floor":53,"key":"SMITH"}],"neow_cost":"PERCENT_DAMAGE","seed_source_timestamp":607210968143629,"circlet_count":0,"master_deck":["AscendersBane","Strike_R+1","Defend_R+1","Defend_R+1","Defend_R+1","Bash","Reaper","Flame Barrier","Wild Strike","Headbutt","Offering+1","Shrug It Off","Inflame+1","Twin Strike","Clothesline","Uppercut+1","Demon Form+1","Shrug It Off","Impervious","Ghostly+1","Ghostly+1","Ghostly+1","Sword Boomerang","Shrug It Off","Exhume","Corruption","Feel No Pain+1","Blind","Chrysalis+1","Metamorphosis","Armaments+1","Feel No Pain","Feel No Pain","Shrug It Off"],"relics":["Burning Blood","Question Card","Thread and Needle","Bottled Tornado","Sozu","Ginger","Bottled Lightning","Red Skull","The Courier","Prayer Wheel","Runic Pyramid","Shuriken","Pantograph"],"potions_floor_usage":[6,8,16,19],"damage_taken":[{"damage":12,"enemies":"Cultist","floor":1,"turns":5},{"damage":0,"enemies":"2 Louse","floor":2,"turns":4},{"damage":10,"enemies":"Small Slimes","floor":3,"turns":3},{"damage":14,"enemies":"3 Louse","floor":4,"turns":4},{"damage":39,"enemies":"Lagavulin","floor":6,"turns":8},{"damage":40,"enemies":"3 Sentries","floor":8,"turns":10},{"damage":17,"enemies":"Large Slime","floor":10,"turns":6},{"damage":0,"enemies":"Looter","floor":12,"turns":3},{"damage":1,"enemies":"Blue Slaver","floor":14,"turns":4},{"damage":32,"enemies":"Hexaghost","floor":16,"turns":9},{"damage":23,"enemies":"Spheric Guardian","floor":18,"turns":6},{"damage":15,"enemies":"2 Thieves","floor":19,"turns":3},{"damage":50,"enemies":"Colosseum Slavers","floor":22,"turns":4},{"damage":22,"enemies":"Colosseum Nobs","floor":22,"turns":4},{"damage":6,"enemies":"Gremlin Leader","floor":25,"turns":8},{"damage":6,"enemies":"Snecko","floor":29,"turns":6},{"damage":35,"enemies":"Slavers","floor":30,"turns":6},{"damage":6,"enemies":"3 Cultists","floor":31,"turns":5},{"damage":16,"enemies":"Champ","floor":33,"turns":11},{"damage":6,"enemies":"Orb Walker","floor":35,"turns":4},{"damage":7,"enemies":"3 Darklings","floor":38,"turns":9},{"damage":6,"enemies":"4 Shapes","floor":39,"turns":7},{"damage":12,"enemies":"Reptomancer","floor":40,"turns":4},{"damage":0,"enemies":"Writhing Mass","floor":46,"turns":6},{"damage":14,"enemies":"Giant Head","floor":48,"turns":6},{"damage":32,"enemies":"Awakened One","floor":50,"turns":11},{"damage":28,"enemies":"Time Eater","floor":51,"turns":14},{"damage":57,"enemies":"Shield and Spear","floor":55,"turns":5}],"seed_played":"4583894913781745078","potions_obtained":[{"floor":1,"key":"SpeedPotion"},{"floor":2,"key":"Swift Potion"},{"floor":5,"key":"Fire Potion"},{"floor":8,"key":"Fire Potion"},{"floor":12,"key":"Block Potion"},{"floor":16,"key":"FairyPotion"}],"is_trial":false,"path_per_floor":["M","M","M","M","?","E","R","E","T","M","R","M","$","M","R","B",null,"M","M","?","$","?","?","R","E","T","R","?","M","E","M","R","B",null,"M","?","?","M","M","E","$","R","T","R","$","M","R","E","R","B","B",null,"R","$","E"],"character_chosen":"IRONCLAD","items_purchased":["Uppercut","Impervious","Feel No Pain","Feel No Pain"],"campfire_rested":1,"item_purchase_floors":[13,21,41,41],"current_hp_per_floor":[44,58,58,62,62,29,51,25,25,26,26,32,32,37,37,21,62,54,63,63,63,37,37,37,37,37,37,37,37,36,36,36,37,37,37,37,27,37,37,37,37,37,37,37,37,37,37,37,37,22,35,37,37,37,0],"gold":54,"neow_bonus":"THREE_RARE_CARDS","is_prod":false,"is_daily":false,"chose_seed":false,"campfire_upgraded":9,"win_rate":0,"timestamp":1550765251,"path_taken":["M","M","?","M","?","E","R","E","T","M","R","?","$","M","R","BOSS","M","M","?","$","?","?","R","E","T","R","?","M","E","M","R","BOSS","M","?","?","M","M","E","$","R","T","R","?","?","R","E","R","BOSS","BOSS","R","$","E"],"build_version":"2019-01-23","purchased_purges":4,"victory":false,"max_hp_per_floor":[75,75,75,75,75,75,75,75,75,75,75,75,75,75,75,75,75,75,75,75,75,75,37,37,37,37,37,37,37,37,37,37,37,37,37,37,37,37,37,37,37,37,37,37,37,37,37,37,37,37,37,37,37,37,37],"card_choices":[{"not_picked":["Berserk","Fiend Fire"],"picked":"Reaper","floor":0},{"not_picked":["Intimidate","Sword Boomerang"],"picked":"Flame Barrier","floor":1},{"not_picked":["Heavy Blade","Entrench"],"picked":"Wild Strike","floor":2},{"not_picked":["Flame Barrier","Flex"],"picked":"Headbutt","floor":3},{"not_picked":["Havoc","Clothesline"],"picked":"Offering","floor":4},{"not_picked":["True Grit","Body Slam"],"picked":"Shrug It Off","floor":6},{"not_picked":["True Grit","Twin Strike","Wild Strike"],"picked":"Inflame","floor":8},{"not_picked":["Clash","Body Slam","Havoc"],"picked":"Twin Strike","floor":10},{"not_picked":["Twin Strike","True Grit","Feel No Pain"],"picked":"Clothesline","floor":12},{"not_picked":["Perfected Strike","Wild Strike","Infernal Blade","Evolve"],"picked":"SKIP","floor":14},{"not_picked":["Impervious","Exhume","Double Tap"],"picked":"Demon Form","floor":16},{"not_picked":["Warcry","Perfected Strike","Flex"],"picked":"Shrug It Off","floor":18},{"not_picked":["Headbutt+1","Ghostly Armor","Power Through","Dropkick"],"picked":"SKIP","floor":19},{"not_picked":["Reckless Charge","Spot Weakness","Clothesline","Berserk"],"picked":"SKIP","floor":25},{"not_picked":["Fire Breathing+1","Second Wind","Perfected Strike","Flex"],"picked":"SKIP","floor":29},{"not_picked":["Iron Wave","Body Slam","Cleave"],"picked":"Sword Boomerang","floor":30},{"not_picked":["Blood for Blood+1","Pommel Strike","Combust"],"picked":"Shrug It Off","floor":31},{"not_picked":["Carnage","Warcry","Infernal Blade","Intimidate"],"picked":"SKIP","floor":31},{"not_picked":["Bludgeon","Juggernaut","Barricade"],"picked":"Exhume","floor":33},{"not_picked":["Sword Boomerang+1","Hemokinesis","Clothesline"],"picked":"Corruption","floor":35},{"not_picked":["Thunderclap","Perfected Strike","True Grit"],"picked":"Feel No Pain","floor":35},{"not_picked":["Magnetism","Mind Blast","Panache"],"picked":"Blind","floor":37},{"not_picked":["Madness","Mind Blast","Mayhem"],"picked":"Chrysalis","floor":37},{"not_picked":["Trip","Secret Technique","Bandage Up"],"picked":"Metamorphosis","floor":37},{"not_picked":["Ghostly Armor","Thunderclap","Clothesline","Rupture"],"picked":"SKIP","floor":38},{"not_picked":["Warcry+1","Twin Strike+1","Flex","Sword Boomerang+1"],"picked":"SKIP","floor":38},{"not_picked":["Flex","Thunderclap","Body Slam"],"picked":"Armaments+1","floor":39},{"not_picked":["Pommel Strike","Shrug It Off","Inflame","Cleave+1"],"picked":"SKIP","floor":39},{"not_picked":["Armaments","Wild Strike+1","Searing Blow+1","Headbutt+1"],"picked":"SKIP","floor":40},{"not_picked":["Havoc","Pummel","Pommel Strike"],"picked":"Shrug It Off","floor":46},{"not_picked":["Whirlwind+1","Berserk","Fire Breathing","Blood for Blood+1"],"picked":"SKIP","floor":46},{"not_picked":["Power Through","Spot Weakness","Havoc+1","Shrug It Off"],"picked":"SKIP","floor":48}],"player_experience":861254,"relics_obtained":[{"floor":6,"key":"Question Card"},{"floor":8,"key":"Thread and Needle"},{"floor":9,"key":"Bottled Tornado"},{"floor":22,"key":"Ginger"},{"floor":22,"key":"Bottled Lightning"},{"floor":25,"key":"Red Skull"},{"floor":26,"key":"The Courier"},{"floor":30,"key":"Prayer Wheel"},{"floor":40,"key":"Shuriken"},{"floor":48,"key":"Pantograph"}],"event_choices":[{"damage_healed":0,"gold_gain":0,"player_choice":"Got Potions","damage_taken":0,"max_hp_gain":0,"max_hp_loss":0,"event_name":"Lab","floor":5,"gold_loss":0},{"damage_healed":0,"gold_gain":0,"player_choice":"Ignored","damage_taken":0,"max_hp_gain":0,"max_hp_loss":0,"event_name":"Vampires","floor":20,"gold_loss":0},{"damage_healed":0,"gold_gain":0,"player_choice":"Fight","damage_taken":0,"max_hp_gain":0,"max_hp_loss":0,"event_name":"Colosseum","floor":22,"gold_loss":0},{"damage_healed":0,"gold_gain":0,"player_choice":"Fought Nobs","damage_taken":0,"max_hp_gain":0,"max_hp_loss":0,"event_name":"Colosseum","floor":22,"gold_loss":0},{"damage_healed":0,"gold_gain":0,"player_choice":"Became a Ghost","damage_taken":0,"max_hp_gain":0,"max_hp_loss":38,"event_name":"Ghosts","floor":23,"gold_loss":0,"cards_obtained":["Ghostly","Ghostly","Ghostly"]},{"damage_healed":0,"gold_gain":0,"player_choice":"Simplicity","damage_taken":0,"max_hp_gain":0,"max_hp_loss":0,"event_name":"Back to Basics","floor":28,"gold_loss":0,"cards_upgraded":["Strike_R","Strike_R","Strike_R","Defend_R","Defend_R","Defend_R","Defend_R"]},{"cards_removed":["Defend_R"],"damage_healed":0,"gold_gain":0,"player_choice":"Removed Skill","damage_taken":0,"max_hp_gain":0,"max_hp_loss":0,"event_name":"Falling","floor":36,"gold_loss":0},{"damage_healed":0,"gold_gain":0,"player_choice":"Memory 3","damage_taken":10,"max_hp_gain":0,"max_hp_loss":0,"event_name":"SensoryStone","floor":37,"gold_loss":0}],"is_beta":false,"boss_relics":[{"not_picked":["Fusion Hammer","White Beast Statue"],"picked":"Sozu"},{"not_picked":["Coffee Dripper","Eternal Feather"],"picked":"Runic Pyramid"}],"items_purged_floors":[13,21,41,45],"is_endless":false,"potions_floor_spawned":[1,2,8,12,16,18,29,33,46,48],"killed_by":"Shield and Spear","ascension_level":20}