{"gold_per_floor":[115,134,309,320,88,123,143,159,159,159,177,177,25,38,38,137,137,154,154,164,174,190,190,190,206,229,81,100,114,134,59,59,59],"floor_reached":33,"playtime":2398,"items_purged":["Doubt"],"score":255,"play_id":"559f64c4-2a72-478c-b118-137b4617b8bc","local_time":"20180629225258","is_ascension_mode":false,"campfire_choices":[{"floor":10.0,"key":"REST"},{"floor":12.0,"key":"REST"},{"floor":15.0,"key":"REST"},{"floor":23,"key":"REST"},{"floor":32,"key":"REST"}],"neow_cost":"","seed_source_timestamp":687315123799044,"circlet_count":0,"master_deck":["Defend_G","Defend_G","Defend_G","Defend_G","Defend_G","Survivor","Neutralize","Flechettes","Backflip","Poisoned Stab","Prepared","Deadly Poison","Backflip","Quick Slash","Backstab","After Image","Unload+1","Sucker Punch+1","Slice","Underhanded Strike+1","Dodge and Roll","Footwork","Doppelganger","Acrobatics+1","Dash+1","Slice+1","Dodge and Roll+1"],"special_seed":0,"relics":["Ring of the Snake","Pen Nib","Boot","Mercury Hourglass","Vajra","Astrolabe","Juzu Bracelet","Happy Flower"],"potions_floor_usage":[22,22,28,30,33],"damage_taken":[{"damage":12.0,"enemies":"Jaw Worm","floor":1.0,"turns":4.0},{"damage":8.0,"enemies":"Small Slimes","floor":2.0,"turns":4.0},{"damage":5.0,"enemies":"Cultist","floor":4.0,"turns":5.0},{"damage":28.0,"enemies":"Gremlin Nob","floor":6.0,"turns":4.0},{"damage":8.0,"enemies":"Exordium Thugs","floor":7.0,"turns":4.0},{"damage":0.0,"enemies":"2 Fungi Beasts","floor":8.0,"turns":3.0},{"damage":4.0,"enemies":"Red Slaver","floor":11.0,"turns":3.0},{"damage":7.0,"enemies":"3 Louse","floor":14.0,"turns":3.0},{"damage":10.0,"enemies":"Slime Boss","floor":16.0,"turns":8.0},{"damage":13.0,"enemies":"2 Thieves","floor":18.0,"turns":4.0},{"damage":3,"enemies":"Shell Parasite","floor":20,"turns":2},{"damage":18,"enemies":"Cultist and Chosen","floor":21,"turns":6},{"damage":53,"enemies":"Slaver and Parasite","floor":22,"turns":5},{"damage":1,"enemies":"3 Cultists","floor":25,"turns":6},{"damage":7,"enemies":"Snecko","floor":28,"turns":6},{"damage":25,"enemies":"Cultist and Chosen","floor":29,"turns":6},{"damage":3,"enemies":"Centurion and Healer","floor":30,"turns":6},{"damage":45,"enemies":"Champ","floor":33,"turns":11}],"seed_played":"-7790211801934405805","potions_obtained":[{"floor":1.0,"key":"AttackPotion"},{"floor":2.0,"key":"GamblersBrew"},{"floor":6.0,"key":"Explosive Potion"},{"floor":14.0,"key":"Regen Potion"},{"floor":21,"key":"Fire Potion"},{"floor":29,"key":"Weak Potion"},{"floor":30,"key":"Regen Potion"}],"is_trial":false,"path_per_floor":["M","M","?","M","$","E","M","M","T","R","M","R","$","M","R","B",null,"M","?","M","M","M","R","?","M","T","$","M","M","M","?","R"],"character_chosen":"THE_SILENT","items_purchased":["Pen Nib","Vajra","Happy Flower"],"campfire_rested":5,"item_purchase_floors":[],"current_hp_per_floor":[58,50,50,45,45,17,9,9,9,30,26,47,47,40,61,51,70,57,80,77,59,15,39,39,38,38,38,31,6,3,3,27,0],"gold":59,"neow_bonus":"","is_prod":false,"is_daily":false,"chose_seed":false,"campfire_upgraded":0,"win_rate":0.0,"timestamp":1530287578,"path_taken":["M","M","?","M","$","E","M","M","T","R","M","R","?","M","R","BOSS","M","?","M","M","M","R","?","M","T","$","M","M","M","?","R","BOSS"],"build_version":"2018-06-28","purchased_purges":1,"victory":false,"max_hp_per_floor":[70,70,70,70,70,70,70,70,70,70,70,70,70,70,70,70,70,70,80,80,80,80,80,80,80,80,80,80,80,80,80,80,80],"card_choices":[{"not_picked":["Escape Plan","Dagger Spray"],"picked":"Flechettes","floor":1.0},{"not_picked":["Dodge and Roll","Riddle With Holes"],"picked":"Backflip","floor":2.0},{"not_picked":["Riddle With Holes","Masterful Stab"],"picked":"Poisoned Stab","floor":4.0},{"not_picked":["Flechettes","Tactician"],"picked":"Prepared","floor":6.0},{"not_picked":["Infinite Blades","Flechettes"],"picked":"Deadly Poison","floor":7.0},{"not_picked":["Quick Slash","Predator"],"picked":"Backflip","floor":8.0},{"not_picked":["Dagger Throw","Sucker Punch"],"picked":"Quick Slash","floor":11.0},{"not_picked":["Flechettes","Sucker Punch"],"picked":"Backstab","floor":14.0},{"not_picked":["Die Die Die","Tools of the Trade"],"picked":"After Image","floor":16.0},{"not_picked":["Riddle With Holes","Flying Knee"],"picked":"Slice","floor":18.0},{"not_picked":["PiercingWail","Distraction"],"picked":"Underhanded Strike+1","floor":20},{"not_picked":["Expertise","Dagger Throw"],"picked":"Dodge and Roll","floor":21},{"not_picked":["Dagger Spray","Quick Slash"],"picked":"Footwork","floor":22},{"not_picked":["Blade Dance+1","Dash"],"picked":"Acrobatics+1","floor":25},{"not_picked":["Underhanded Strike+1","Crippling Poison"],"picked":"Dash+1","floor":28},{"not_picked":["Choke","Sucker Punch+1"],"picked":"Slice+1","floor":29},{"not_picked":["Underhanded Strike+1","Dagger Throw"],"picked":"Dodge and Roll+1","floor":30}],"player_experience":2593,"relics_obtained":[{"floor":6.0,"key":"Boot"},{"floor":9.0,"key":"Mercury Hourglass"},{"floor":26,"key":"Juzu Bracelet"}],"event_choices":[{"event_name":"Liars Game","player_choice":"agreed","floor":3.0,"damage_taken":0.0},{"event_name":"Bonfire Elementals","player_choice":"RARE","floor":19.0,"damage_taken":0.0},{"event_name":"Transmorgrifier","player_choice":"Transform","floor":24,"damage_taken":0},{"event_name":"Beggar","player_choice":"Gave Gold","floor":31,"damage_taken":0}],"boss_relics":[{"not_picked":["Velvet Choker","Snecko Eye"],"picked":"Astrolabe"}],"items_purged_floors":[],"is_endless":false,"potions_floor_spawned":[1,2,6,14,18,21,29,30],"killed_by":"Champ","ascension_level":0}