{"gold_per_floor":[216,236,536,536,553,553,583,13,13,13,25,50,62,75,75,174,174,194,194,209,209,221,221,255,270,270,270,240,253,117,117],"floor_reached":31,"playtime":1147,"items_purged":["Strike_B","Strike_B"],"score":464,"play_id":"6be94e6a-3fbd-466e-be88-5ad014a272b2","local_time":"20180718210721","is_ascension_mode":true,"campfire_choices":[{"data":"Beam Cell","floor":6,"key":"SMITH"},{"data":"Static Discharge","floor":10,"key":"SMITH"},{"floor":15,"key":"REST"},{"floor":23,"key":"REST"},{"floor":27,"key":"REST"}],"neow_cost":"NONE","seed_source_timestamp":2084729144500047,"circlet_count":0,"master_deck":["Strike_B","Strike_B","Defend_B","Defend_B","Defend_B","Defend_B","Zap","Dualcast","AscendersBane","Self Repair","Beam Cell+1","Static Discharge+1","Hologram","Melter","Self Repair","Thunder Strike","Conserve Battery","Conserve Battery+1","Storm"],"relics":["Cracked Core","Old Coin","Oddly Smooth Stone","Mango","Singing Bowl","Runic Capacitor","Gambling Chip","Calipers","Velvet Choker","Question Card","Du-Vu Doll"],"potions_floor_usage":[7,13,16,22,24,31,31],"damage_taken":[{"damage":1,"enemies":"Cultist","floor":1,"turns":3},{"damage":13,"enemies":"2 Louse","floor":2,"turns":4},{"damage":0,"enemies":"Jaw Worm","floor":5,"turns":3},{"damage":26,"enemies":"Gremlin Nob","floor":7,"turns":5},{"damage":3,"enemies":"Blue Slaver","floor":11,"turns":3},{"damage":15,"enemies":"3 Sentries","floor":12,"turns":5},{"damage":32,"enemies":"Exordium Thugs","floor":13,"turns":4},{"damage":4,"enemies":"Exordium Wildlife","floor":14,"turns":4},{"damage":42,"enemies":"Slime Boss","floor":16,"turns":9},{"damage":6,"enemies":"3 Byrds","floor":18,"turns":2},{"damage":0,"enemies":"Spheric Guardian","floor":20,"turns":1},{"damage":42,"enemies":"Snecko","floor":22,"turns":6},{"damage":40,"enemies":"Slavers","floor":24,"turns":5},{"damage":30,"enemies":"Snake Plant","floor":25,"turns":4},{"damage":13,"enemies":"Centurion and Healer","floor":29,"turns":4},{"damage":69,"enemies":"Gremlin Leader","floor":31,"turns":6}],"seed_played":"6461166962693351998","potions_obtained":[{"floor":1,"key":"PowerPotion"},{"floor":7,"key":"Ancient Potion"},{"floor":12,"key":"AttackPotion"},{"floor":14,"key":"GamblersBrew"},{"floor":18,"key":"SkillPotion"},{"floor":28,"key":"SmokeBomb"},{"floor":28,"key":"Block Potion"},{"floor":29,"key":"Explosive Potion"}],"is_trial":false,"path_per_floor":["M","M","?","?","M","R","E","$","T","R","M","E","M","M","R","B",null,"M","?","M","?","M","R","E","M","T","R","?","M","$"],"character_chosen":"DEFECT","items_purchased":["Singing Bowl","Runic Capacitor","Hologram","Storm"],"campfire_rested":3,"item_purchase_floors":[8,8,8,30],"current_hp_per_floor":[67,61,61,54,54,54,49,49,49,49,53,45,29,41,68,40,80,81,81,83,64,38,68,44,30,30,61,61,62,62,0],"gold":117,"neow_bonus":"HUNDRED_GOLD","is_prod":false,"is_daily":false,"chose_seed":false,"campfire_upgraded":2,"win_rate":0,"timestamp":1531966041,"path_taken":["M","?","?","?","M","R","E","$","T","R","M","E","?","M","R","BOSS","M","?","?","?","M","R","E","M","T","R","?","M","?","E"],"build_version":"2018-07-12","purchased_purges":2,"victory":false,"max_hp_per_floor":[75,75,75,75,75,75,89,89,89,89,89,89,91,93,93,93,93,93,93,95,100,102,102,104,106,106,106,106,106,106,106],"card_choices":[{"not_picked":["Barrage","Stack"],"picked":"Self Repair","floor":1},{"not_picked":["Steam","Chaos"],"picked":"Beam Cell","floor":2},{"not_picked":["Rebound","Beam Cell"],"picked":"Static Discharge","floor":5},{"not_picked":["Chaos","Darkness","Steam Power"],"picked":"SKIP","floor":7},{"not_picked":["Sunder","Compile Driver"],"picked":"Melter","floor":11},{"not_picked":["Steam","Rip and Tear"],"picked":"Self Repair","floor":12},{"not_picked":["Conserve Battery","Barrage","Chill"],"picked":"Singing Bowl","floor":13},{"not_picked":["Redo","Turbo","Cold Snap"],"picked":"Singing Bowl","floor":14},{"not_picked":["Hyperbeam","All For One"],"picked":"Thunder Strike","floor":16},{"not_picked":["Fusion","Gash"],"picked":"Conserve Battery","floor":18},{"not_picked":["Melter","Rip and Tear+1","Force Field"],"picked":"Singing Bowl","floor":20},{"not_picked":["Double Energy+1","Leap+1","Cold Snap+1"],"picked":"Singing Bowl","floor":22},{"not_picked":["Chaos","Sweeping Beam+1","All For One"],"picked":"Singing Bowl","floor":24},{"not_picked":["Sweeping Beam","Beam Cell+1","Stack+1","Compile Driver"],"picked":"Singing Bowl","floor":25},{"not_picked":["Streamline","Turbo","Undo+1"],"picked":"Conserve Battery+1","floor":29}],"player_experience":431324,"relics_obtained":[{"floor":7,"key":"Mango"},{"floor":9,"key":"Gambling Chip"},{"floor":12,"key":"Calipers"},{"floor":24,"key":"Question Card"},{"floor":26,"key":"Du-Vu Doll"}],"event_choices":[{"event_name":"Wheel of Change","player_choice":"Relic","floor":3,"damage_taken":0},{"event_name":"Scrap Ooze","player_choice":"success","floor":4,"damage_taken":7},{"event_name":"Vampires","player_choice":"Ignored","floor":19,"damage_taken":0},{"event_name":"Forgotten Altar","player_choice":"Shed Blood","floor":21,"damage_taken":0},{"event_name":"The Woman in Blue","player_choice":"Bought 2 Potions","floor":28,"damage_taken":0}],"boss_relics":[{"not_picked":["Ectoplasm","Runic Pyramid"],"picked":"Velvet Choker"}],"items_purged_floors":[8,30],"is_endless":false,"potions_floor_spawned":[1,7,12,14,18,29],"killed_by":"Gremlin Leader","ascension_level":11}