{"path_per_floor":["M","T","M","?","M","E","R","M","T","M","E","M","M","E","R","B",null,"M","M","?","M","$","E","M"],"character_chosen":"IRONCLAD","items_purchased":["Apotheosis","Vajra","Evolve"],"gold_per_floor":[119,119,138,138,156,184,184,199,199,213,238,249,266,294,294,371,371,384,399,399,417,37,64,78,78],"floor_reached":25,"campfire_rested":0,"playtime":1140,"current_hp_per_floor":[74,74,76,76,76,66,66,68,68,74,76,78,77,74,74,50,73,74,78,63,35,35,20,15,0],"items_purged":[],"gold":78,"score":449,"play_id":"a958174c-d5b1-473f-9c93-d70614b20218","local_time":"20180428151053","is_prod":false,"is_daily":false,"chose_seed":false,"is_ascension_mode":true,"campfire_upgraded":2,"timestamp":1524946253,"path_taken":["M","?","?","?","M","E","R","M","T","M","E","M","M","E","R","BOSS","M","M","?","?","$","E","M","E"],"build_version":"2018-04-28","seed_source_timestamp":2258490870123728,"purchased_purges":0,"victory":false,"master_deck":["Strike_R+1","Strike_R","Strike_R","Strike_R+1","Strike_R","Defend_R","Defend_R","Defend_R","Defend_R","Bash","AscendersBane","Offering","Clash","Metallicize","Carnage","Armaments+1","Shrug It Off","Shockwave","True Grit+1","Combust","Sever Soul","Thunderclap","Brutality","Clash","Infernal Blade","Flex","Apotheosis","Evolve","Demon Form"],"max_hp_per_floor":[80,80,80,80,80,80,80,80,80,80,80,80,80,80,80,80,80,80,80,85,85,85,85,85,85],"relics":["Burning Blood","Whetstone","Lantern","Thread and Needle","Regal Pillow","Calipers","Runic Dome","Vajra","Dead Branch"],"card_choices":[{"not_picked":["Heavy Blade","Bloodletting"],"picked":"Clash","floor":1},{"not_picked":["Feel No Pain","Cleave"],"picked":"Metallicize","floor":3},{"not_picked":["Fire Breathing","Havoc"],"picked":"Carnage","floor":5},{"not_picked":["Entrench","Bloodletting"],"picked":"Armaments","floor":6},{"not_picked":["Bloodletting","Armaments"],"picked":"Shrug It Off","floor":8},{"not_picked":["Offering","Battle Trance"],"picked":"Shockwave","floor":10},{"not_picked":["Clothesline","Rupture"],"picked":"True Grit","floor":11},{"not_picked":["Shockwave","Iron Wave"],"picked":"Combust","floor":12},{"not_picked":["Dual Wield","Havoc"],"picked":"Sever Soul","floor":13},{"not_picked":["Pummel","Perfected Strike"],"picked":"Thunderclap","floor":14},{"not_picked":["Double Tap","Juggernaut"],"picked":"Brutality","floor":16},{"not_picked":["Pommel Strike","Headbutt"],"picked":"Clash","floor":18},{"not_picked":["Corruption","Warcry"],"picked":"Infernal Blade","floor":19},{"not_picked":["Whirlwind","Flame Barrier"],"picked":"Flex","floor":21},{"not_picked":["Flame Barrier","Sword Boomerang"],"picked":"Demon Form","floor":23}],"player_experience":287644,"potions_floor_usage":[6,11,23,23,25,25],"damage_taken":[{"damage":4,"enemies":"Cultist","floor":1,"turns":2},{"damage":4,"enemies":"Small Slimes","floor":3,"turns":3},{"damage":6,"enemies":"2 Louse","floor":5,"turns":4},{"damage":16,"enemies":"3 Sentries","floor":6,"turns":8},{"damage":4,"enemies":"Exordium Wildlife","floor":8,"turns":3},{"damage":0,"enemies":"Blue Slaver","floor":10,"turns":4},{"damage":4,"enemies":"Lagavulin","floor":11,"turns":5},{"damage":4,"enemies":"Lots of Slimes","floor":12,"turns":6},{"damage":7,"enemies":"Looter","floor":13,"turns":2},{"damage":9,"enemies":"Gremlin Nob","floor":14,"turns":4},{"damage":30,"enemies":"Hexaghost","floor":16,"turns":10},{"damage":5,"enemies":"Spheric Guardian","floor":18,"turns":3},{"damage":2,"enemies":"Chosen","floor":19,"turns":3},{"damage":34,"enemies":"Sentry and Sphere","floor":21,"turns":6},{"damage":21,"enemies":"Gremlin Leader","floor":23,"turns":6},{"damage":11,"enemies":"Snecko","floor":24,"turns":4},{"damage":17,"enemies":"Slavers","floor":25,"turns":2}],"event_choices":[{"event_name":"The Lab","player_choice":"Got Potions","floor":4,"damage_taken":0},{"event_name":"Forgotten Altar","player_choice":"Shed Blood","floor":20,"damage_taken":0}],"boss_relics":[{"not_picked":["Eternal Feather","Sozu"],"picked":"Runic Dome"}],"potions_floor_spawned":[3,5,8,10,13,16,18,21,24],"seed_played":"-4714982240205441248","killed_by":"Slavers","ascension_level":13,"is_trial":false}