{"gold_per_floor":[110,110,129,149,165,193,118,118,142,142,161,189,200,220,220,292,292,306,306,325,240,165,165,191,209,209,209,234,65,65,75,75,75],"floor_reached":33,"playtime":1308,"items_purged":["Doubt"],"score":535,"play_id":"6ef46356-2407-4337-83ba-fe1ed965abb7","local_time":"20180827004146","is_ascension_mode":true,"campfire_choices":[{"data":"Carnage","floor":8,"key":"SMITH"},{"data":"Bash","floor":10,"key":"SMITH"},{"data":"Clothesline","floor":15,"key":"SMITH"},{"data":"Flame Barrier","floor":23,"key":"SMITH"},{"data":"Double Tap","floor":27,"key":"SMITH"},{"data":"Impervious","floor":32,"key":"SMITH"}],"neow_cost":"TEN_PERCENT_HP_LOSS","seed_source_timestamp":297540963510807,"circlet_count":0,"master_deck":["Strike_R","Strike_R","Strike_R","Defend_R","Defend_R","Defend_R","Bash+1","AscendersBane","Shrug It Off","Carnage+1","Iron Wave","Armaments","Clothesline+1","Headbutt","Dropkick","Reaper","Cleave","Double Tap+1","Flame Barrier+1","Shrug It Off","True Grit+1","Impervious+1","Headbutt"],"relics":["Burning Blood","Magic Flower","Blood Vial","Anchor","Bag of Preparation","Cursed Key","Mango","Bird Faced Urn","Happy Flower","Dead Branch"],"potions_floor_usage":[24,24,33],"damage_taken":[{"damage":7,"enemies":"Jaw Worm","floor":1,"turns":6},{"damage":0,"enemies":"Small Slimes","floor":3,"turns":3},{"damage":0,"enemies":"Cultist","floor":4,"turns":3},{"damage":2,"enemies":"3 Louse","floor":5,"turns":3},{"damage":17,"enemies":"3 Sentries","floor":6,"turns":8},{"damage":2,"enemies":"2 Fungi Beasts","floor":11,"turns":3},{"damage":30,"enemies":"Lagavulin","floor":12,"turns":4},{"damage":0,"enemies":"Blue Slaver","floor":13,"turns":3},{"damage":17,"enemies":"Lots of Slimes","floor":14,"turns":6},{"damage":17,"enemies":"Slime Boss","floor":16,"turns":7},{"damage":7,"enemies":"Shell Parasite","floor":18,"turns":3},{"damage":0,"enemies":"Chosen","floor":20,"turns":3},{"damage":19,"enemies":"Slavers","floor":24,"turns":6},{"damage":12,"enemies":"3 Cultists","floor":25,"turns":5},{"damage":12,"enemies":"Book of Stabbing","floor":28,"turns":5},{"damage":0,"enemies":"Sentry and Sphere","floor":31,"turns":2},{"damage":141,"enemies":"Automaton","floor":33,"turns":12}],"seed_played":"5937023283961806168","potions_obtained":[{"floor":3,"key":"SpeedPotion"},{"floor":11,"key":"FearPotion"},{"floor":13,"key":"SkillPotion"},{"floor":20,"key":"FearPotion"},{"floor":28,"key":"Explosive Potion"}],"is_trial":false,"path_per_floor":["M","?","M","M","M","E","?","R","T","R","M","E","M","M","R","B",null,"M","?","M","?","?","R","E","M","T","R","E","$","$","M","R"],"character_chosen":"IRONCLAD","items_purchased":["Impervious"],"campfire_rested":0,"item_purchase_floors":[29],"current_hp_per_floor":[68,61,68,68,68,60,60,60,60,60,68,47,59,62,62,57,65,68,68,68,82,82,82,82,79,79,79,82,82,82,82,82,0],"gold":75,"neow_bonus":"ONE_RARE_RELIC","is_prod":false,"is_daily":false,"chose_seed":false,"campfire_upgraded":6,"win_rate":0,"timestamp":1535344906,"path_taken":["M","?","M","M","M","E","?","R","T","R","M","E","M","M","R","BOSS","M","?","?","?","?","R","E","M","T","R","E","?","$","M","R","BOSS"],"build_version":"2018-08-23v2","purchased_purges":1,"victory":false,"max_hp_per_floor":[68,68,68,68,68,68,68,68,68,68,68,68,68,68,68,68,68,68,68,68,82,82,82,82,82,82,82,82,82,82,82,82,82],"card_choices":[{"not_picked":["True Grit","Wild Strike"],"picked":"Shrug It Off","floor":1},{"not_picked":["Armaments","Flex"],"picked":"Carnage","floor":3},{"not_picked":["Feel No Pain","Twin Strike"],"picked":"Iron Wave","floor":4},{"not_picked":["Iron Wave","Flex"],"picked":"Armaments","floor":5},{"not_picked":["Seeing Red","Twin Strike"],"picked":"Clothesline","floor":6},{"not_picked":["Burning Pact","Wild Strike"],"picked":"Headbutt","floor":11},{"not_picked":["Sever Soul","Clash"],"picked":"Dropkick","floor":12},{"not_picked":["Entrench","Wild Strike"],"picked":"Reaper","floor":13},{"not_picked":["Bloodletting","Body Slam"],"picked":"Cleave","floor":14},{"not_picked":["Feed","Juggernaut"],"picked":"Double Tap","floor":16},{"not_picked":["Blood for Blood","Armaments"],"picked":"Flame Barrier","floor":18},{"not_picked":["Sentinel","Pommel Strike+1"],"picked":"Shrug It Off","floor":20},{"not_picked":["Ghostly Armor","Bloodletting","Feed"],"picked":"SKIP","floor":24},{"not_picked":["Clothesline","Headbutt","Shrug It Off"],"picked":"SKIP","floor":25},{"not_picked":["Flex","Wild Strike"],"picked":"True Grit+1","floor":28},{"not_picked":["Twin Strike","Perfected Strike"],"picked":"Headbutt","floor":31}],"player_experience":484491,"relics_obtained":[{"floor":6,"key":"Blood Vial"},{"floor":9,"key":"Anchor"},{"floor":12,"key":"Bag of Preparation"},{"floor":24,"key":"Bird Faced Urn"},{"floor":26,"key":"Happy Flower"},{"floor":28,"key":"Dead Branch"}],"event_choices":[{"event_name":"Golden Wing","player_choice":"Card Removal","floor":2,"damage_taken":0},{"event_name":"The Cleric","player_choice":"Card Removal","floor":7,"damage_taken":0},{"event_name":"Ghosts","player_choice":"Ignored","floor":19,"damage_taken":0},{"event_name":"Addict","player_choice":"Obtained Relic","floor":21,"damage_taken":0},{"event_name":"Beggar","player_choice":"Gave Gold","floor":22,"damage_taken":0}],"is_beta":false,"boss_relics":[{"not_picked":["Pandora\u0027s Box","Philosopher\u0027s Stone"],"picked":"Cursed Key"}],"items_purged_floors":[29],"is_endless":false,"potions_floor_spawned":[3,11,12,13,16,20,28],"killed_by":"Automaton","ascension_level":16}