{"gold_per_floor":[362,537,537,71,91,146,146,163,188,113,113,156,168,192,204,321,333,359,403,415,427,439,482,508,520],"floor_reached":25,"playtime":925,"items_purged":["Doubt"],"score":252,"play_id":"00626073-7152-4a18-bb71-b70e640ce9a5","local_time":"20190204121012","is_ascension_mode":false,"campfire_choices":[{"floor":7,"key":"REST"},{"floor":13,"key":"REST"},{"floor":15,"key":"RECALL"}],"neow_cost":"PERCENT_DAMAGE","seed_source_timestamp":547102187526600,"circlet_count":0,"master_deck":["Strike_R","Strike_R","Strike_R","Strike_R","Strike_R","Defend_R","Defend_R","Defend_R","Defend_R","Bash","Iron Wave+1","Thunderclap","Pummel","Regret","Iron Wave","Iron Wave","Barricade","Body Slam+1","Decay","Armaments+1"],"relics":["Burning Blood","Lee\u0027s Waffle","Shuriken","Tiny Chest","MawBank","Mercury Hourglass","Fusion Hammer","Red Mask","Toxic Egg 2","Blue Candle"],"potions_floor_usage":[16,19,23,25],"damage_taken":[{"damage":5,"enemies":"Jaw Worm","floor":1,"turns":5},{"damage":4,"enemies":"Cultist","floor":5,"turns":4},{"damage":41,"enemies":"Gremlin Nob","floor":6,"turns":5},{"damage":7,"enemies":"2 Louse","floor":8,"turns":2},{"damage":49,"enemies":"3 Sentries","floor":12,"turns":11},{"damage":3,"enemies":"Looter","floor":14,"turns":2},{"damage":57,"enemies":"The Guardian","floor":16,"turns":13},{"damage":14,"enemies":"2 Thieves","floor":18,"turns":4},{"damage":0,"enemies":"Masked Bandits","floor":19,"turns":3},{"damage":78,"enemies":"Slavers","floor":23,"turns":6},{"damage":0,"enemies":"3 Byrds","floor":24,"turns":4},{"damage":20,"enemies":"Book of Stabbing","floor":25,"turns":4}],"seed_played":"-7962709837158252412","potions_obtained":[{"floor":8,"key":"SteroidPotion"},{"floor":14,"key":"EssenceOfSteel"},{"floor":18,"key":"Explosive Potion"},{"floor":23,"key":"FearPotion"}],"is_trial":false,"path_per_floor":["M","?","?","$","M","E","R","M","T","$","?","E","R","M","R","B",null,"M","?","?","T","?","E","M","E"],"character_chosen":"IRONCLAD","items_purchased":["Lee\u0027s Waffle","Shuriken"],"campfire_rested":2,"item_purchase_floors":[4,4],"current_hp_per_floor":[57,57,57,87,87,52,78,77,77,77,77,34,60,63,63,12,87,79,85,85,85,85,13,19,0],"gold":520,"neow_bonus":"TWO_FIFTY_GOLD","is_prod":false,"is_daily":false,"chose_seed":false,"campfire_upgraded":0,"win_rate":0,"timestamp":1549278612,"path_taken":["M","?","?","$","?","E","R","M","T","$","?","E","R","M","R","BOSS","M","?","?","?","?","E","?","E"],"build_version":"2019-01-23","purchased_purges":1,"victory":false,"max_hp_per_floor":[80,80,80,87,87,87,87,87,87,87,87,87,87,87,87,87,87,87,87,87,87,87,87,87,87],"card_choices":[{"not_picked":["Clothesline","Anger"],"picked":"Iron Wave","floor":1},{"not_picked":["Havoc","Sentinel"],"picked":"Thunderclap","floor":5},{"not_picked":["Feel No Pain","Metallicize"],"picked":"Pummel","floor":6},{"not_picked":["Body Slam","Havoc","Headbutt"],"picked":"SKIP","floor":8},{"not_picked":["Cleave","Immolate"],"picked":"Iron Wave","floor":12},{"not_picked":["Pommel Strike","True Grit"],"picked":"Iron Wave","floor":14},{"not_picked":["Exhume","Fiend Fire"],"picked":"Barricade","floor":16},{"not_picked":["Iron Wave","Dropkick+1"],"picked":"Body Slam+1","floor":18},{"not_picked":["Bludgeon","Wild Strike"],"picked":"Armaments+1","floor":23},{"not_picked":["Perfected Strike","Burning Pact+1","Havoc+1"],"picked":"SKIP","floor":24}],"player_experience":174256,"relics_obtained":[{"floor":6,"key":"Tiny Chest"},{"floor":12,"key":"Mercury Hourglass"},{"floor":19,"key":"Red Mask"},{"floor":21,"key":"Toxic Egg 2"},{"floor":23,"key":"Blue Candle"}],"event_choices":[{"damage_healed":0,"gold_gain":175,"player_choice":"AGREE","damage_taken":0,"max_hp_gain":0,"max_hp_loss":0,"event_name":"Liars Game","floor":2,"gold_loss":0,"cards_obtained":["Doubt"]},{"damage_healed":0,"gold_gain":0,"player_choice":"Upgraded","damage_taken":0,"max_hp_gain":0,"max_hp_loss":0,"event_name":"Upgrade Shrine","floor":3,"gold_loss":0,"cards_upgraded":["Iron Wave"]},{"damage_healed":0,"gold_gain":0,"player_choice":"Box","damage_taken":0,"relics_obtained":["MawBank"],"max_hp_gain":0,"max_hp_loss":0,"event_name":"Big Fish","floor":11,"gold_loss":0,"cards_obtained":["Regret"]},{"damage_healed":0,"gold_gain":0,"player_choice":"Fought Bandits","damage_taken":0,"max_hp_gain":0,"max_hp_loss":0,"event_name":"Masked Bandits","floor":19,"gold_loss":0},{"damage_healed":0,"gold_gain":0,"player_choice":"Smashed Altar","damage_taken":0,"max_hp_gain":0,"max_hp_loss":0,"event_name":"Forgotten Altar","floor":20,"gold_loss":0,"cards_obtained":["Decay"]},{"damage_healed":0,"gold_gain":0,"player_choice":"Ignored","damage_taken":0,"max_hp_gain":0,"max_hp_loss":0,"event_name":"Transmorgrifier","floor":22,"gold_loss":0}],"is_beta":true,"boss_relics":[{"not_picked":["Astrolabe","Eternal Feather"],"picked":"Fusion Hammer"}],"items_purged_floors":[10],"is_endless":false,"potions_floor_spawned":[8,14,18,23],"killed_by":"Book of Stabbing","ascension_level":0}