{"gold_per_floor":[115,134,20,20,20,52,70,70,94,107,118,118,152,170,170,271,271,283,283,57,74,91,91,91,119,119,119,119,129,161,35,35,137,137,148,193,209,222,0,0,74,108,108,108,125,157,157,169,169,169],"floor_reached":51,"playtime":4886,"items_purged":["Strike_G","Defend_G"],"score":926,"play_id":"6bd035b0-1227-4bb6-a284-aadcf27f18cd","local_time":"20190216174123","is_ascension_mode":true,"campfire_choices":[{"data":"Distraction","floor":8.0,"key":"SMITH"},{"data":"Footwork","floor":12.0,"key":"SMITH"},{"data":"Footwork","floor":15.0,"key":"SMITH"},{"data":"Noxious Fumes","floor":23.0,"key":"SMITH"},{"data":"Tools of the Trade","floor":28.0,"key":"SMITH"},{"floor":32.0,"key":"REST"},{"floor":40.0,"key":"REST"},{"floor":44.0,"key":"REST"},{"data":"Footwork","floor":47.0,"key":"SMITH"},{"floor":49.0,"key":"REST"}],"neow_cost":"NONE","seed_source_timestamp":8785097681495,"circlet_count":0,"master_deck":["Defend_G","Defend_G","Defend_G","Defend_G","Survivor","Neutralize","Distraction+1","Footwork+1","Footwork+1","Flechettes","Backflip","Cloak And Dagger","Crippling Poison","Backstab","Escape Plan","Tools of the Trade+1","Cloak And Dagger+1","Leg Sweep","Noxious Fumes+1","Bouncing Flask","Backstab","Blade Dance+1","Escape Plan","Noxious Fumes","Corpse Explosion","PiercingWail+1","Prepared+1","Reflex+1","Footwork+1","Mayhem","Escape Plan+1","Catalyst","Backflip+1","PiercingWail+1"],"special_seed":0,"relics":["Ring of the Snake","NeowsBlessing","Vajra","Oddly Smooth Stone","Smiling Mask","Omamori","Empty Cage","Tiny Chest","Bag of Preparation","Shuriken","Molten Egg 2","Anchor","Runic Dome","Peace Pipe","Gremlin Horn","Kunai","Calipers","Snake Skull"],"potions_floor_usage":[50,50],"damage_taken":[{"damage":0.0,"enemies":"Cultist","floor":1.0,"turns":1.0},{"damage":0.0,"enemies":"2 Louse","floor":2.0,"turns":1.0},{"damage":0.0,"enemies":"3 Sentries","floor":6.0,"turns":1.0},{"damage":0.0,"enemies":"Small Slimes","floor":7.0,"turns":4.0},{"damage":0.0,"enemies":"3 Louse","floor":10.0,"turns":5.0},{"damage":0.0,"enemies":"Blue Slaver","floor":11.0,"turns":4.0},{"damage":0.0,"enemies":"Lagavulin","floor":13.0,"turns":12.0},{"damage":2.0,"enemies":"Exordium Wildlife","floor":14.0,"turns":4.0},{"damage":20.0,"enemies":"The Guardian","floor":16.0,"turns":20.0},{"damage":0.0,"enemies":"Spheric Guardian","floor":18.0,"turns":10.0},{"damage":2.0,"enemies":"Shell Parasite","floor":21.0,"turns":7.0},{"damage":1.0,"enemies":"Snecko","floor":22.0,"turns":7.0},{"damage":17.0,"enemies":"Book of Stabbing","floor":25.0,"turns":9.0},{"damage":1.0,"enemies":"Centurion and Healer","floor":29.0,"turns":6.0},{"damage":8.0,"enemies":"Slavers","floor":30.0,"turns":6.0},{"damage":6.0,"enemies":"Champ","floor":33.0,"turns":11.0},{"damage":2.0,"enemies":"Orb Walker","floor":35.0,"turns":3.0},{"damage":25.0,"enemies":"2 Orb Walkers","floor":36.0,"turns":4.0},{"damage":0.0,"enemies":"3 Darklings","floor":37.0,"turns":6.0},{"damage":0.0,"enemies":"Maw","floor":38.0,"turns":8.0},{"damage":34.0,"enemies":"Reptomancer","floor":42.0,"turns":7.0},{"damage":10.0,"enemies":"Writhing Mass","floor":45.0,"turns":6.0},{"damage":0.0,"enemies":"Nemesis","floor":46.0,"turns":7.0},{"damage":8.0,"enemies":"Jaw Worm Horde","floor":48.0,"turns":4.0},{"damage":4,"enemies":"Donu and Deca","floor":50,"turns":9}],"seed_played":"-8996033418535600501","potions_obtained":[{"floor":1.0,"key":"Explosive Potion"},{"floor":6.0,"key":"AttackPotion"},{"floor":10.0,"key":"SteroidPotion"},{"floor":16.0,"key":"EssenceOfSteel"},{"floor":25.0,"key":"Energy Potion"},{"floor":30.0,"key":"Poison Potion"},{"floor":38.0,"key":"SteroidPotion"},{"floor":45.0,"key":"PowerPotion"},{"floor":46.0,"key":"Fire Potion"},{"floor":48.0,"key":"GhostInAJar"}],"is_trial":false,"path_per_floor":["M","M","$","?","?","E","M","R","T","M","M","R","E","M","R","B",null,"M","?","$","M","M","R","?","E","T","T","R","M","E","$","R","B",null,"M","?","M","M","$","R","T","E","T","R","M","E","R","M","R","B",null],"character_chosen":"THE_SILENT","items_purchased":["Footwork","Leg Sweep","Tiny Chest","Noxious Fumes","Noxious Fumes","Footwork","Mayhem"],"campfire_rested":4,"item_purchase_floors":[3,20,20,20,31,39,39],"current_hp_per_floor":[70,70,70,63,60,60,60,60,60,60,60,60,60,58,58,38,70,70,70,70,68,67,67,67,50,50,50,50,49,41,41,62,56,70,68,43,43,43,43,64,64,30,30,51,41,41,41,33,54,50],"gold":169,"neow_bonus":"THREE_ENEMY_KILL","is_prod":false,"is_daily":false,"chose_seed":false,"campfire_upgraded":6,"win_rate":0,"timestamp":1550313683,"path_taken":["M","M","$","?","?","E","M","R","T","M","M","R","E","M","R","BOSS","M","?","$","M","?","R","?","E","T","?","R","M","E","$","R","BOSS","M","?","M","M","$","R","?","E","T","R","M","E","R","M","R","BOSS"],"build_version":"2019-01-23","purchased_purges":2,"victory":true,"max_hp_per_floor":[70,70,70,70,70,70,70,70,70,70,70,70,70,70,70,70,70,70,70,70,70,70,70,70,70,70,70,70,70,70,70,70,70,70,70,70,70,70,70,70,70,70,70,70,70,70,70,70,70,70],"card_choices":[{"not_picked":["Dodge and Roll","Reflex"],"picked":"Distraction","floor":1.0},{"not_picked":["Distraction","Finisher"],"picked":"Footwork","floor":2.0},{"not_picked":["Slice","Riddle With Holes"],"picked":"Flechettes","floor":6.0},{"not_picked":["Quick Slash","Flying Knee"],"picked":"Backflip","floor":7.0},{"not_picked":["Acrobatics","Eviscerate"],"picked":"Cloak And Dagger","floor":10.0},{"not_picked":["Acrobatics","Eviscerate"],"picked":"Crippling Poison","floor":11.0},{"not_picked":["Underhanded Strike","Poisoned Stab"],"picked":"Backstab","floor":13.0},{"not_picked":["Deflect","Deadly Poison"],"picked":"Escape Plan","floor":14.0},{"not_picked":["Doppelganger","Burst"],"picked":"Tools of the Trade","floor":16.0},{"not_picked":["Flying Knee","Terror"],"picked":"Cloak And Dagger+1","floor":18.0},{"not_picked":["Setup","Concentrate+1","Blade Dance"],"picked":"SKIP","floor":21.0},{"not_picked":["Acrobatics","Blade Dance"],"picked":"Bouncing Flask","floor":22.0},{"not_picked":["Crippling Poison","Cloak And Dagger"],"picked":"Blade Dance+1","floor":25.0},{"not_picked":["Slice+1","Deadly Poison"],"picked":"Escape Plan","floor":29.0},{"not_picked":["Phantasmal Killer","Underhanded Strike+1","Grand Finale+1"],"picked":"SKIP","floor":30.0},{"not_picked":["Wraith Form v2","Die Die Die+1"],"picked":"Corpse Explosion","floor":33.0},{"not_picked":["Flying Knee+1","Slice+1"],"picked":"PiercingWail+1","floor":35.0},{"not_picked":["Underhanded Strike+1","All Out Attack+1"],"picked":"Prepared+1","floor":37.0},{"not_picked":["Prepared+1","Glass Knife+1"],"picked":"Reflex+1","floor":38.0},{"not_picked":["Sucker Punch+1","Concentrate+1"],"picked":"Escape Plan+1","floor":42.0},{"not_picked":["Dagger Spray+1","Slice+1"],"picked":"Catalyst","floor":45.0},{"not_picked":["Skewer+1","Dagger Spray+1"],"picked":"Backflip+1","floor":46.0},{"not_picked":["Poisoned Stab+1","Flying Knee+1"],"picked":"PiercingWail+1","floor":48.0}],"player_experience":343664,"relics_obtained":[{"floor":6.0,"key":"Oddly Smooth Stone"},{"floor":9.0,"key":"Smiling Mask"},{"floor":13.0,"key":"Omamori"},{"floor":25.0,"key":"Bag of Preparation"},{"floor":26.0,"key":"Shuriken"},{"floor":27.0,"key":"Molten Egg 2"},{"floor":30.0,"key":"Anchor"},{"floor":36.0,"key":"Peace Pipe"},{"floor":41.0,"key":"Gremlin Horn"},{"floor":42.0,"key":"Kunai"},{"floor":43.0,"key":"Calipers"},{"floor":46.0,"key":"Snake Skull"}],"event_choices":[{"cards_removed":["Strike_G"],"damage_healed":0.0,"max_hp_gain":0.0,"max_hp_loss":0.0,"gold_gain":0.0,"event_name":"Golden Wing","player_choice":"Card Removal","floor":4.0,"gold_loss":0.0,"damage_taken":7.0},{"damage_healed":0.0,"max_hp_gain":0.0,"max_hp_loss":0.0,"gold_gain":0.0,"event_name":"Scrap Ooze","player_choice":"Success","floor":5.0,"gold_loss":0.0,"damage_taken":3.0,"relics_obtained":["Vajra"]},{"cards_removed":["Strike_G"],"damage_healed":0.0,"max_hp_gain":0.0,"max_hp_loss":0.0,"gold_gain":0.0,"event_name":"Bonfire Elementals","player_choice":"Offered Basic","floor":19.0,"gold_loss":0.0,"damage_taken":0.0},{"damage_healed":0.0,"max_hp_gain":0.0,"max_hp_loss":0.0,"gold_gain":0.0,"event_name":"The Library","player_choice":"Read","floor":24.0,"gold_loss":0.0,"damage_taken":0.0,"cards_obtained":["Backstab"]},{"damage_healed":0.0,"max_hp_gain":0.0,"max_hp_loss":0.0,"gold_gain":0.0,"event_name":"Mysterious Sphere","player_choice":"Fight","floor":36.0,"gold_loss":0.0,"damage_taken":0.0}],"is_beta":false,"boss_relics":[{"not_picked":["Coffee Dripper","HoveringKite"],"picked":"Empty Cage"},{"not_picked":["Orrery","Fusion Hammer"],"picked":"Runic Dome"}],"items_purged_floors":[3,31],"is_endless":false,"potions_floor_spawned":[1,6,10,16,21,25,30,38,45,46,48],"ascension_level":3}