{"path_per_floor":["M","M","?","M","?","R","E","R","T","?","M","E","M","$","R","B",null,"M","?","?","?","T","R","E","M","T","M","M","$","?","M","R","B",null,"M","?","M","M","M","R","M","M","T","$","M","$","?","M","R","B"],"character_chosen":"THE_SILENT","items_purchased":["Pantograph","Bane","Noxious Fumes","Oddly Smooth Stone","Leg Sweep"],"gold_per_floor":[114,126,126,139,314,314,348,348,372,372,389,424,441,53,53,150,150,161,161,161,161,185,185,244,264,343,353,367,9,9,23,23,127,127,146,146,158,176,193,193,203,218,218,93,107,107,107,124,124,124],"floor_reached":51,"campfire_rested":2,"playtime":3476,"current_hp_per_floor":[70,70,70,70,70,70,54,54,54,54,48,34,34,34,34,43,70,67,54,54,54,54,54,37,36,36,29,29,29,29,16,38,46,75,45,45,40,33,32,54,46,29,29,29,29,29,48,46,46,25],"items_purged":["Regret","Slice","Dagger Spray"],"gold":124,"score":555,"play_id":"8fe5c9c5-64e6-4f5c-a001-e6c93bf37408","is_prod":false,"is_daily":false,"is_ascension_mode":true,"campfire_upgraded":5,"path_taken":["M","M","?","M","?","R","E","R","T","?","M","E","M","$","R","BOSS","M","?","?","?","?","R","E","M","T","?","M","$","?","M","R","BOSS","M","?","?","?","?","R","M","?","T","$","M","$","?","?","R","BOSS"],"build_version":"2018-02-12-PROD1","purchased_purges":3,"victory":true,"master_deck":["Survivor","Neutralize+1","Well Laid Plans+1","Noxious Fumes+1","PiercingWail","Sucker Punch","Crippling Poison+1","Cloak And Dagger","Bane","Venomology+1","Quick Slash","PiercingWail","Sucker Punch+1","Well Laid Plans","Infinite Blades","Underhanded Strike","PiercingWail+1","Calculated Gamble","Noxious Fumes+1","Deadly Poison","Poisoned Stab","Flechettes","Noxious Fumes+1","Leg Sweep","Burst","Distraction+1","Calculated Gamble+1","Dodge and Roll+1","Leg Sweep","Backflip+1","Writhe"],"max_hp_per_floor":[70,70,70,70,70,70,70,70,70,70,70,70,70,70,70,70,70,70,75,75,75,75,75,75,75,75,75,75,75,75,75,75,75,75,75,75,75,75,75,75,75,75,75,75,75,75,75,75,75,75],"relics":["Velvet Choker","Lantern","Art of War","Vajra","Mummified Hand","Pantograph","Pandora\u0027s Box","War Paint","Pen Nib","Tiny Chest","Toolbox","Oddly Smooth Stone","Lizard Tail","Prayer Wheel"],"card_choices":[{"not_picked":["Eviscerate","Finisher"],"picked":"Well Laid Plans"},{"not_picked":["Well Laid Plans","Dagger Spray"],"picked":"Noxious Fumes"},{"not_picked":["Bane","Venomology"],"picked":"PiercingWail"},{"not_picked":["Terror","Expertise"],"picked":"Sucker Punch"},{"not_picked":["Dodge and Roll","Backflip"],"picked":"Crippling Poison"},{"not_picked":["Underhanded Strike","Flechettes"],"picked":"Cloak And Dagger"},{"not_picked":["A Thousand Cuts","Envenom"],"picked":"Venomology"},{"not_picked":["Outmaneuver","Cloak And Dagger"],"picked":"Calculated Gamble"},{"not_picked":["Flying Knee","Skewer"],"picked":"Noxious Fumes"},{"not_picked":["Outmaneuver","Acrobatics"],"picked":"Deadly Poison"},{"not_picked":["Acrobatics","Quick Slash"],"picked":"Poisoned Stab"},{"not_picked":["Poisoned Stab","Crippling Poison"],"picked":"Flechettes"},{"not_picked":["Unload","Adrenaline"],"picked":"Burst"},{"not_picked":["Accuracy","Underhanded Strike"],"picked":"Distraction"},{"not_picked":["Quick Slash","Deadly Poison"],"picked":"Calculated Gamble"},{"not_picked":["Flechettes","Underhanded Strike"],"picked":"Dodge and Roll"},{"not_picked":["Sucker Punch","Underhanded Strike"],"picked":"Leg Sweep"},{"not_picked":["Endless Agony","Bane"],"picked":"Backflip"}],"player_experience":93817,"potions_floor_usage":[7,12,18,24,25,25,27,33,33,33,37,38,38,41,42,42,45,48,50,50,50],"damage_taken":[{"damage":0,"enemies":"Small Slimes","floor":1,"turns":5},{"damage":0,"enemies":"Jaw Worm","floor":2,"turns":4},{"damage":0,"enemies":"Cultist","floor":4,"turns":5},{"damage":16,"enemies":"3 Sentries","floor":7,"turns":8},{"damage":6,"enemies":"3 Louse","floor":11,"turns":4},{"damage":14,"enemies":"Lagavulin","floor":12,"turns":8},{"damage":0,"enemies":"Looter","floor":13,"turns":4},{"damage":16,"enemies":"The Guardian","floor":16,"turns":9},{"damage":3,"enemies":"Spheric Guardian","floor":18,"turns":4},{"damage":17,"enemies":"Book of Stabbing","floor":24,"turns":5},{"damage":1,"enemies":"2 Thieves","floor":25,"turns":3},{"damage":7,"enemies":"Centurion and Healer","floor":27,"turns":6},{"damage":0,"enemies":"Snake Plant","floor":28,"turns":3},{"damage":13,"enemies":"Slaver and Parasite","floor":31,"turns":4},{"damage":32,"enemies":"Automaton","floor":33,"turns":8},{"damage":30,"enemies":"3 Shapes","floor":35,"turns":4},{"damage":9,"enemies":"Orb Walker","floor":37,"turns":4},{"damage":7,"enemies":"Sphere and 2 Shapes","floor":38,"turns":5},{"damage":1,"enemies":"4 Shapes","floor":39,"turns":6},{"damage":8,"enemies":"Maw","floor":41,"turns":7},{"damage":17,"enemies":"3 Darklings","floor":42,"turns":5},{"damage":0,"enemies":"4 Shapes","floor":45,"turns":5},{"damage":2,"enemies":"Sphere and 2 Shapes","floor":48,"turns":6},{"damage":46,"enemies":"Time Eater","floor":50,"turns":13}],"event_choices":[{"event_name":"Big Fish","player_choice":"Box","floor":3,"damage_taken":0},{"event_name":"Liars Game","player_choice":"agreed","floor":5,"damage_taken":0},{"event_name":"Upgrade Shrine","player_choice":"Upgraded","floor":10,"damage_taken":0},{"event_name":"Forgotten Altar","player_choice":"Shed Blood","floor":19,"damage_taken":0},{"event_name":"The Mausoleum","player_choice":"Yes","floor":20,"damage_taken":0},{"event_name":"Purifier","player_choice":"One Purge","floor":21,"damage_taken":0},{"event_name":"Vampires","player_choice":"Ignored","floor":30,"damage_taken":0},{"event_name":"Winding Halls","player_choice":"Writhe","floor":47,"damage_taken":0}],"boss_relics":[{"not_picked":["The Specimen","Astrolabe"],"picked":"Pandora\u0027s Box"},{"not_picked":["Sozu","Orrery"],"picked":"Lizard Tail"}],"potions_floor_spawned":[2,4,7,13,24,31,33,35,37,45,48],"seed_played":"6487600898087890220","ascension_level":1,"is_trial":false}