{"path_per_floor":["M","?","M","?","M","E","M","R","T","E","M","R","M","$","R","B",null,"M","M","M","?"],"character_chosen":"DEFECT","items_purchased":["Pear"],"gold_per_floor":[145,145,155,155,174,207,217,217,243,269,284,284,302,40,40,141,141,151,161,177,207,207],"floor_reached":22,"campfire_rested":2,"playtime":925,"item_purchase_floors":[14],"current_hp_per_floor":[66,66,63,47,47,10,10,34,34,27,25,49,47,57,57,36,77,63,52,40,7,0],"items_purged":[],"gold":207,"score":292,"play_id":"968243db-540e-4a6e-9958-9298df46ec17","local_time":"20180618204146","is_prod":false,"is_daily":false,"chose_seed":false,"is_ascension_mode":true,"campfire_upgraded":1,"win_rate":0,"timestamp":1529372506,"campfire_choices":[{"floor":8,"key":"REST"},{"floor":12,"key":"REST"},{"data":"Redo","floor":15,"key":"SMITH"}],"path_taken":["M","?","M","?","M","E","M","R","T","E","M","R","M","$","R","BOSS","M","M","M","?","?"],"build_version":"2018-06-14v2","seed_source_timestamp":2826680219310982,"purchased_purges":0,"victory":false,"master_deck":["Strike_B","Strike_B+1","Strike_B","Strike_B+1","Defend_B","Defend_B","Defend_B","Defend_B","Zap","Dualcast+1","Gash","Cold Snap","Rainbow","Auto Shields","Conserve Battery","Sweeping Beam","Redo+1","BootSequence","Lockon","Streamline","Core Surge","Hyperbeam","Sweeping Beam+1"],"max_hp_per_floor":[80,80,80,80,80,80,80,80,80,80,80,80,80,90,90,90,90,90,90,90,90,90],"relics":["Tiny House","Art of War","Dream Catcher","Vajra","Pear","Black Star","Red Mask"],"card_choices":[{"not_picked":["Recycle","Steam"],"picked":"Gash","floor":0},{"not_picked":["Compile Driver","Coolheaded"],"picked":"Cold Snap","floor":1},{"not_picked":["Coolheaded","Sweeping Beam"],"picked":"Auto Shields","floor":3},{"not_picked":["Blizzard","Steam"],"picked":"Conserve Battery","floor":5},{"not_picked":["Streamline","Sweeping Beam","Steam"],"picked":"SKIP","floor":6},{"not_picked":["Streamline","Steam"],"picked":"Sweeping Beam","floor":6},{"not_picked":["Cold Snap","Double Energy"],"picked":"Redo","floor":7},{"not_picked":["Barrage","Heatsinks"],"picked":"BootSequence","floor":10},{"not_picked":["Blizzard","Undo"],"picked":"Lockon","floor":11},{"not_picked":["Cold Snap","Beam Cell"],"picked":"Streamline","floor":13},{"not_picked":["Amplify","Seek"],"picked":"Core Surge","floor":16},{"not_picked":["Heatsinks","Conserve Battery","Barrage"],"picked":"SKIP","floor":18},{"not_picked":["Coolheaded","Beam Cell"],"picked":"Hyperbeam","floor":19},{"not_picked":["Barrage","Go for the Eyes","Cold Snap"],"picked":"SKIP","floor":20},{"not_picked":["Steam","Cold Snap"],"picked":"Sweeping Beam+1","floor":21}],"player_experience":399448,"potions_floor_usage":[6,10,21,22],"damage_taken":[{"damage":7,"enemies":"Jaw Worm","floor":1,"turns":3},{"damage":3,"enemies":"Cultist","floor":3,"turns":4},{"damage":0,"enemies":"Small Slimes","floor":5,"turns":3},{"damage":37,"enemies":"Gremlin Nob","floor":6,"turns":5},{"damage":0,"enemies":"Looter","floor":7,"turns":4},{"damage":7,"enemies":"3 Sentries","floor":10,"turns":6},{"damage":2,"enemies":"2 Fungi Beasts","floor":11,"turns":3},{"damage":2,"enemies":"Exordium Thugs","floor":13,"turns":4},{"damage":21,"enemies":"Slime Boss","floor":16,"turns":8},{"damage":14,"enemies":"Chosen","floor":18,"turns":5},{"damage":11,"enemies":"Shell Parasite","floor":19,"turns":6},{"damage":12,"enemies":"Centurion and Healer","floor":20,"turns":9},{"damage":33,"floor":21,"turns":6},{"damage":17,"enemies":"Snake Plant","floor":22,"turns":2}],"relics_obtained":[{"floor":6,"key":"Art of War"},{"floor":9,"key":"Dream Catcher"},{"floor":10,"key":"Vajra"},{"floor":21,"key":"Red Mask"}],"event_choices":[{"event_name":"Match and Keep!","player_choice":"1 cards matched","floor":2,"damage_taken":0},{"event_name":"Shining Light","player_choice":"Entered Light","floor":4,"damage_taken":0},{"event_name":"Masked Bandits","player_choice":"Fought over 177 gold","floor":21,"damage_taken":0}],"boss_relics":[{"not_picked":["Runic Pyramid","Fusion Hammer"],"picked":"Black Star"}],"items_purged_floors":[],"is_endless":false,"potions_floor_spawned":[1,7,10,19,21],"seed_played":"-408572965472142691","killed_by":"Snake Plant","ascension_level":7,"potions_obtained":[{"floor":0,"key":"AttackPotion"},{"floor":1,"key":"EssenceOfSteel"},{"floor":7,"key":"Energy Potion"},{"floor":10,"key":"Swift Potion"},{"floor":19,"key":"Ancient Potion"},{"floor":21,"key":"Regen Potion"}],"is_trial":false}