{"gold_per_floor":[111,111,122,122,137,163,113,38,38,69,69,69,92,28,28,147,147,165,90,71,71,71,71,106,125,125,125,143,26,26,70,70,70],"floor_reached":33,"playtime":1172,"items_purged":["Strike_G"],"score":390,"play_id":"20af2f30-dd4a-4d84-ab21-b4e8540ef9d7","local_time":"20190129235752","is_ascension_mode":true,"campfire_choices":[{"floor":11,"key":"REST"},{"data":"Noxious Fumes","floor":15,"key":"SMITH"},{"floor":23,"key":"REST"},{"floor":27,"key":"REST"},{"floor":30,"key":"REST"},{"floor":32,"key":"REST"}],"neow_cost":"NONE","seed_source_timestamp":39940384355293,"circlet_count":0,"master_deck":["Defend_G","Defend_G","Defend_G","Defend_G","Defend_G","Survivor","Neutralize","Dash","Well Laid Plans","Noxious Fumes+1","Backflip","Bouncing Flask","Poisoned Stab+1","Dodge and Roll","Leg Sweep","Venomology","After Image","PiercingWail","After Image","Sucker Punch+1"],"relics":["Ring of the Snake","NeowsBlessing","Art of War","Centennial Puzzle","The Courier","Du-Vu Doll","Golden Idol","Philosopher\u0027s Stone","Blue Candle","Molten Egg 2","Snake Skull"],"potions_floor_usage":[6,6,18,24,24,24,31,31,33,33],"damage_taken":[{"damage":0,"enemies":"Jaw Worm","floor":1,"turns":1},{"damage":0,"enemies":"Cultist","floor":3,"turns":1},{"damage":0,"enemies":"2 Louse","floor":5,"turns":1},{"damage":30,"enemies":"Gremlin Nob","floor":6,"turns":5},{"damage":12,"enemies":"3 Sentries","floor":10,"turns":9},{"damage":2,"enemies":"Large Slime","floor":13,"turns":7},{"damage":18,"enemies":"Hexaghost","floor":16,"turns":8},{"damage":15,"enemies":"2 Thieves","floor":18,"turns":5},{"damage":45,"enemies":"Slavers","floor":24,"turns":6},{"damage":2,"enemies":"Shell Parasite","floor":25,"turns":5},{"damage":3,"enemies":"Snecko","floor":28,"turns":6},{"damage":8,"enemies":"Book of Stabbing","floor":31,"turns":7},{"damage":60,"enemies":"Collector","floor":33,"turns":7}],"seed_played":"-2610535065840337678","potions_obtained":[{"floor":2,"key":"Poison Potion"},{"floor":2,"key":"Weak Potion"},{"floor":2,"key":"Weak Potion"},{"floor":6,"key":"Weak Potion"},{"floor":10,"key":"LiquidBronze"},{"floor":18,"key":"EssenceOfSteel"}],"is_trial":false,"path_per_floor":["M","?","M","T","M","E","?","$","T","E","R","?","M","$","R","B",null,"M","?","$","?","?","R","E","M","T","R","M","$","R","E","R","B"],"character_chosen":"THE_SILENT","items_purchased":["Bouncing Flask","Dodge and Roll","After Image"],"campfire_rested":5,"item_purchase_floors":[14,20,29],"current_hp_per_floor":[63,63,63,63,63,33,33,33,33,21,42,42,40,40,40,22,54,39,39,39,39,39,58,13,11,11,30,27,27,46,38,57,0],"gold":70,"neow_bonus":"THREE_ENEMY_KILL","is_prod":false,"is_daily":false,"chose_seed":false,"campfire_upgraded":1,"win_rate":0,"timestamp":1548824272,"path_taken":["M","?","?","?","M","E","?","$","T","E","R","?","M","?","R","BOSS","M","?","$","?","?","R","E","M","T","R","M","$","R","E","R","BOSS"],"build_version":"2019-01-23","purchased_purges":1,"victory":false,"max_hp_per_floor":[70,70,70,70,70,70,70,70,70,70,70,65,65,65,65,65,65,65,65,65,65,65,65,65,65,65,65,65,65,65,65,65,65],"card_choices":[{"not_picked":["Prepared","Backstab"],"picked":"Dash","floor":1},{"not_picked":["Deflect","Dagger Spray"],"picked":"Well Laid Plans","floor":3},{"not_picked":["Sucker Punch","Infinite Blades"],"picked":"Noxious Fumes","floor":5},{"not_picked":["Sucker Punch","Poisoned Stab","Well Laid Plans"],"picked":"SKIP","floor":6},{"not_picked":["Riddle With Holes","Quick Slash","Tactician"],"picked":"SKIP","floor":10},{"not_picked":["Sucker Punch","Accuracy"],"picked":"Backflip","floor":13},{"not_picked":["Outmaneuver+1","Sucker Punch"],"picked":"Poisoned Stab+1","floor":18},{"not_picked":["Skewer","Underhanded Strike","Quick Slash"],"picked":"SKIP","floor":24},{"not_picked":["Expertise+1","Deflect"],"picked":"PiercingWail","floor":25},{"not_picked":["Prepared","Bane+1","Outmaneuver+1"],"picked":"SKIP","floor":28},{"not_picked":["Dagger Spray+1","Flechettes+1"],"picked":"Sucker Punch+1","floor":31}],"player_experience":167205,"relics_obtained":[{"floor":4,"key":"Art of War"},{"floor":6,"key":"Centennial Puzzle"},{"floor":9,"key":"The Courier"},{"floor":10,"key":"Du-Vu Doll"},{"floor":24,"key":"Blue Candle"},{"floor":26,"key":"Molten Egg 2"},{"floor":31,"key":"Snake Skull"}],"event_choices":[{"damage_healed":0,"gold_gain":0,"player_choice":"Got Potions","damage_taken":0,"max_hp_gain":0,"max_hp_loss":0,"event_name":"Lab","floor":2,"gold_loss":0},{"cards_removed":["Strike_G"],"damage_healed":0,"gold_gain":0,"player_choice":"Card Removal","damage_taken":0,"max_hp_gain":0,"max_hp_loss":0,"event_name":"The Cleric","floor":7,"gold_loss":50},{"damage_healed":0,"gold_gain":0,"player_choice":"Lose Max HP","damage_taken":0,"relics_obtained":["Golden Idol"],"max_hp_gain":0,"max_hp_loss":5,"event_name":"Golden Idol","floor":12,"gold_loss":0},{"cards_removed":["Strike_G"],"damage_healed":0,"gold_gain":0,"player_choice":"Gave Gold","damage_taken":0,"max_hp_gain":0,"max_hp_loss":0,"event_name":"Beggar","floor":19,"gold_loss":75},{"damage_healed":0,"gold_gain":0,"player_choice":"Read","damage_taken":0,"max_hp_gain":0,"max_hp_loss":0,"event_name":"The Library","floor":21,"gold_loss":0,"cards_obtained":["Leg Sweep"]},{"damage_healed":0,"gold_gain":0,"cards_transformed":["Strike_G","Strike_G"],"player_choice":"Became Test Subject","damage_taken":0,"max_hp_gain":0,"max_hp_loss":0,"event_name":"Drug Dealer","floor":22,"gold_loss":0,"cards_obtained":["Venomology","After Image"]}],"is_beta":false,"boss_relics":[{"not_picked":["WristBlade","Busted Crown"],"picked":"Philosopher\u0027s Stone"}],"items_purged_floors":[8],"is_endless":false,"potions_floor_spawned":[3,6,10,18],"killed_by":"Collector","ascension_level":7}