{"gold_per_floor":[111,36,36,36,36,66,66,82,106,106,135,152,481,58,58,136,136,156,167,167,181,201,235,235,252,323,336,346,346,346,375,375,451,451,467,481,83,100,118,148,166,166],"floor_reached":42,"playtime":2834,"items_purged":["Strike_G","Regret"],"score":1080,"play_id":"9ec078af-3161-45c1-b74d-20549ce7112f","local_time":"20190204105740","is_ascension_mode":true,"campfire_choices":[{"data":"Neutralize","floor":7.0,"key":"SMITH"},{"data":"Backflip","floor":10.0,"key":"SMITH"},{"floor":15.0,"key":"REST"},{"data":"Deadly Poison","floor":29.0,"key":"SMITH"},{"data":"Cloak And Dagger","floor":32.0,"key":"SMITH"}],"neow_cost":"NONE","seed_source_timestamp":0,"circlet_count":0,"master_deck":["AscendersBane","Defend_G","Defend_G","Defend_G","Defend_G","Defend_G","Survivor","Neutralize+1","Backflip+1","Dagger Throw+1","Heel Hook+1","PiercingWail","Poisoned Stab+1","Bane+1","Infinite Blades","Backflip","Glass Knife+1","Infinite Blades","Deadly Poison+1","Bite+1","Bite+1","Bite+1","Bite+1","Bite+1","Calculated Gamble","Dagger Spray+1","Cloak And Dagger+1","Backflip","Malaise","Leg Sweep","PiercingWail+1","Catalyst","Accuracy","Outmaneuver+1","Noxious Fumes+1","Grand Finale+1"],"special_seed":0,"relics":["Ring of the Snake","NeowsBlessing","Snake Skull","Pantograph","Molten Egg 2","Ancient Tea Set","Pen Nib","Old Coin","Lantern","Cursed Key","Orichalcum","Bottled Flame","Turnip","Runic Pyramid","Bag of Marbles","Dream Catcher"],"potions_floor_usage":[42],"damage_taken":[{"damage":0.0,"enemies":"Small Slimes","floor":1.0,"turns":1.0},{"damage":0.0,"enemies":"Gremlin Nob","floor":6.0,"turns":1.0},{"damage":0.0,"enemies":"2 Louse","floor":8.0,"turns":1.0},{"damage":19.0,"enemies":"3 Sentries","floor":11.0,"turns":10.0},{"damage":0.0,"enemies":"Cultist","floor":12.0,"turns":3.0},{"damage":17.0,"enemies":"Lagavulin","floor":13.0,"turns":5.0},{"damage":36.0,"enemies":"Slime Boss","floor":16.0,"turns":9.0},{"damage":7.0,"enemies":"Shell Parasite","floor":18.0,"turns":3.0},{"damage":7.0,"enemies":"Spheric Guardian","floor":19.0,"turns":4.0},{"damage":18.0,"enemies":"Shelled Parasite and Fungi","floor":21.0,"turns":2.0},{"damage":5.0,"enemies":"Snecko","floor":22.0,"turns":4.0},{"damage":23.0,"enemies":"Gremlin Leader","floor":23.0,"turns":6.0},{"damage":3.0,"enemies":"3 Cultists","floor":25.0,"turns":5.0},{"damage":16.0,"enemies":"Centurion and Healer","floor":27.0,"turns":4.0},{"damage":10.0,"enemies":"Snecko","floor":28.0,"turns":3.0},{"damage":3.0,"enemies":"Book of Stabbing","floor":31.0,"turns":4.0},{"damage":36.0,"enemies":"Collector","floor":33.0,"turns":8.0},{"damage":4.0,"enemies":"3 Shapes","floor":35.0,"turns":4.0},{"damage":28.0,"enemies":"3 Darklings","floor":36.0,"turns":6.0},{"damage":9.0,"enemies":"4 Shapes","floor":38.0,"turns":11.0},{"damage":9.0,"enemies":"Writhing Mass","floor":39.0,"turns":9.0},{"damage":58.0,"enemies":"Reptomancer","floor":40.0,"turns":9.0},{"damage":9.0,"enemies":"Transient","floor":41.0,"turns":6.0},{"damage":24,"enemies":"Nemesis","floor":42,"turns":2}],"seed_played":"107773835155651305","potions_obtained":[{"floor":8.0,"key":"FearPotion"},{"floor":12.0,"key":"Regen Potion"},{"floor":16.0,"key":"SkillPotion"},{"floor":18.0,"key":"SkillPotion"},{"floor":27.0,"key":"AttackPotion"},{"floor":31.0,"key":"GhostInAJar"},{"floor":36.0,"key":"Explosive Potion"},{"floor":41.0,"key":"SteroidPotion"}],"is_trial":false,"path_per_floor":["M","?","$","?","?","E","R","M","T","R","E","M","E","$","R","B",null,"M","M","?","M","M","E","?","M","T","M","M","R","?","E","R","B",null,"M","M","$","M","M","E","M","E"],"character_chosen":"THE_SILENT","items_purchased":["Infinite Blades","Lantern","Poison Potion","Backflip","Bag of Marbles","Catalyst","Accuracy"],"campfire_rested":1,"item_purchase_floors":[14,14,14,14,37,37,37],"current_hp_per_floor":[59,59,59,48,48,48,48,48,48,48,29,29,26,26,45,30,57,50,43,43,31,32,23,17,32,32,28,27,27,15,27,27,25,41,46,33,33,45,40,3,12,0],"gold":166,"neow_bonus":"THREE_ENEMY_KILL","is_prod":false,"is_daily":false,"chose_seed":false,"campfire_upgraded":4,"win_rate":0,"timestamp":1549295860,"path_taken":["M","?","$","?","?","E","R","?","T","R","E","?","E","$","R","BOSS","M","M","?","M","M","E","?","M","T","M","?","R","?","E","R","BOSS","M","?","$","M","M","E","M","E"],"build_version":"2019-01-23","purchased_purges":2,"victory":false,"max_hp_per_floor":[66,66,66,66,66,66,66,66,66,66,66,66,66,66,66,66,66,66,66,46,46,46,46,46,46,46,46,46,46,46,46,46,46,46,46,46,46,46,46,46,46,46],"card_choices":[{"not_picked":["Blade Dance","Setup"],"picked":"Backflip","floor":1.0},{"not_picked":["Backflip","Flying Knee"],"picked":"Dagger Throw","floor":6.0},{"not_picked":["Masterful Stab+1","Acrobatics"],"picked":"Heel Hook+1","floor":8.0},{"not_picked":["Reflex","Blade Dance"],"picked":"PiercingWail","floor":11.0},{"not_picked":["Blade Dance","Burst"],"picked":"Poisoned Stab+1","floor":12.0},{"not_picked":["Tools of the Trade","Acrobatics"],"picked":"Bane+1","floor":13.0},{"not_picked":["Phantasmal Killer","Storm of Steel"],"picked":"Glass Knife+1","floor":16.0},{"not_picked":["Bane+1","Dagger Spray+1"],"picked":"Infinite Blades","floor":18.0},{"not_picked":["Predator+1","Slice+1"],"picked":"Deadly Poison","floor":19.0},{"not_picked":["Quick Slash+1","Masterful Stab+1"],"picked":"Calculated Gamble","floor":21.0},{"not_picked":["Riddle With Holes+1","Blur","Blade Dance"],"picked":"SKIP","floor":22.0},{"not_picked":["Riddle With Holes+1","Blur","Blade Dance"],"picked":"SKIP","floor":22.0},{"not_picked":["Expertise","Dodge and Roll","Setup"],"picked":"SKIP","floor":23.0},{"not_picked":["Expertise","Dodge and Roll","Setup"],"picked":"SKIP","floor":23.0},{"not_picked":["Flying Knee+1","Blade Dance","Bullet Time"],"picked":"SKIP","floor":25.0},{"not_picked":["Eviscerate+1","Skewer+1","Dagger Spray+1"],"picked":"SKIP","floor":27.0},{"not_picked":["Eviscerate+1","Skewer+1"],"picked":"Dagger Spray+1","floor":27.0},{"not_picked":["Eviscerate+1","Tactician"],"picked":"Cloak And Dagger","floor":28.0},{"not_picked":["Skewer+1","Bane+1"],"picked":"Backflip","floor":31.0},{"not_picked":["Die Die Die+1","Tools of the Trade"],"picked":"Malaise","floor":33.0},{"not_picked":["Endless Agony+1","Caltrops"],"picked":"Leg Sweep","floor":35.0},{"not_picked":["Quick Slash+1","Outmaneuver"],"picked":"PiercingWail+1","floor":36.0},{"not_picked":["Dagger Throw+1","Bane+1"],"picked":"Outmaneuver+1","floor":38.0},{"not_picked":["Predator+1","Tactician"],"picked":"Noxious Fumes+1","floor":39.0},{"not_picked":["Setup+1","Predator+1","Dagger Spray+1"],"picked":"SKIP","floor":40.0},{"not_picked":["Slice+1","Underhanded Strike+1"],"picked":"Grand Finale+1","floor":41.0}],"player_experience":802946,"relics_obtained":[{"floor":5.0,"key":"Pantograph"},{"floor":6.0,"key":"Molten Egg 2"},{"floor":9.0,"key":"Ancient Tea Set"},{"floor":11.0,"key":"Pen Nib"},{"floor":13.0,"key":"Old Coin"},{"floor":23.0,"key":"Orichalcum"},{"floor":26.0,"key":"Bottled Flame"},{"floor":31.0,"key":"Turnip"},{"floor":40.0,"key":"Dream Catcher"}],"event_choices":[{"cards_removed":["Strike_G"],"damage_healed":0.0,"max_hp_gain":0.0,"max_hp_loss":0.0,"gold_gain":0.0,"event_name":"The Cleric","player_choice":"Card Removal","floor":2.0,"gold_loss":75.0,"damage_taken":0.0},{"damage_healed":0.0,"max_hp_gain":0.0,"max_hp_loss":0.0,"gold_gain":0.0,"event_name":"Scrap Ooze","player_choice":"Success","floor":4.0,"gold_loss":0.0,"damage_taken":11.0,"relics_obtained":["Snake Skull"]},{"damage_healed":0.0,"max_hp_gain":0.0,"max_hp_loss":0.0,"gold_gain":0.0,"event_name":"Wheel of Change","player_choice":"Relic","floor":5.0,"gold_loss":0.0,"damage_taken":0.0},{"damage_healed":0.0,"max_hp_gain":0.0,"max_hp_loss":20.0,"gold_gain":0.0,"event_name":"Vampires","player_choice":"Became a vampire","floor":20.0,"gold_loss":0.0,"damage_taken":0.0,"cards_obtained":["Bite","Bite","Bite","Bite","Bite"]},{"damage_healed":0.0,"max_hp_gain":0.0,"max_hp_loss":0.0,"gold_gain":0.0,"event_name":"Wheel of Change","player_choice":"Damaged","floor":24.0,"gold_loss":0.0,"damage_taken":6.0},{"damage_healed":0.0,"max_hp_gain":0.0,"max_hp_loss":0.0,"gold_gain":0.0,"event_name":"Knowing Skull","player_choice":"POTION ","floor":30.0,"potions_obtained":["GamblersBrew"],"gold_loss":0.0,"damage_taken":12.0,"cards_obtained":[]}],"is_beta":false,"boss_relics":[{"not_picked":["Lizard Tail","Astrolabe"],"picked":"Cursed Key"},{"not_picked":["WristBlade","Sozu"],"picked":"Runic Pyramid"}],"items_purged_floors":[14,37],"is_endless":false,"potions_floor_spawned":[8,12,16,18,19,21,27,31,36,38,41],"killed_by":"Nemesis","ascension_level":20}