{"gold_per_floor":[113,113,113,36,50,50,77,89,167,186,209,209,209,227,227,303,303,314,334,249,280,332,332,332,663,663,688,714,282,282,313,313,384,384,400,400,1399,1418,1437,1467,1481,1555,1603,1043,1059,61,61,87,87,87],"floor_reached":51,"playtime":2422,"items_purged":["Writhe","Strike_R","Entrench"],"score":1453,"play_id":"c3b57406-b8ef-41ff-8317-3c569841a1a7","local_time":"20180819234302","is_ascension_mode":true,"campfire_choices":[{"data":"Offering","floor":6,"key":"SMITH"},{"floor":12,"key":"REST"},{"data":"Armaments","floor":15,"key":"SMITH"},{"data":"Heavy Blade","floor":23,"key":"SMITH"},{"data":"Double Tap","floor":30,"key":"SMITH"},{"floor":32,"key":"REST"},{"data":"Demon Form","floor":49,"key":"SMITH"}],"neow_cost":"CURSE","seed_source_timestamp":623713879813860,"circlet_count":0,"master_deck":["Strike_R","Defend_R","Defend_R+1","Defend_R","Bash+1","AscendersBane","Seeing Red","Offering+1","Thunderclap","Exhume","Pommel Strike","Fiend Fire","Armaments+1","Reaper","Sever Soul+1","Spot Weakness+1","Power Through+1","Flex","Heavy Blade+1","Clothesline+1","Double Tap+1","Metamorphosis","Uppercut","Limit Break","Limit Break","Madness","Madness","Demon Form+1","Dropkick","Rupture","Heavy Blade","Corruption","Havoc+1"],"relics":["Burning Blood","Ice Cream","Blood Vial","Tiny Chest","Vajra","Astrolabe","Pear","Red Mask","Lantern","Old Coin","Omamori","Art of War","Bronze Scales","Ancient Tea Set","Eternal Feather","Pen Nib","Question Card","MawBank","Anchor","Cauldron","Unceasing Top","ClockworkSouvenir","Blue Candle","War Paint"],"potions_floor_usage":[13,25,25,27,38,40,50,50,50],"damage_taken":[{"damage":21,"enemies":"Jaw Worm","floor":1,"turns":4},{"damage":6,"enemies":"Cultist","floor":5,"turns":3},{"damage":33,"enemies":"Lagavulin","floor":7,"turns":7},{"damage":6,"enemies":"2 Louse","floor":8,"turns":3},{"damage":18,"enemies":"Looter","floor":10,"turns":3},{"damage":0,"enemies":"Exordium Wildlife","floor":14,"turns":2},{"damage":41,"enemies":"The Guardian","floor":16,"turns":8},{"damage":8,"enemies":"Chosen","floor":18,"turns":4},{"damage":12,"enemies":"Spheric Guardian","floor":19,"turns":3},{"damage":49,"floor":21,"turns":5},{"damage":12,"enemies":"Gremlin Leader","floor":25,"turns":3},{"damage":35,"enemies":"Slavers","floor":27,"turns":5},{"damage":30,"enemies":"Book of Stabbing","floor":31,"turns":4},{"damage":75,"enemies":"Automaton","floor":33,"turns":8},{"damage":12,"enemies":"Flame Bruiser 1 Orb","floor":35,"turns":1},{"damage":24,"enemies":"3 Darklings","floor":38,"turns":3},{"damage":28,"enemies":"Maw","floor":39,"turns":5},{"damage":30,"enemies":"2 Orb Walkers","floor":40,"turns":3},{"damage":53,"enemies":"Flame Bruiser 2 Orb","floor":41,"turns":3},{"damage":14,"enemies":"3 Darklings","floor":45,"turns":2},{"damage":19,"enemies":"Giant Head","floor":48,"turns":5},{"damage":80,"enemies":"Time Eater","floor":50,"turns":7}],"seed_played":"8438369360543115108","potions_obtained":[{"floor":7,"key":"Energy Potion"},{"floor":10,"key":"SpeedPotion"},{"floor":13,"key":"Fruit Juice"},{"floor":13,"key":"FearPotion"},{"floor":21,"key":"Swift Potion"},{"floor":25,"key":"PowerPotion"},{"floor":35,"key":"Energy Potion"},{"floor":38,"key":"SpeedPotion"},{"floor":44,"key":"EntropicBrew"},{"floor":44,"key":"Swift Potion"}],"is_trial":false,"path_per_floor":["M","?","?","$","M","R","E","M","T","M","T","R","?","M","R","B",null,"M","M","?","?","T","R","?","E","T","E","T","$","R","E","R","B",null,"M","?","?","M","M","E","M","T","T","$","M","$","$","E","R","B"],"character_chosen":"IRONCLAD","items_purchased":["Offering","Double Tap","Metamorphosis","Uppercut","Dropkick","Rupture","Anchor","Cauldron","Unceasing Top","ClockworkSouvenir","Blue Candle","Corruption","Havoc"],"campfire_rested":2,"item_purchase_floors":[4,29,29,29,44,44,44,44,46,46,46,46,46],"current_hp_per_floor":[53,53,53,53,53,53,26,28,28,18,18,40,45,53,53,20,65,72,77,87,65,65,65,83,90,90,74,74,74,74,52,79,21,73,89,73,73,57,37,82,59,59,59,59,90,90,90,83,90,57],"gold":87,"neow_bonus":"ONE_RARE_RELIC","is_prod":false,"is_daily":false,"chose_seed":false,"campfire_upgraded":5,"win_rate":0,"timestamp":1534736582,"path_taken":["M","?","?","?","M","R","E","M","T","?","?","R","?","M","R","BOSS","M","M","?","?","?","R","?","E","T","E","?","$","R","E","R","BOSS","M","?","?","M","?","E","?","?","T","$","?","?","$","E","R","BOSS"],"build_version":"2018-08-16","purchased_purges":3,"victory":true,"max_hp_per_floor":[75,75,75,75,75,75,75,75,75,75,75,75,80,80,80,80,80,80,80,90,90,90,90,90,90,90,90,90,90,90,90,90,90,90,90,90,90,90,90,90,90,90,90,90,90,90,90,90,90,90],"card_choices":[{"not_picked":["Warcry","Clash"],"picked":"Seeing Red","floor":1},{"not_picked":["Flex","Perfected Strike"],"picked":"Thunderclap","floor":5},{"not_picked":["Battle Trance","Body Slam"],"picked":"Exhume","floor":7},{"not_picked":["Battle Trance","Wild Strike"],"picked":"Pommel Strike","floor":8},{"not_picked":["Twin Strike","Havoc"],"picked":"Fiend Fire","floor":10},{"not_picked":["Sword Boomerang","Reckless Charge"],"picked":"Armaments","floor":14},{"not_picked":["Limit Break","Offering"],"picked":"Reaper","floor":16},{"not_picked":["True Grit","Anger","Body Slam"],"picked":"SKIP","floor":18},{"not_picked":["Twin Strike","Thunderclap"],"picked":"Flex","floor":19},{"not_picked":["Power Through+1","Hemokinesis"],"picked":"Heavy Blade","floor":21},{"not_picked":["Armaments","Body Slam","Sword Boomerang"],"picked":"SKIP","floor":25},{"not_picked":["Sentinel","Sword Boomerang+1"],"picked":"Clothesline+1","floor":27},{"not_picked":["Ghostly Armor+1","Havoc"],"picked":"Limit Break","floor":31},{"not_picked":["Bludgeon","Feed"],"picked":"Limit Break","floor":33},{"not_picked":["Seeing Red","Shockwave","True Grit+1"],"picked":"SKIP","floor":35},{"not_picked":["Evolve","Clothesline","Wild Strike"],"picked":"SKIP","floor":38},{"not_picked":["Body Slam+1","Perfected Strike+1","Flex+1"],"picked":"SKIP","floor":39},{"not_picked":["Twin Strike","Flex","Anger+1"],"picked":"SKIP","floor":40},{"not_picked":["Flame Barrier","Armaments+1"],"picked":"Demon Form","floor":41},{"not_picked":["Clothesline+1","Havoc","Sword Boomerang+1"],"picked":"Heavy Blade","floor":45},{"not_picked":["Body Slam","Flex","Wild Strike","Armaments+1"],"picked":"SKIP","floor":48}],"player_experience":463312,"relics_obtained":[{"floor":7,"key":"Blood Vial"},{"floor":9,"key":"Tiny Chest"},{"floor":11,"key":"Vajra"},{"floor":21,"key":"Red Mask"},{"floor":22,"key":"Lantern"},{"floor":25,"key":"Old Coin"},{"floor":26,"key":"Omamori"},{"floor":27,"key":"Art of War"},{"floor":28,"key":"Bronze Scales"},{"floor":31,"key":"Ancient Tea Set"},{"floor":40,"key":"Pen Nib"},{"floor":42,"key":"Question Card"},{"floor":43,"key":"MawBank"},{"floor":48,"key":"War Paint"}],"event_choices":[{"event_name":"Transmorgrifier","player_choice":"Transform","floor":2,"damage_taken":0},{"event_name":"Living Wall","player_choice":"Grow","floor":3,"damage_taken":0},{"event_name":"The Lab","player_choice":"Got Potions","floor":13,"damage_taken":0},{"event_name":"Addict","player_choice":"Obtained Relic","floor":20,"damage_taken":0},{"event_name":"Masked Bandits","player_choice":"Fought Bandits","floor":21,"damage_taken":0},{"event_name":"The Library","player_choice":"Heal","floor":24,"damage_taken":0},{"event_name":"Winding Halls","player_choice":"Embrace Madness","floor":36,"damage_taken":0},{"event_name":"MindBloom","player_choice":"Gold","floor":37,"damage_taken":0}],"is_beta":false,"boss_relics":[{"not_picked":["Cursed Key","Pandora\u0027s Box"],"picked":"Astrolabe"},{"not_picked":["Orrery","Lizard Tail"],"picked":"Eternal Feather"}],"items_purged_floors":[29,44,46],"is_endless":false,"potions_floor_spawned":[7,10,14,19,21,25,35,38,48],"ascension_level":15}