{"gold_per_floor":[110,123,123,139,214,240,259,259,259,259,274,294,294],"floor_reached":13,"playtime":347,"items_purged":[],"score":170,"play_id":"e6ae130f-09e0-4a9b-8b23-cd8f81ecfb44","local_time":"20181020204243","is_ascension_mode":true,"campfire_choices":[{"floor":8,"key":"REST"},{"data":"Combust","floor":10,"key":"SMITH"}],"neow_cost":"NONE","seed_source_timestamp":258807439967961,"circlet_count":0,"master_deck":["Strike_R","Strike_R","Strike_R","Strike_R","Strike_R","Defend_R","Defend_R","Defend_R","Defend_R","Bash+1","AscendersBane","Hemokinesis","Clothesline","Disarm","Feel No Pain","Spot Weakness","Combust+1","Immolate","Shrug It Off"],"relics":["Burning Blood","NeowsBlessing","Dream Catcher","Mummified Hand"],"potions_floor_usage":[6,7],"damage_taken":[{"damage":0,"enemies":"Small Slimes","floor":1,"turns":1},{"damage":0,"enemies":"2 Louse","floor":2,"turns":1},{"damage":0,"enemies":"Jaw Worm","floor":4,"turns":1},{"damage":38,"enemies":"3 Sentries","floor":6,"turns":10},{"damage":15,"enemies":"Lots of Slimes","floor":7,"turns":7},{"damage":27,"enemies":"Exordium Thugs","floor":11,"turns":6},{"damage":19,"enemies":"Large Slime","floor":12,"turns":3},{"damage":24,"enemies":"Red Slaver","floor":13,"turns":3}],"seed_played":"-665248084315735536","potions_obtained":[{"floor":2,"key":"Poison Potion"},{"floor":6,"key":"Block Potion"}],"is_trial":false,"path_per_floor":["M","M","?","M","?","E","M","R","T","R","M","M"],"character_chosen":"IRONCLAD","items_purchased":[],"campfire_rested":1,"item_purchase_floors":[],"current_hp_per_floor":[74,75,75,75,64,32,23,45,45,45,24,11,0],"gold":294,"neow_bonus":"THREE_ENEMY_KILL","is_prod":false,"is_daily":false,"chose_seed":false,"campfire_upgraded":1,"win_rate":0,"timestamp":1540082563,"path_taken":["M","M","?","?","?","E","M","R","T","R","M","M","M"],"build_version":"2018-10-18","purchased_purges":0,"victory":false,"max_hp_per_floor":[75,75,75,75,75,75,75,75,75,75,75,75,75],"card_choices":[{"not_picked":["Armaments","Dual Wield"],"picked":"Hemokinesis","floor":1},{"not_picked":["Twin Strike","Body Slam"],"picked":"Clothesline","floor":2},{"not_picked":["Power Through","Body Slam"],"picked":"Disarm","floor":4},{"not_picked":["Thunderclap","Clothesline"],"picked":"Feel No Pain","floor":6},{"not_picked":["Wild Strike","Havoc"],"picked":"Spot Weakness","floor":7},{"not_picked":["Twin Strike","Seeing Red"],"picked":"Combust","floor":8},{"not_picked":["Shrug It Off","Ghostly Armor"],"picked":"Immolate","floor":11},{"not_picked":["Sword Boomerang","Warcry"],"picked":"Shrug It Off","floor":12}],"player_experience":589260,"relics_obtained":[{"floor":6,"key":"Dream Catcher"},{"floor":9,"key":"Mummified Hand"}],"event_choices":[{"damage_healed":0,"gold_gain":0,"player_choice":"Grow","damage_taken":0,"max_hp_gain":0,"max_hp_loss":0,"event_name":"Living Wall","floor":3,"gold_loss":0,"cards_upgraded":["Bash"]},{"damage_healed":0,"gold_gain":75,"player_choice":"Gather Gold","damage_taken":11,"max_hp_gain":0,"max_hp_loss":0,"event_name":"World of Goop","floor":5,"gold_loss":0}],"is_beta":false,"boss_relics":[],"items_purged_floors":[],"is_endless":false,"potions_floor_spawned":[2,6],"killed_by":"Red Slaver","ascension_level":19}