{"path_per_floor":["M","?","?","$","M","R","E","R","T","M","E","?","M","M","R"],"character_chosen":"IRONCLAD","items_purchased":[],"gold_per_floor":[115,115,115,40,56,56,92,92,122,142,177,157,178,201,201,201],"floor_reached":16,"campfire_rested":1,"playtime":571,"current_hp_per_floor":[78,78,78,78,84,84,45,45,45,48,41,41,44,34,62,0],"items_purged":["Pain"],"gold":201,"score":218,"play_id":"437e22ec-7f7c-4df4-a390-f4ee59effe54","local_time":"20180430204353","is_prod":false,"is_daily":false,"chose_seed":false,"is_ascension_mode":true,"campfire_upgraded":2,"timestamp":1525139033,"path_taken":["M","?","?","$","M","R","E","R","T","?","E","?","M","M","R","BOSS"],"build_version":"2018-04-28v2","seed_source_timestamp":2451823898853772,"purchased_purges":1,"victory":false,"master_deck":["Strike_R","Strike_R","Strike_R","Strike_R","Strike_R","Defend_R","Defend_R","Defend_R","Defend_R","Bash+1","AscendersBane","Iron Wave","Injury","Normality","Hemokinesis+1","Dropkick","Iron Wave","Metallicize+1","Immolate"],"max_hp_per_floor":[89,89,89,89,89,89,89,89,89,89,96,96,96,96,96,96],"relics":["Burning Blood","Golden Idol","Frozen Egg 2","Ornamental Fan","Tiny Chest","Strawberry"],"card_choices":[{"not_picked":["Sword Boomerang","Body Slam"],"picked":"Iron Wave","floor":1},{"not_picked":["Flame Barrier","Dual Wield"],"picked":"Hemokinesis","floor":5},{"not_picked":["Pommel Strike","Sword Boomerang"],"picked":"Dropkick","floor":7},{"not_picked":["Thunderclap","Havoc"],"picked":"Iron Wave","floor":10},{"not_picked":["Flex","Pummel"],"picked":"Metallicize","floor":11},{"not_picked":["Shrug It Off","Flex"],"picked":"Immolate","floor":13}],"player_experience":303422,"potions_floor_usage":[16,16,16],"damage_taken":[{"damage":10,"enemies":"2 Louse","floor":1,"turns":4},{"damage":0,"enemies":"Small Slimes","floor":5,"turns":3},{"damage":45,"enemies":"Gremlin Nob","floor":7,"turns":5},{"damage":3,"enemies":"Cultist","floor":10,"turns":3},{"damage":20,"enemies":"3 Sentries","floor":11,"turns":9},{"damage":3,"enemies":"Exordium Wildlife","floor":13,"turns":3},{"damage":16,"enemies":"Red Slaver","floor":14,"turns":2},{"damage":63,"enemies":"Hexaghost","floor":16,"turns":11}],"event_choices":[{"event_name":"Golden Idol","player_choice":"Take Wound","floor":2,"damage_taken":0},{"event_name":"Accursed Blacksmith","player_choice":"Rummage","floor":3,"damage_taken":0},{"event_name":"The Woman in Blue","player_choice":"Bought 1 Potion","floor":12,"damage_taken":0}],"boss_relics":[],"potions_floor_spawned":[7,10,13,14],"seed_played":"-203469036644718534","killed_by":"Hexaghost","ascension_level":15,"is_trial":false}