{"gold_per_floor":[210,210,229,229,379,379,49,77,102,114,114,141,152,77,77,155,155,173,173,184,198,198,198],"floor_reached":23,"playtime":725,"items_purged":["Doubt"],"score":378,"play_id":"a7efae08-e7c9-4653-8893-4d183941b959","local_time":"20190213233822","is_ascension_mode":true,"campfire_choices":[{"data":"Dualcast","floor":6.0,"key":"SMITH"},{"floor":11.0,"key":"REST"},{"floor":15.0,"key":"REST"}],"neow_cost":"NONE","seed_source_timestamp":0,"circlet_count":0,"master_deck":["AscendersBane","Defend_B","Defend_B","Defend_B","Defend_B","Zap","Dualcast+1","Glacier","Streamline","Capacitor","Ball Lightning","Turbo","Go for the Eyes","Doom and Gloom","Reboot","Reinforced Body+1","Buffer+1","Beam Cell+1","Barrage","Consume","Writhe"],"special_seed":0,"relics":["Cracked Core","Happy Flower","Runic Capacitor","Mercury Hourglass","Bag of Marbles","Centennial Puzzle","Astrolabe","Bronze Scales"],"potions_floor_usage":[20,23],"damage_taken":[{"damage":3.0,"enemies":"2 Louse","floor":1.0,"turns":3.0},{"damage":2.0,"enemies":"Cultist","floor":3.0,"turns":3.0},{"damage":24.0,"enemies":"3 Sentries","floor":8.0,"turns":7.0},{"damage":0.0,"enemies":"Small Slimes","floor":10.0,"turns":2.0},{"damage":20.0,"enemies":"Lagavulin","floor":12.0,"turns":5.0},{"damage":0.0,"enemies":"Blue Slaver","floor":13.0,"turns":2.0},{"damage":19.0,"enemies":"Slime Boss","floor":16.0,"turns":8.0},{"damage":0,"enemies":"Chosen","floor":18,"turns":6},{"damage":12,"enemies":"3 Byrds","floor":20,"turns":2},{"damage":25,"enemies":"Snake Plant","floor":21,"turns":5},{"damage":34,"enemies":"Gremlin Leader","floor":23,"turns":4}],"seed_played":"-93812574809137770","potions_obtained":[{"floor":2.0,"key":"LiquidBronze"},{"floor":2.0,"key":"Swift Potion"},{"floor":3.0,"key":"Block Potion"},{"floor":12.0,"key":"FearPotion"},{"floor":16.0,"key":"Poison Potion"},{"floor":20,"key":"LiquidBronze"}],"is_trial":false,"path_per_floor":["M","?","M","?","?","R","$","E","T","M","R","E","M","$","R","B",null,"M","?","M","M","?","E"],"character_chosen":"DEFECT","items_purchased":["Runic Capacitor","Capacitor","Ball Lightning"],"campfire_rested":2,"item_purchase_floors":[7,7,7],"current_hp_per_floor":[61,61,59,54,54,54,54,30,30,30,51,31,31,31,52,33,62,62,62,50,25,25,0],"gold":198,"neow_bonus":"HUNDRED_GOLD","is_prod":false,"is_daily":false,"chose_seed":false,"campfire_upgraded":1,"win_rate":0,"timestamp":1550119102,"path_taken":["M","?","?","?","?","R","?","E","T","M","R","E","M","$","R","BOSS","M","?","M","M","?","E"],"build_version":"2019-01-23","purchased_purges":1,"victory":false,"max_hp_per_floor":[71,71,71,71,71,71,71,71,71,71,71,71,71,71,71,71,71,71,71,71,71,71,71],"card_choices":[{"not_picked":["Beam Cell","FTL"],"picked":"Glacier","floor":1.0},{"not_picked":["Melter","Gash"],"picked":"Streamline","floor":3.0},{"not_picked":["Steam Power","Reprogram"],"picked":"Turbo","floor":8.0},{"not_picked":["Aggregate","Steam"],"picked":"Go for the Eyes","floor":10.0},{"not_picked":["Go for the Eyes","Turbo","Lockon"],"picked":"SKIP","floor":12.0},{"not_picked":["Streamline","Leap"],"picked":"Doom and Gloom","floor":13.0},{"not_picked":["Hyperbeam","Meteor Strike"],"picked":"Reboot","floor":16.0},{"not_picked":["Hologram","Barrage","Ball Lightning"],"picked":"SKIP","floor":18},{"not_picked":["Lockon","Steam"],"picked":"Barrage","floor":20},{"not_picked":["Reprogram","Turbo"],"picked":"Consume","floor":21}],"player_experience":277952,"relics_obtained":[{"floor":8.0,"key":"Mercury Hourglass"},{"floor":9.0,"key":"Bag of Marbles"},{"floor":12.0,"key":"Centennial Puzzle"}],"event_choices":[{"damage_healed":0.0,"max_hp_gain":0.0,"max_hp_loss":0.0,"gold_gain":0.0,"event_name":"Lab","player_choice":"Got Potions","floor":2.0,"gold_loss":0.0,"damage_taken":0.0},{"damage_healed":0.0,"max_hp_gain":0.0,"max_hp_loss":0.0,"gold_gain":0.0,"event_name":"Scrap Ooze","player_choice":"Success","floor":4.0,"gold_loss":0.0,"damage_taken":5.0,"relics_obtained":["Happy Flower"]},{"damage_healed":0.0,"max_hp_gain":0.0,"max_hp_loss":0.0,"gold_gain":150.0,"event_name":"Liars Game","player_choice":"AGREE","floor":5.0,"gold_loss":0.0,"damage_taken":0.0,"cards_obtained":["Doubt"]},{"cards_removed":["Strike_B"],"damage_healed":0,"gold_gain":0,"player_choice":"Elegance","damage_taken":0,"max_hp_gain":0,"max_hp_loss":0,"event_name":"Back to Basics","floor":19,"gold_loss":0},{"damage_healed":0,"gold_gain":0,"player_choice":"Opened","damage_taken":0,"relics_obtained":["Bronze Scales"],"max_hp_gain":0,"max_hp_loss":0,"event_name":"The Mausoleum","floor":22,"gold_loss":0,"cards_obtained":["Writhe"]}],"is_beta":false,"boss_relics":[{"not_picked":["Tiny House","Eternal Feather"],"picked":"Astrolabe"}],"items_purged_floors":[14],"is_endless":false,"potions_floor_spawned":[3,12,16,20],"killed_by":"Gremlin Leader","ascension_level":18}