{"gold_per_floor":[118,193,15,35,55,83,83,98,98,110,110,143,143,156,156,229,229,239,255,170,170,16,16,42,42,92,126,126,160,172,185,185,262,262,273,289,307,307,307,307],"floor_reached":41,"playtime":2206,"items_purged":["Strike_B"],"score":1258,"play_id":"aca73f11-b935-4724-a9ad-e37a34187839","local_time":"20181019144146","is_ascension_mode":true,"campfire_choices":[{"data":"Sunder","floor":7,"key":"SMITH"},{"floor":11,"key":"REST"},{"data":"Sunder","floor":15,"key":"SMITH"},{"floor":23,"key":"REST"},{"floor":25,"key":"REST"},{"floor":32,"key":"REST"}],"neow_cost":"NONE","seed_source_timestamp":148881453853032,"circlet_count":0,"master_deck":["Strike_B+1","Strike_B","Defend_B","Defend_B","Defend_B","Defend_B","Zap+1","Dualcast","AscendersBane","Genetic Algorithm","Self Repair","Sunder+1","Sweeping Beam","Reinforced Body","Seek","Go for the Eyes","Ball Lightning","Sunder+1","Cold Snap+1","Biased Cognition","Undo","Melter+1","Doom and Gloom","Beam Cell+1","Loop+1","Conserve Battery","Meteor Strike","Compile Driver","Glacier"],"relics":["Cracked Core","Anchor","Darkstone Periapt","Bird Faced Urn","Fusion Hammer","Matryoshka","Enchiridion","Emotion Chip","Bag of Preparation","Smiling Mask","Sundial","Whetstone","Snecko Eye"],"potions_floor_usage":[6,29,29,33,33,40],"damage_taken":[{"damage":2,"enemies":"Jaw Worm","floor":1,"turns":3},{"damage":5,"enemies":"Small Slimes","floor":4,"turns":4},{"damage":0,"enemies":"Cultist","floor":5,"turns":3},{"damage":40,"enemies":"Lagavulin","floor":6,"turns":6},{"damage":11,"enemies":"Blue Slaver","floor":8,"turns":4},{"damage":2,"enemies":"Gremlin Gang","floor":10,"turns":4},{"damage":20,"enemies":"3 Sentries","floor":12,"turns":6},{"damage":0,"enemies":"2 Fungi Beasts","floor":14,"turns":2},{"damage":35,"enemies":"The Guardian","floor":16,"turns":12},{"damage":0,"enemies":"Spheric Guardian","floor":18,"turns":3},{"damage":7,"enemies":"2 Thieves","floor":19,"turns":3},{"damage":36,"enemies":"Gremlin Leader","floor":24,"turns":7},{"damage":0,"enemies":"Slavers","floor":27,"turns":3},{"damage":29,"enemies":"Book of Stabbing","floor":29,"turns":5},{"damage":0,"enemies":"Snake Plant","floor":30,"turns":4},{"damage":6,"enemies":"Shelled Parasite and Fungi","floor":31,"turns":2},{"damage":53,"enemies":"Automaton","floor":33,"turns":12},{"damage":0,"enemies":"3 Darklings","floor":35,"turns":3},{"damage":7,"enemies":"Orb Walker","floor":36,"turns":3},{"damage":11,"enemies":"Transient","floor":37,"turns":6},{"damage":39,"enemies":"Time Eater","floor":40,"turns":10}],"seed_played":"4335817346198401296","potions_obtained":[{"floor":1,"key":"SpeedPotion"},{"floor":16,"key":"Strength Potion"},{"floor":18,"key":"EntropicBrew"},{"floor":36,"key":"Ancient Potion"}],"is_trial":false,"path_per_floor":["M","?","$","M","M","E","R","M","T","M","R","E","?","M","R","B",null,"M","M","?","?","$","R","E","R","T","E","?","E","M","M","R","B",null,"M","M","M","?","?","B"],"character_chosen":"DEFECT","items_purchased":["Self Repair","Sunder","FearPotion","Doom and Gloom"],"campfire_rested":4,"item_purchase_floors":[3,3,3,22],"current_hp_per_floor":[62,51,51,53,60,27,27,23,23,28,49,36,36,45,45,19,58,69,71,71,50,50,71,46,67,67,69,69,49,64,62,71,40,63,71,71,71,71,71,40],"gold":307,"neow_bonus":"UPGRADE_CARD","is_prod":false,"is_daily":false,"chose_seed":false,"campfire_upgraded":2,"win_rate":0,"timestamp":1539974506,"path_taken":["M","?","$","M","M","E","R","M","T","M","R","E","?","?","R","BOSS","M","M","?","?","?","R","E","R","T","E","?","E","M","?","R","BOSS","M","M","M","?","?","BOSS"],"build_version":"2018-10-18","purchased_purges":1,"victory":true,"max_hp_per_floor":[71,71,71,71,71,71,71,71,71,71,71,71,71,71,71,71,71,71,71,71,71,71,71,71,71,71,71,71,71,71,71,71,71,71,71,71,71,71,71,71],"card_choices":[{"not_picked":["Rebound","Beam Cell"],"picked":"Genetic Algorithm","floor":1},{"not_picked":["Steam","Barrage","Coolheaded"],"picked":"SKIP","floor":4},{"not_picked":["Steam","Barrage","Coolheaded"],"picked":"SKIP","floor":4},{"not_picked":["Steam","Barrage","Coolheaded"],"picked":"SKIP","floor":4},{"not_picked":["Hologram","Leap"],"picked":"Sweeping Beam","floor":5},{"not_picked":["Lockon","Hologram"],"picked":"Reinforced Body","floor":6},{"not_picked":["Rebound","Chill"],"picked":"Seek","floor":8},{"not_picked":["Sweeping Beam","Hologram"],"picked":"Go for the Eyes","floor":10},{"not_picked":["Static Discharge","Gash"],"picked":"Ball Lightning","floor":12},{"not_picked":["Sweeping Beam","Hello World"],"picked":"Cold Snap","floor":14},{"not_picked":["Fission","Meteor Strike"],"picked":"Biased Cognition","floor":16},{"not_picked":["Lockon","Rip and Tear"],"picked":"Undo","floor":18},{"not_picked":["Stack","Sweeping Beam"],"picked":"Melter+1","floor":19},{"not_picked":["White Noise","Gash"],"picked":"Beam Cell+1","floor":24},{"not_picked":["Redo","Multi-Cast"],"picked":"Loop","floor":27},{"not_picked":["Skim","Static Discharge"],"picked":"Conserve Battery","floor":29},{"not_picked":["Go for the Eyes","Skim+1","Gash"],"picked":"SKIP","floor":30},{"not_picked":["Rebound","Aggregate","Sweeping Beam"],"picked":"SKIP","floor":31},{"not_picked":["Thunder Strike","Machine Learning"],"picked":"Meteor Strike","floor":33},{"not_picked":["Conserve Battery","Reinforced Body+1"],"picked":"Compile Driver","floor":35},{"not_picked":["Compile Driver","Rebound"],"picked":"Glacier","floor":36},{"not_picked":["Storm","Double Energy","Leap"],"picked":"SKIP","floor":37},{"not_picked":["Storm","Double Energy","Leap"],"picked":"SKIP","floor":37}],"player_experience":577562,"relics_obtained":[{"floor":6,"key":"Anchor"},{"floor":9,"key":"Darkstone Periapt"},{"floor":12,"key":"Bird Faced Urn"},{"floor":21,"key":"Enchiridion"},{"floor":24,"key":"Emotion Chip"},{"floor":26,"key":"Bag of Preparation"},{"floor":26,"key":"Smiling Mask"},{"floor":27,"key":"Sundial"},{"floor":29,"key":"Whetstone"}],"event_choices":[{"damage_healed":0,"gold_gain":75,"player_choice":"Gather Gold","damage_taken":11,"max_hp_gain":0,"max_hp_loss":0,"event_name":"World of Goop","floor":2,"gold_loss":0},{"damage_healed":0,"gold_gain":0,"cards_transformed":["Strike_B"],"player_choice":"Transformed","damage_taken":0,"max_hp_gain":0,"max_hp_loss":0,"event_name":"Transmorgrifier","floor":13,"gold_loss":0,"cards_obtained":["Sunder"]},{"damage_healed":0,"gold_gain":0,"player_choice":"Obtained Relic","damage_taken":0,"relics_obtained":["Matryoshka"],"max_hp_gain":0,"max_hp_loss":0,"event_name":"Addict","floor":20,"gold_loss":85},{"damage_healed":0,"gold_gain":0,"player_choice":"Obtained Book","damage_taken":21,"max_hp_gain":0,"max_hp_loss":0,"event_name":"Cursed Tome","floor":21,"gold_loss":0},{"damage_healed":0,"gold_gain":0,"player_choice":"Ignored","damage_taken":0,"max_hp_gain":0,"max_hp_loss":0,"event_name":"The Mausoleum","floor":28,"gold_loss":0},{"damage_healed":0,"gold_gain":0,"player_choice":"Upgraded","damage_taken":0,"max_hp_gain":0,"max_hp_loss":0,"event_name":"Upgrade Shrine","floor":38,"gold_loss":0,"cards_upgraded":["Loop"]},{"damage_healed":0,"gold_gain":0,"player_choice":"Took Portal","damage_taken":0,"max_hp_gain":0,"max_hp_loss":0,"event_name":"SecretPortal","floor":39,"gold_loss":0}],"is_beta":false,"boss_relics":[{"not_picked":["Empty Cage","Astrolabe"],"picked":"Fusion Hammer"},{"not_picked":["Coffee Dripper","Nuclear Battery"],"picked":"Snecko Eye"}],"items_purged_floors":[22],"is_endless":false,"potions_floor_spawned":[1,4,16,18,19,24,31,36],"ascension_level":18}