{"path_per_floor":["M","M","M","T","?","?","E","R","T","M","R","M","E","M","R","B",null,"M","?","M","M","$","E","M","$","T"],"character_chosen":"IRONCLAD","items_purchased":["Unceasing Top","Fiend Fire"],"gold_per_floor":[116,133,145,145,145,145,176,176,176,190,190,200,225,242,242,344,344,360,360,374,394,29,60,73,1,1],"floor_reached":27,"campfire_rested":0,"playtime":1030,"current_hp_per_floor":[71,70,69,69,69,53,45,45,51,48,48,41,47,47,47,41,86,74,64,64,64,64,21,12,12,18],"items_purged":["Doubt"],"gold":1,"score":269,"play_id":"aa43eb81-2979-4ad9-a349-fbe6b26c5deb","is_prod":false,"is_daily":false,"is_ascension_mode":false,"campfire_upgraded":3,"path_taken":["M","?","M","?","?","?","E","R","T","M","R","M","E","M","R","BOSS","M","?","?","M","$","E","M","?","T","E"],"build_version":"2018-02-12-PROD1","purchased_purges":1,"victory":false,"master_deck":["Strike_R+1","Strike_R","Strike_R","Strike_R","Strike_R","Defend_R","Defend_R","Defend_R","Defend_R","Bash+1","Flex+1","Metallicize+1","Pommel Strike","Rupture","Pummel","Headbutt","Uppercut","Flame Barrier+1","Brutality","Evolve+1","Necronomicurse","Feel No Pain","Power Through","Thunderclap+1","Armaments","Fiend Fire","Pain"],"max_hp_per_floor":[80,80,80,80,80,80,80,80,86,86,86,86,86,86,86,86,86,86,92,92,92,92,92,92,92,98],"relics":["Cursed Key","Happy Flower","Spirit Poop","Darkstone Periapt","Kunai","Oddly Smooth Stone","Sozu","Necronomicon","Unceasing Top","Girya","Dead Branch"],"card_choices":[{"not_picked":["Anger","Intimidate"],"picked":"Flex"},{"not_picked":["Fiend Fire","Heavy Blade"],"picked":"Metallicize"},{"not_picked":["Perfected Strike","Wild Strike"],"picked":"Pommel Strike"},{"not_picked":["Bloodletting","Flex"],"picked":"Rupture"},{"not_picked":["Whirlwind","Cleave"],"picked":"Pummel"},{"not_picked":["Sword Boomerang","Iron Wave"],"picked":"Headbutt"},{"not_picked":["Rupture","Thunderclap"],"picked":"Uppercut"},{"not_picked":["Blood for Blood","Wild Strike"],"picked":"Flame Barrier"},{"not_picked":["Double Tap","Barricade"],"picked":"Brutality"},{"not_picked":["Havoc","Iron Wave"],"picked":"Evolve"},{"not_picked":["Dual Wield","Clash"],"picked":"Feel No Pain"},{"not_picked":["Feel No Pain","Anger"],"picked":"Power Through"},{"not_picked":["Shrug It Off","Pommel Strike"],"picked":"Thunderclap"},{"not_picked":["Corruption","Thunderclap"],"picked":"Armaments"}],"player_experience":80257,"potions_floor_usage":[13,13,16],"damage_taken":[{"damage":9,"enemies":"Blue Slaver","floor":1,"turns":4},{"damage":1,"enemies":"Jaw Worm","floor":2,"turns":3},{"damage":1,"enemies":"Cultist","floor":3,"turns":5},{"damage":8,"enemies":"Gremlin Nob","floor":7,"turns":3},{"damage":3,"enemies":"Exordium Wildlife","floor":10,"turns":6},{"damage":7,"enemies":"2 Fungi Beasts","floor":12,"turns":3},{"damage":6,"enemies":"Lagavulin","floor":13,"turns":7},{"damage":0,"enemies":"Large Slime","floor":14,"turns":3},{"damage":6,"enemies":"Hexaghost","floor":16,"turns":8},{"damage":12,"enemies":"Spheric Guardian","floor":18,"turns":4},{"damage":0,"enemies":"Chosen","floor":20,"turns":3},{"damage":0,"enemies":"Sentry and Sphere","floor":21,"turns":5},{"damage":43,"enemies":"Gremlin Leader","floor":23,"turns":7},{"damage":9,"enemies":"Snake Plant","floor":24,"turns":2},{"damage":19,"enemies":"Slavers","floor":27,"turns":2}],"event_choices":[{"event_name":"Bonfire Elementals","player_choice":"CURSE","floor":5,"damage_taken":0},{"event_name":"Shining Light","player_choice":"Entered Light","floor":6,"damage_taken":0},{"event_name":"Cursed Tome","player_choice":"Obtained Book","floor":19,"damage_taken":0}],"boss_relics":[{"not_picked":["Velvet Choker","Tiny House"],"picked":"Sozu"}],"potions_floor_spawned":[7,12,13,16],"seed_played":"-3703624439824543373","killed_by":"Slavers","ascension_level":0,"is_trial":false}