{"path_per_floor":["M","?","$","M","M","E","R","E","T","R","E","M","?","?","R","B",null,"M","M","M","M","?","R"],"character_chosen":"IRONCLAD","items_purchased":["Mummified Hand"],"gold_per_floor":[362,362,25,42,54,82,82,114,114,114,139,153,118,193,193,268,268,281,297,311,330,330,330,330],"floor_reached":24,"campfire_rested":1,"playtime":794,"current_hp_per_floor":[67,67,67,72,71,39,39,26,26,26,9,15,35,24,48,25,66,55,45,13,11,11,11,0],"items_purged":["Injury"],"gold":330,"score":381,"play_id":"e0c1bfee-e024-4de6-a85d-499d7dbf35ec","local_time":"20180427204957","is_prod":false,"is_daily":false,"chose_seed":false,"is_ascension_mode":true,"campfire_upgraded":3,"timestamp":1524880197,"path_taken":["M","?","$","?","M","E","R","E","T","R","E","M","?","?","R","BOSS","M","?","M","M","?","R","E"],"build_version":"2018-04-26","seed_source_timestamp":2192782093859158,"purchased_purges":1,"victory":false,"master_deck":["Defend_R","Defend_R","Defend_R","Defend_R","Bash+1","AscendersBane","Pommel Strike+1","Thunderclap","Evolve","Feel No Pain","Clash","Brutality","Demon Form+1","Cleave","Limit Break","Infernal Blade","Metallicize+1","Shockwave","Inflame","Bite","Bite","Bite","Bite","Bite"],"max_hp_per_floor":[80,80,80,80,80,80,80,80,80,80,80,80,80,80,80,80,80,80,80,80,80,56,56,56],"relics":["Black Blood","Mummified Hand","Red Skull","Paper Frog","Du-Vu Doll","Ornamental Fan"],"card_choices":[{"not_picked":["Sentinel","Flex"],"picked":"Pommel Strike","floor":1},{"not_picked":["Clothesline","Bloodletting"],"picked":"Evolve","floor":4},{"not_picked":["Thunderclap","Heavy Blade"],"picked":"Feel No Pain","floor":5},{"not_picked":["Sentinel","Body Slam"],"picked":"Clash","floor":6},{"not_picked":["Headbutt","Sword Boomerang"],"picked":"Brutality","floor":8},{"not_picked":["Perfected Strike","Iron Wave"],"picked":"Demon Form","floor":11},{"not_picked":["Pommel Strike","Twin Strike"],"picked":"Cleave","floor":12},{"not_picked":["Dark Embrace","Brutality"],"picked":"Limit Break","floor":16},{"not_picked":["Armaments","Perfected Strike"],"picked":"Infernal Blade","floor":18},{"not_picked":["Combust","Wild Strike"],"picked":"Metallicize","floor":19},{"not_picked":["Clothesline","Warcry"],"picked":"Shockwave","floor":20},{"not_picked":["True Grit","Body Slam"],"picked":"Inflame","floor":21}],"player_experience":284172,"potions_floor_usage":[12,16,16,24],"damage_taken":[{"damage":11,"enemies":"Small Slimes","floor":1,"turns":3},{"damage":1,"enemies":"Cultist","floor":4,"turns":3},{"damage":7,"enemies":"Jaw Worm","floor":5,"turns":3},{"damage":38,"enemies":"Gremlin Nob","floor":6,"turns":5},{"damage":19,"enemies":"3 Sentries","floor":8,"turns":5},{"damage":23,"enemies":"Lagavulin","floor":11,"turns":4},{"damage":0,"enemies":"3 Louse","floor":12,"turns":2},{"damage":29,"enemies":"Slime Boss","floor":16,"turns":5},{"damage":21,"enemies":"Spheric Guardian","floor":18,"turns":4},{"damage":20,"enemies":"2 Thieves","floor":19,"turns":3},{"damage":42,"enemies":"Snecko","floor":20,"turns":5},{"damage":12,"enemies":"3 Cultists","floor":21,"turns":4},{"damage":26,"enemies":"Slavers","floor":24,"turns":1}],"event_choices":[{"event_name":"Transmorgrifier","player_choice":"Transform","floor":2,"damage_taken":0},{"event_name":"The Cleric","player_choice":"Healed","floor":13,"damage_taken":0},{"event_name":"World of Goop","player_choice":"Gather Gold","floor":14,"damage_taken":0},{"event_name":"Vampires","player_choice":"Became a vampire","floor":22,"damage_taken":0}],"boss_relics":[{"not_picked":["Sozu","Runic Pyramid"],"picked":"Black Blood"}],"potions_floor_spawned":[8,11,12,18,19],"seed_played":"-3952240503374102629","killed_by":"Slavers","ascension_level":13,"is_trial":false}