{"gold_per_floor":[110,35,110,110,129,129,163,193,251,294,317,329,341,365,377,389],"floor_reached":16,"playtime":901,"items_purged":[],"score":220,"play_id":"42d20120-dec0-4049-bac8-e8a75e6a013c","local_time":"20190219190626","is_ascension_mode":true,"campfire_choices":[{"floor":6,"key":"REST"},{"data":"Defragment","floor":12,"key":"SMITH"},{"data":"Coolheaded","floor":15,"key":"SMITH"}],"neow_cost":"NONE","seed_source_timestamp":21567920891336,"circlet_count":0,"master_deck":["AscendersBane","Strike_B","Strike_B","Strike_B","Defend_B","Defend_B","Defend_B","Defend_B","Zap","Dualcast","Stack+1","Coolheaded+1","Undo","Defragment+1","BootSequence","Go for the Eyes","Hologram"],"relics":["Cracked Core","MawBank","Juzu Bracelet","Darkstone Periapt"],"potions_floor_usage":[7,10,10,16],"damage_taken":[{"damage":1,"enemies":"Cultist","floor":1,"turns":3},{"damage":7,"enemies":"Small Slimes","floor":5,"turns":3},{"damage":7,"enemies":"Lagavulin","floor":7,"turns":8},{"damage":2,"enemies":"2 Louse","floor":8,"turns":3},{"damage":11,"enemies":"3 Sentries","floor":10,"turns":10},{"damage":4,"enemies":"Lots of Slimes","floor":11,"turns":9},{"damage":0,"enemies":"3 Louse","floor":14,"turns":4},{"damage":49,"enemies":"Slime Boss","floor":16,"turns":13}],"seed_played":"2610375984403331437","potions_obtained":[{"floor":0,"key":"FocusPotion"},{"floor":0,"key":"SpeedPotion"},{"floor":7,"key":"Ancient Potion"},{"floor":11,"key":"Swift Potion"},{"floor":14,"key":"Ancient Potion"}],"is_trial":false,"path_per_floor":["M","?","?","?","M","R","E","M","T","E","M","R","?","M","R","B"],"character_chosen":"DEFECT","items_purchased":[],"campfire_rested":1,"item_purchase_floors":[],"current_hp_per_floor":[63,63,52,52,45,66,59,57,57,46,42,42,42,42,42,0],"gold":389,"neow_bonus":"THREE_SMALL_POTIONS","is_prod":false,"is_daily":false,"chose_seed":false,"campfire_upgraded":2,"win_rate":0,"timestamp":1550621186,"path_taken":["M","?","?","?","?","R","E","M","T","E","M","R","?","M","R","BOSS"],"build_version":"2019-01-23","purchased_purges":0,"victory":false,"max_hp_per_floor":[71,71,71,71,71,71,71,71,71,71,71,71,71,71,71,71],"card_choices":[{"not_picked":["Barrage","Chaos"],"picked":"Stack","floor":1},{"not_picked":["Chaos","Hologram"],"picked":"Coolheaded","floor":5},{"not_picked":["Amplify","Turbo"],"picked":"Undo","floor":7},{"not_picked":["Consume","Go for the Eyes"],"picked":"Defragment","floor":8},{"not_picked":["Stack","Sweeping Beam"],"picked":"BootSequence","floor":10},{"not_picked":["Double Energy","Steam"],"picked":"Go for the Eyes","floor":11},{"not_picked":["Double Energy","Redo"],"picked":"Hologram","floor":14}],"player_experience":312129,"relics_obtained":[{"floor":7,"key":"MawBank"},{"floor":9,"key":"Juzu Bracelet"},{"floor":10,"key":"Darkstone Periapt"}],"event_choices":[{"cards_removed":["Strike_B"],"damage_healed":0,"gold_gain":0,"player_choice":"Card Removal","damage_taken":0,"max_hp_gain":0,"max_hp_loss":0,"event_name":"The Cleric","floor":2,"gold_loss":75},{"damage_healed":0,"gold_gain":75,"player_choice":"Gather Gold","damage_taken":11,"max_hp_gain":0,"max_hp_loss":0,"event_name":"World of Goop","floor":3,"gold_loss":0},{"damage_healed":0,"gold_gain":0,"player_choice":"Upgraded","damage_taken":0,"max_hp_gain":0,"max_hp_loss":0,"event_name":"Upgrade Shrine","floor":4,"gold_loss":0,"cards_upgraded":["Stack"]},{"damage_healed":0,"gold_gain":0,"player_choice":"Ignored","damage_taken":0,"max_hp_gain":0,"max_hp_loss":0,"event_name":"Golden Wing","floor":13,"gold_loss":0}],"is_beta":false,"boss_relics":[],"items_purged_floors":[],"is_endless":false,"potions_floor_spawned":[7,11,14],"killed_by":"Slime Boss","ascension_level":20}