{"gold_per_floor":[114,189,464,479,479,479,10,38,116,129,129,145,178,198,198,275,275,289,289,103,122,136,169,169,200,250,263,292,23,23,23],"floor_reached":31,"playtime":978,"items_purged":["Regret","Pain","Strike_R"],"score":706,"play_id":"5f54ccf3-8eae-4802-970b-eef732df6ed9","local_time":"20190109232329","is_ascension_mode":true,"campfire_choices":[{"data":"Bash","floor":6,"key":"SMITH"},{"data":"Immolate","floor":15,"key":"SMITH"},{"floor":24,"key":"REST"}],"neow_cost":"NONE","seed_source_timestamp":743602037157760,"circlet_count":0,"master_deck":["AscendersBane","Strike_R","Strike_R","Strike_R","Strike_R","Defend_R","Defend_R","Defend_R","Defend_R","Bash+1","Inflame","Clothesline","Battle Trance","Sword Boomerang","Immolate+1","Spot Weakness","Shrug It Off","Brutality","Sword Boomerang","Power Through","Feel No Pain","Havoc","Feed","Whirlwind","Evolve","Ghostly Armor","True Grit"],"relics":["Burning Blood","NeowsBlessing","Happy Flower","Medical Kit","PreservedInsect","Smiling Mask","Shuriken","Shovel","Runic Cube","WarpedTongs","Bronze Scales","Charon\u0027s Ashes","Anchor","Juzu Bracelet","Nilry\u0027s Codex"],"potions_floor_usage":[13,16,21,21,25,25,31],"damage_taken":[{"damage":0,"enemies":"2 Louse","floor":1,"turns":1},{"damage":0,"enemies":"Cultist","floor":4,"turns":1},{"damage":0,"enemies":"Lagavulin","floor":8,"turns":1},{"damage":0,"enemies":"Small Slimes","floor":10,"turns":3},{"damage":15,"enemies":"3 Louse","floor":12,"turns":4},{"damage":0,"enemies":"Gremlin Nob","floor":13,"turns":2},{"damage":0,"enemies":"Large Slime","floor":14,"turns":4},{"damage":36,"enemies":"Hexaghost","floor":16,"turns":9},{"damage":18,"enemies":"Spheric Guardian","floor":18,"turns":4},{"damage":16,"enemies":"3 Byrds","floor":21,"turns":4},{"damage":13,"enemies":"Snecko","floor":22,"turns":5},{"damage":37,"enemies":"Slavers","floor":23,"turns":3},{"damage":22,"enemies":"Book of Stabbing","floor":25,"turns":4},{"damage":7,"enemies":"Snake Plant","floor":27,"turns":3},{"damage":3,"enemies":"Gremlin Leader","floor":28,"turns":5},{"damage":13,"enemies":"Centurion and Healer","floor":31,"turns":3}],"seed_played":"-1301049185791136616","potions_obtained":[{"floor":8,"key":"BloodPotion"},{"floor":12,"key":"Poison Potion"},{"floor":14,"key":"PowerPotion"},{"floor":21,"key":"PowerPotion"},{"floor":23,"key":"Block Potion"},{"floor":25,"key":"SkillPotion"},{"floor":27,"key":"Strength Potion"}],"is_trial":false,"path_per_floor":["M","?","?","M","?","R","$","E","T","M","?","M","E","M","R","B",null,"M","?","$","M","M","E","R","E","T","M","E","$","?","M"],"character_chosen":"IRONCLAD","items_purchased":["Medical Kit","PreservedInsect","Power Through","Explosive Potion","Evolve","Ghostly Armor","True Grit"],"campfire_rested":1,"item_purchase_floors":[7,7,20,20,29,29,29],"current_hp_per_floor":[74,63,63,69,51,51,51,57,57,63,68,59,65,71,71,41,70,58,58,58,56,49,18,42,26,26,25,32,32,11,0],"gold":23,"neow_bonus":"THREE_ENEMY_KILL","is_prod":false,"is_daily":false,"chose_seed":false,"campfire_upgraded":2,"win_rate":0,"timestamp":1547094209,"path_taken":["M","?","?","?","?","R","$","E","T","M","?","M","E","M","R","BOSS","M","?","$","M","M","E","R","E","T","M","E","$","?","M"],"build_version":"2019-01-03v4","purchased_purges":3,"victory":false,"max_hp_per_floor":[75,75,75,75,75,75,75,75,75,75,80,80,80,80,80,80,80,80,80,80,80,80,80,80,80,80,80,84,84,84,84],"card_choices":[{"not_picked":["Perfected Strike","Seeing Red"],"picked":"Inflame","floor":1},{"not_picked":["Perfected Strike","Rampage"],"picked":"Clothesline","floor":4},{"not_picked":["Clothesline","Iron Wave"],"picked":"Battle Trance","floor":8},{"not_picked":["Wild Strike","Inflame"],"picked":"Sword Boomerang","floor":10},{"not_picked":["True Grit","Inflame"],"picked":"Immolate","floor":12},{"not_picked":["Shrug It Off","Reckless Charge"],"picked":"Spot Weakness","floor":13},{"not_picked":["Headbutt","Thunderclap"],"picked":"Shrug It Off","floor":14},{"not_picked":["Juggernaut","Berserk"],"picked":"Brutality","floor":16},{"not_picked":["Clash+1","Entrench+1"],"picked":"Sword Boomerang","floor":18},{"not_picked":["Infernal Blade","Shockwave"],"picked":"Feel No Pain","floor":21},{"not_picked":["Wild Strike","Sword Boomerang"],"picked":"Havoc","floor":22},{"not_picked":["Reckless Charge","Ghostly Armor+1"],"picked":"Feed","floor":23},{"not_picked":["Flex","Burning Pact"],"picked":"Whirlwind","floor":25},{"not_picked":["Clothesline","Searing Blow","Clash"],"picked":"SKIP","floor":27},{"not_picked":["Warcry","Pommel Strike","Barricade"],"picked":"SKIP","floor":28}],"player_experience":724050,"relics_obtained":[{"floor":8,"key":"Smiling Mask"},{"floor":9,"key":"Shuriken"},{"floor":13,"key":"Shovel"},{"floor":23,"key":"Bronze Scales"},{"floor":25,"key":"Charon\u0027s Ashes"},{"floor":26,"key":"Anchor"},{"floor":28,"key":"Juzu Bracelet"},{"floor":30,"key":"Nilry\u0027s Codex"}],"event_choices":[{"damage_healed":0,"gold_gain":75,"player_choice":"Gather Gold","damage_taken":11,"max_hp_gain":0,"max_hp_loss":0,"event_name":"World of Goop","floor":2,"gold_loss":0},{"damage_healed":0,"gold_gain":275,"player_choice":"Desecrate","damage_taken":0,"max_hp_gain":0,"max_hp_loss":0,"event_name":"Golden Shrine","floor":3,"gold_loss":0,"cards_obtained":["Regret"]},{"damage_healed":0,"gold_gain":0,"player_choice":"Success","damage_taken":18,"relics_obtained":["Happy Flower"],"max_hp_gain":0,"max_hp_loss":0,"event_name":"Scrap Ooze","floor":5,"gold_loss":0},{"damage_healed":0,"gold_gain":0,"player_choice":"Donut","damage_taken":0,"max_hp_gain":5,"max_hp_loss":0,"event_name":"Big Fish","floor":11,"gold_loss":0},{"damage_healed":0,"gold_gain":0,"player_choice":"Rummage","damage_taken":0,"relics_obtained":["WarpedTongs"],"max_hp_gain":0,"max_hp_loss":0,"event_name":"Accursed Blacksmith","floor":19,"gold_loss":0,"cards_obtained":["Pain"]},{"damage_healed":0,"gold_gain":0,"player_choice":"Obtained Book","damage_taken":21,"max_hp_gain":0,"max_hp_loss":0,"event_name":"Cursed Tome","floor":30,"gold_loss":0}],"is_beta":false,"boss_relics":[{"not_picked":["Astrolabe","Velvet Choker"],"picked":"Runic Cube"}],"items_purged_floors":[7,20,29],"is_endless":false,"potions_floor_spawned":[8,12,14,21,23,25,27],"killed_by":"Centurion and Healer","ascension_level":20}