{"gold_per_floor":[109,126,138,148,148,180,180,197,251,251,270,297,310,310],"floor_reached":14,"playtime":770,"items_purged":[],"score":258,"play_id":"0e56eb47-615b-4915-b0a4-2ff2421a33e4","local_time":"20190220075233","is_ascension_mode":true,"campfire_choices":[{"data":"Neutralize","floor":7,"key":"SMITH"}],"neow_cost":"NONE","seed_source_timestamp":512317125374418,"circlet_count":0,"master_deck":["AscendersBane","Defend_G","Defend_G","Defend_G","Defend_G","Defend_G","Strike_G","Strike_G","Strike_G","Strike_G","Strike_G","Survivor","Neutralize+1","PiercingWail","Noxious Fumes+1","Deadly Poison","Backstab","Predator+1","Poisoned Stab","Adrenaline","Adrenaline"],"relics":["Ring of the Snake","Snake Skull","Centennial Puzzle","Bottled Flame"],"potions_floor_usage":[4,6,8,12],"damage_taken":[{"damage":4,"enemies":"2 Louse","floor":1,"turns":4},{"damage":1,"enemies":"Cultist","floor":2,"turns":4},{"damage":2,"enemies":"Jaw Worm","floor":3,"turns":5},{"damage":4,"enemies":"Exordium Wildlife","floor":4,"turns":4},{"damage":16,"enemies":"3 Sentries","floor":6,"turns":7},{"damage":26,"enemies":"Exordium Thugs","floor":8,"turns":5},{"damage":0,"enemies":"2 Fungi Beasts","floor":11,"turns":4},{"damage":0,"enemies":"Gremlin Nob","floor":12,"turns":3},{"damage":2,"enemies":"Lots of Slimes","floor":13,"turns":4},{"damage":5,"enemies":"3 Sentries","floor":14,"turns":1}],"seed_played":"-2410714842569102337","potions_obtained":[{"floor":1,"key":"Explosive Potion"},{"floor":2,"key":"SpeedPotion"},{"floor":4,"key":"Energy Potion"},{"floor":6,"key":"Weak Potion"}],"is_trial":false,"path_per_floor":["M","M","M","M","?","E","R","M","T","?","M","E","M","E"],"character_chosen":"THE_SILENT","items_purchased":[],"campfire_rested":0,"item_purchase_floors":[],"current_hp_per_floor":[55,54,52,48,48,32,32,6,6,6,6,6,4,0],"gold":310,"neow_bonus":"THREE_CARDS","is_prod":false,"is_daily":false,"chose_seed":false,"campfire_upgraded":1,"win_rate":0,"timestamp":1550667153,"path_taken":["M","M","M","M","?","E","R","?","T","?","M","E","M","E"],"build_version":"2019-01-23","purchased_purges":0,"victory":false,"max_hp_per_floor":[66,66,66,66,66,66,66,66,66,66,66,66,66,66],"card_choices":[{"not_picked":["Infinite Blades","Acrobatics"],"picked":"PiercingWail","floor":0},{"not_picked":["Blade Dance","Cloak And Dagger"],"picked":"Noxious Fumes","floor":1},{"not_picked":["Escape Plan","Quick Slash"],"picked":"Deadly Poison","floor":2},{"not_picked":["Dodge and Roll","Setup"],"picked":"Backstab","floor":3},{"not_picked":["Backflip","Deadly Poison"],"picked":"Predator","floor":4},{"not_picked":["All Out Attack","Outmaneuver","Deflect"],"picked":"SKIP","floor":6},{"not_picked":["Finisher","Cloak And Dagger"],"picked":"Poisoned Stab","floor":8},{"not_picked":["Deadly Poison","Slice"],"picked":"Adrenaline","floor":11},{"not_picked":["Backflip","Sucker Punch"],"picked":"Adrenaline","floor":12},{"not_picked":["Underhanded Strike","Noxious Fumes","Accuracy"],"picked":"SKIP","floor":13}],"player_experience":858874,"relics_obtained":[{"floor":6,"key":"Snake Skull"},{"floor":9,"key":"Centennial Puzzle"},{"floor":12,"key":"Bottled Flame"}],"event_choices":[{"damage_healed":0,"gold_gain":0,"player_choice":"Upgraded","damage_taken":0,"max_hp_gain":0,"max_hp_loss":0,"event_name":"Upgrade Shrine","floor":5,"gold_loss":0,"cards_upgraded":["Noxious Fumes"]},{"damage_healed":0,"gold_gain":0,"player_choice":"Grow","damage_taken":0,"max_hp_gain":0,"max_hp_loss":0,"event_name":"Living Wall","floor":10,"gold_loss":0,"cards_upgraded":["Predator"]}],"is_beta":false,"boss_relics":[],"items_purged_floors":[],"is_endless":false,"potions_floor_spawned":[1,2,4,6],"killed_by":"3 Sentries","ascension_level":20}