{"gold_per_floor":[116,11,11,23,37,69,69,101,147,165,177,177,177,177,177,254,254,265,265,265,285,204,236,236,251,251,265,298,348,38,48,48,48],"floor_reached":33,"playtime":1544,"items_purged":["Normality"],"score":649,"play_id":"ddf9ba33-6676-404e-9d3e-287b827bfe0f","local_time":"20181023191456","is_ascension_mode":true,"campfire_choices":[{"data":"Dagger Spray","floor":7,"key":"SMITH"},{"data":"Deadly Poison","floor":13,"key":"SMITH"},{"data":"Skewer","floor":15,"key":"SMITH"},{"floor":24,"key":"REST"},{"floor":32,"key":"REST"}],"neow_cost":"CURSE","seed_source_timestamp":511531415343403,"circlet_count":0,"master_deck":["Defend_G+1","Defend_G+1","Defend_G+1","Defend_G+1","Defend_G+1","Strike_G+1","Strike_G+1","Strike_G+1","Strike_G+1","Strike_G+1","Survivor","Neutralize+1","AscendersBane","Unload","Dagger Throw","Dagger Spray+1","Deadly Poison+1","Malaise","Skewer+1","Cloak And Dagger","Cloak And Dagger","Cloak And Dagger","Corpse Explosion","Backflip","Catalyst+1","Infinite Blades","Night Terror","Noxious Fumes","Cloak And Dagger","Infinite Blades","Escape Plan"],"relics":["Ring of the Snake","Kunai","Bronze Scales","Art of War","CultistMask","Sozu","MutagenicStrength","Bottled Tornado","Ginger","Ornamental Fan","Chemical X"],"potions_floor_usage":[6,16,23,28],"damage_taken":[{"damage":0,"enemies":"Small Slimes","floor":1,"turns":3},{"damage":0,"enemies":"2 Louse","floor":4,"turns":3},{"damage":0,"enemies":"Cultist","floor":5,"turns":3},{"damage":17,"enemies":"Lagavulin","floor":6,"turns":10},{"damage":19,"enemies":"3 Sentries","floor":8,"turns":7},{"damage":8,"enemies":"Lots of Slimes","floor":10,"turns":3},{"damage":3,"enemies":"Large Slime","floor":11,"turns":6},{"damage":8,"enemies":"Hexaghost","floor":16,"turns":10},{"damage":7,"enemies":"Shell Parasite","floor":18,"turns":5},{"damage":9,"enemies":"2 Thieves","floor":21,"turns":3},{"damage":13,"enemies":"Slavers","floor":23,"turns":2},{"damage":18,"enemies":"Snecko","floor":25,"turns":5},{"damage":2,"enemies":"Centurion and Healer","floor":27,"turns":4},{"damage":18,"enemies":"Gremlin Leader","floor":28,"turns":6},{"damage":0,"enemies":"Cultist and Chosen","floor":31,"turns":4},{"damage":30,"enemies":"Collector","floor":33,"turns":6}],"seed_played":"574339946787435828","potions_obtained":[{"floor":1,"key":"GamblersBrew"},{"floor":11,"key":"EssenceOfSteel"},{"floor":14,"key":"SkillPotion"},{"floor":16,"key":"PowerPotion"}],"is_trial":false,"path_per_floor":["M","$","?","M","M","E","R","E","T","M","M","?","R","?","R","B",null,"M","?","?","M","$","E","R","M","T","M","E","?","$","M","R"],"character_chosen":"THE_SILENT","items_purchased":["Dagger Spray","Infinite Blades","Chemical X","Infinite Blades"],"campfire_rested":2,"item_purchase_floors":[2,22,30,30],"current_hp_per_floor":[59,59,59,59,59,42,42,23,23,15,12,12,12,12,12,4,51,44,44,44,35,35,22,41,23,23,21,3,3,3,3,22,0],"gold":48,"neow_bonus":"THREE_RARE_CARDS","is_prod":false,"is_daily":false,"chose_seed":false,"campfire_upgraded":3,"win_rate":0,"timestamp":1540336496,"path_taken":["M","$","?","M","M","E","R","E","T","M","M","?","R","?","R","BOSS","M","?","?","M","$","E","R","M","T","M","E","?","$","M","R","BOSS"],"build_version":"2018-10-18","purchased_purges":1,"victory":false,"max_hp_per_floor":[66,66,66,66,66,66,66,66,66,66,66,66,66,66,66,66,66,66,66,66,66,66,66,66,66,66,66,66,66,66,66,66,66],"card_choices":[{"not_picked":["Wraith Form v2","Bullet Time"],"picked":"Unload","floor":0},{"not_picked":["Sucker Punch","Tactician"],"picked":"Dagger Throw","floor":1},{"not_picked":["Catalyst","Prepared"],"picked":"Deadly Poison","floor":4},{"not_picked":["Escape Plan","Dagger Throw"],"picked":"Malaise","floor":5},{"not_picked":["Grand Finale","PiercingWail"],"picked":"Skewer","floor":6},{"not_picked":["Night Terror","Sucker Punch"],"picked":"Cloak And Dagger","floor":8},{"not_picked":["Outmaneuver","Eviscerate"],"picked":"Cloak And Dagger","floor":10},{"not_picked":["Dagger Spray","Accuracy"],"picked":"Cloak And Dagger","floor":11},{"not_picked":["Wraith Form v2","Tools of the Trade"],"picked":"Corpse Explosion","floor":16},{"not_picked":["Quick Slash","Sucker Punch"],"picked":"Backflip","floor":18},{"not_picked":["Dodge and Roll","Bouncing Flask"],"picked":"Catalyst+1","floor":21},{"not_picked":["Cloak And Dagger","Bouncing Flask"],"picked":"Night Terror","floor":23},{"not_picked":["Backflip","Dash"],"picked":"Noxious Fumes","floor":25},{"not_picked":["Quick Slash+1","Dagger Throw"],"picked":"Cloak And Dagger","floor":27},{"not_picked":["Bane","Dagger Throw","Quick Slash"],"picked":"SKIP","floor":28},{"not_picked":["Backflip","Catalyst"],"picked":"Escape Plan","floor":31}],"player_experience":603412,"relics_obtained":[{"floor":6,"key":"Kunai"},{"floor":8,"key":"Bronze Scales"},{"floor":9,"key":"Art of War"},{"floor":23,"key":"Bottled Tornado"},{"floor":26,"key":"Ginger"},{"floor":28,"key":"Ornamental Fan"}],"event_choices":[{"damage_healed":0,"gold_gain":0,"player_choice":"Grow","damage_taken":0,"max_hp_gain":0,"max_hp_loss":0,"event_name":"Living Wall","floor":3,"gold_loss":0,"cards_upgraded":["Neutralize"]},{"damage_healed":0,"gold_gain":0,"player_choice":"Trade","damage_taken":0,"relics_obtained":["CultistMask"],"max_hp_gain":0,"max_hp_loss":0,"event_name":"FaceTrader","floor":12,"gold_loss":0},{"damage_healed":0,"gold_gain":0,"player_choice":"Got Potions","damage_taken":0,"max_hp_gain":0,"max_hp_loss":0,"event_name":"The Lab","floor":14,"gold_loss":0},{"damage_healed":0,"gold_gain":0,"player_choice":"Simplicity","damage_taken":0,"max_hp_gain":0,"max_hp_loss":0,"event_name":"Back to Basics","floor":19,"gold_loss":0,"cards_upgraded":["Defend_G","Defend_G","Defend_G","Defend_G","Defend_G","Strike_G","Strike_G","Strike_G","Strike_G","Strike_G"]},{"damage_healed":0,"gold_gain":0,"player_choice":"Inject Mutagens","damage_taken":0,"relics_obtained":["MutagenicStrength"],"max_hp_gain":0,"max_hp_loss":0,"event_name":"Drug Dealer","floor":20,"gold_loss":0},{"damage_healed":0,"gold_gain":100,"player_choice":"Pray","damage_taken":0,"max_hp_gain":0,"max_hp_loss":0,"event_name":"Golden Shrine","floor":29,"gold_loss":0}],"is_beta":false,"boss_relics":[{"not_picked":["Astrolabe","Ectoplasm"],"picked":"Sozu"}],"items_purged_floors":[2],"is_endless":false,"potions_floor_spawned":[1,11,16,18,23,28,31],"killed_by":"Collector","ascension_level":19}