{"gold_per_floor":[112,112,129,141,154,154,188,188,188,223,223,101,101,111,111,209,209,222,240,260,4,4,4,36,56,56,56,82,34,34,34,34,34],"floor_reached":33,"playtime":2148,"items_purged":[],"score":369,"play_id":"67d830fc-89a9-4200-b861-9f852e0cebec","local_time":"20190223141327","is_ascension_mode":true,"campfire_choices":[{"data":"Neutralize","floor":6,"key":"SMITH"},{"floor":8,"key":"REST"},{"floor":13,"key":"REST"},{"data":"Accuracy","floor":15,"key":"SMITH"},{"floor":23,"key":"REST"},{"floor":27,"key":"REST"},{"floor":32,"key":"REST"}],"neow_cost":"NONE","seed_source_timestamp":604015782409864,"circlet_count":0,"master_deck":["Defend_G","Defend_G","Defend_G","Defend_G","Defend_G","Strike_G","Strike_G","Strike_G","Strike_G","Strike_G","Survivor","Neutralize+1","Predator","PiercingWail","Backflip","Blur","Cloak And Dagger","Accuracy+1","Blade Dance","Dodge and Roll","A Thousand Cuts","Terror+1","Backstab","Backstab+1","Necronomicurse"],"relics":["Ring of the Snake","Ornamental Fan","Peace Pipe","Incense Burner","Mercury Hourglass","Eternal Feather","Letter Opener","PreservedInsect","Sundial","Orichalcum","Necronomicon"],"potions_floor_usage":[16,19,19,25,30],"damage_taken":[{"damage":0,"enemies":"Jaw Worm","floor":1,"turns":5},{"damage":3,"enemies":"Cultist","floor":3,"turns":4},{"damage":5,"enemies":"Small Slimes","floor":4,"turns":3},{"damage":11,"enemies":"Exordium Thugs","floor":5,"turns":5},{"damage":43,"enemies":"Lagavulin","floor":7,"turns":7},{"damage":23,"enemies":"3 Sentries","floor":10,"turns":9},{"damage":0,"enemies":"Looter","floor":14,"turns":3},{"damage":12,"enemies":"Slime Boss","floor":16,"turns":8},{"damage":0,"enemies":"Chosen","floor":18,"turns":6},{"damage":15,"enemies":"2 Thieves","floor":19,"turns":4},{"damage":35,"enemies":"3 Cultists","floor":20,"turns":6},{"damage":40,"enemies":"Book of Stabbing","floor":24,"turns":5},{"damage":6,"enemies":"Cultist and Chosen","floor":25,"turns":7},{"damage":23,"enemies":"Colosseum Slavers","floor":30,"turns":3},{"damage":48,"enemies":"Champ","floor":33,"turns":12}],"seed_played":"1779897352832202017","potions_obtained":[{"floor":1,"key":"AttackPotion"},{"floor":4,"key":"SpeedPotion"},{"floor":7,"key":"GhostInAJar"},{"floor":11,"key":"AttackPotion"},{"floor":14,"key":"SkillPotion"},{"floor":18,"key":"Weak Potion"},{"floor":20,"key":"SneckoOil"}],"is_trial":false,"path_per_floor":["M","?","M","M","M","R","E","R","T","E","?","$","R","M","R","B",null,"M","M","M","$","?","R","E","M","T","R","T","$","?","?","R","B"],"character_chosen":"THE_SILENT","items_purchased":["Accuracy","Blade Dance","Letter Opener","Strength Potion"],"campfire_rested":5,"item_purchase_floors":[12,12,21,29],"current_hp_per_floor":[70,70,67,62,51,51,8,31,31,8,8,8,31,31,31,19,63,63,48,13,13,18,53,13,7,7,42,42,42,19,3,41,0],"gold":34,"neow_bonus":"TEN_PERCENT_HP_BONUS","is_prod":false,"is_daily":false,"chose_seed":false,"campfire_upgraded":2,"win_rate":0,"timestamp":1550906007,"path_taken":["M","?","M","M","?","R","E","R","T","E","?","?","R","M","R","BOSS","M","M","M","$","?","R","E","?","T","R","?","$","?","?","R","BOSS"],"build_version":"2019-01-23","purchased_purges":0,"victory":false,"max_hp_per_floor":[77,77,77,77,77,77,77,77,77,77,77,77,77,77,77,77,77,77,77,77,77,77,77,77,77,77,77,77,77,77,77,77,77],"card_choices":[{"not_picked":["Sucker Punch","Blade Dance"],"picked":"Predator","floor":1},{"not_picked":["Distraction","Poisoned Stab"],"picked":"PiercingWail","floor":3},{"not_picked":["Choke","Dodge and Roll"],"picked":"Backflip","floor":4},{"not_picked":["Expertise","Bane"],"picked":"Dagger Spray","floor":5},{"not_picked":["Endless Agony","Caltrops"],"picked":"Blur","floor":7},{"not_picked":["Storm of Steel","Backflip"],"picked":"Cloak And Dagger","floor":10},{"not_picked":["PiercingWail","Deflect"],"picked":"Dodge and Roll","floor":14},{"not_picked":["Adrenaline","Die Die Die"],"picked":"A Thousand Cuts","floor":16},{"not_picked":["PiercingWail","Blade Dance"],"picked":"Terror+1","floor":18},{"not_picked":["Bane","Backflip"],"picked":"Backstab","floor":19},{"not_picked":["Catalyst","Malaise"],"picked":"Backstab+1","floor":20},{"not_picked":["Flying Knee","Riddle With Holes","Slice"],"picked":"SKIP","floor":24},{"not_picked":["Outmaneuver","Predator","Deadly Poison"],"picked":"SKIP","floor":25}],"player_experience":374060,"relics_obtained":[{"floor":7,"key":"Peace Pipe"},{"floor":9,"key":"Incense Burner"},{"floor":10,"key":"Mercury Hourglass"},{"floor":24,"key":"PreservedInsect"},{"floor":26,"key":"Sundial"},{"floor":28,"key":"Orichalcum"},{"floor":31,"key":"Necronomicon"}],"event_choices":[{"damage_healed":0,"gold_gain":0,"player_choice":"Gave Potion","damage_taken":0,"relics_obtained":["Ornamental Fan"],"max_hp_gain":0,"max_hp_loss":0,"event_name":"WeMeetAgain","floor":2,"gold_loss":0},{"damage_healed":0,"gold_gain":0,"player_choice":"Got Potions","damage_taken":0,"max_hp_gain":0,"max_hp_loss":0,"event_name":"Lab","floor":11,"gold_loss":0},{"cards_removed":["Dagger Spray"],"damage_healed":5,"gold_gain":0,"player_choice":"Offered Common","damage_taken":0,"max_hp_gain":0,"max_hp_loss":0,"event_name":"Bonfire Elementals","floor":22,"gold_loss":0},{"cards_removed":["Dagger Spray"],"damage_healed":5,"gold_gain":0,"player_choice":"Offered Special","damage_taken":0,"max_hp_gain":0,"max_hp_loss":0,"event_name":"Bonfire Elementals","floor":22,"gold_loss":0},{"damage_healed":0,"gold_gain":0,"player_choice":"Fight","damage_taken":0,"max_hp_gain":0,"max_hp_loss":0,"event_name":"Colosseum","floor":30,"gold_loss":0},{"damage_healed":0,"gold_gain":0,"player_choice":"Fled From Nobs","damage_taken":0,"max_hp_gain":0,"max_hp_loss":0,"event_name":"Colosseum","floor":30,"gold_loss":0},{"damage_healed":0,"gold_gain":0,"player_choice":"Obtained Book","damage_taken":16,"max_hp_gain":0,"max_hp_loss":0,"event_name":"Cursed Tome","floor":31,"gold_loss":0}],"is_beta":false,"boss_relics":[{"not_picked":["White Beast Statue","Fusion Hammer"],"picked":"Eternal Feather"}],"items_purged_floors":[],"is_endless":false,"potions_floor_spawned":[1,4,7,14,18,20,30],"killed_by":"Champ","ascension_level":7}