{"gold_per_floor":[144,144,162,179,194,221,251],"floor_reached":7,"playtime":985,"items_purged":[],"score":53,"play_id":"6fa918cb-8381-49a3-9732-9d5dff86dea8","local_time":"20190117101747","is_ascension_mode":false,"campfire_choices":[],"neow_cost":"NONE","seed_source_timestamp":207503681400000,"circlet_count":0,"master_deck":["Defend_G","Defend_G","Defend_G","Defend_G","Defend_G","Strike_G","Strike_G","Strike_G","Strike_G","Survivor","Neutralize","Cloak And Dagger","Footwork","Deflect","Blur","PiercingWail"],"relics":["Ring of the Snake","Tiny Chest","Molten Egg 2"],"potions_floor_usage":[],"damage_taken":[{"damage":9,"enemies":"Jaw Worm","floor":1,"turns":7},{"damage":0,"enemies":"Cultist","floor":3,"turns":5},{"damage":0,"enemies":"2 Louse","floor":4,"turns":3},{"damage":2,"enemies":"Looter","floor":5,"turns":4},{"damage":4,"enemies":"3 Sentries","floor":6,"turns":19},{"damage":68,"enemies":"Gremlin Nob","floor":7,"turns":7}],"seed_played":"-409657537412923063","potions_obtained":[{"floor":4,"key":"GhostInAJar"}],"is_trial":false,"path_per_floor":["M","?","M","M","M","E","?"],"character_chosen":"THE_SILENT","items_purchased":[],"campfire_rested":0,"item_purchase_floors":[],"current_hp_per_floor":[61,61,61,61,59,55,0],"gold":251,"neow_bonus":"RANDOM_COMMON_RELIC","is_prod":false,"is_daily":false,"chose_seed":false,"campfire_upgraded":0,"win_rate":0,"timestamp":1547716667,"path_taken":["M","?","?","M","M","E","?"],"build_version":"2019-01-16","purchased_purges":0,"victory":false,"max_hp_per_floor":[70,70,70,70,70,70,70],"card_choices":[{"not_picked":["Terror","Prepared"],"picked":"Cloak And Dagger","floor":1},{"not_picked":["Backstab","Poisoned Stab"],"picked":"Deflect","floor":3},{"not_picked":["Prepared","Cloak And Dagger"],"picked":"Blur","floor":4},{"not_picked":["All Out Attack","Poisoned Stab"],"picked":"PiercingWail","floor":5},{"not_picked":["Bouncing Flask","Quick Slash","Glass Knife"],"picked":"SKIP","floor":6}],"player_experience":115985,"relics_obtained":[{"floor":6,"key":"Molten Egg 2"}],"event_choices":[{"damage_healed":0,"gold_gain":0,"cards_transformed":["Strike_G"],"player_choice":"Transformed","damage_taken":0,"max_hp_gain":0,"max_hp_loss":0,"event_name":"Transmorgrifier","floor":2,"gold_loss":0,"cards_obtained":["Footwork"]},{"damage_healed":0,"gold_gain":30,"player_choice":"Searched \u00273\u0027 times","damage_taken":0,"max_hp_gain":0,"max_hp_loss":0,"event_name":"Dead Adventurer","floor":7,"gold_loss":0}],"is_beta":true,"boss_relics":[],"items_purged_floors":[],"is_endless":false,"potions_floor_spawned":[4],"killed_by":"Gremlin Nob","ascension_level":0}