{"gold_per_floor":[112,112,126,137,103,103,116,116,116,133,149,149,166,178,178,282,282,292,217,200,123,123,123,141,141],"floor_reached":25,"playtime":1638,"items_purged":[],"score":197,"play_id":"fc4004c1-b161-4a4f-a6ed-e9572eb42ff8","local_time":"20180630085616","is_ascension_mode":false,"campfire_choices":[{"data":"Loop","floor":6,"key":"SMITH"},{"data":"Dualcast","floor":8,"key":"SMITH"},{"data":"Conserve Battery","floor":12,"key":"SMITH"},{"floor":15,"key":"REST"},{"data":"Buffer","floor":23,"key":"SMITH"}],"neow_cost":"","seed_source_timestamp":724285912165360,"circlet_count":0,"master_deck":["Strike_B","Strike_B","Defend_B","Defend_B","Defend_B","Defend_B","Zap","Dualcast+1","Hologram","Go for the Eyes","Coolheaded","Loop+1","Beam Cell","Conserve Battery+1","Melter","Buffer+1","Cold Snap","Fission","Compile Driver+1","Sweeping Beam","J.A.X.","Reinforced Body+1"],"special_seed":0,"relics":["Cracked Core","Ornamental Fan","Nuclear Battery"],"potions_floor_usage":[25],"damage_taken":[{"damage":1.0,"enemies":"Cultist","floor":1.0,"turns":4.0},{"damage":1,"enemies":"Jaw Worm","floor":3,"turns":3},{"damage":5,"enemies":"Small Slimes","floor":4,"turns":3},{"damage":8,"enemies":"2 Fungi Beasts","floor":7,"turns":5},{"damage":5,"enemies":"Exordium Thugs","floor":10,"turns":6},{"damage":0,"enemies":"3 Louse","floor":11,"turns":3},{"damage":6,"enemies":"Lots of Slimes","floor":13,"turns":4},{"damage":2,"enemies":"2 Fungi Beasts","floor":14,"turns":3},{"damage":54,"enemies":"Hexaghost","floor":16,"turns":15},{"damage":10,"enemies":"Spheric Guardian","floor":18,"turns":4},{"damage":13,"enemies":"2 Thieves","floor":20,"turns":4},{"damage":24,"enemies":"Snecko","floor":24,"turns":6},{"damage":39,"enemies":"3 Cultists","floor":25,"turns":8}],"seed_played":"205603623264087207","potions_obtained":[{"floor":4,"key":"Strength Potion"},{"floor":13,"key":"Swift Potion"},{"floor":14,"key":"SteroidPotion"}],"is_trial":false,"path_per_floor":["M","?","M","M","$","R","M","R","T","M","M","R","M","M","R","B",null,"M","?","M","?","?","R","M"],"character_chosen":"DEFECT","items_purchased":["Loop"],"campfire_rested":1,"item_purchase_floors":[5],"current_hp_per_floor":[81,74,73,68,68,68,60,60,60,55,55,55,49,47,71,17,82,72,72,59,59,59,59,35,0],"gold":141,"neow_bonus":"","is_prod":false,"is_daily":false,"chose_seed":false,"campfire_upgraded":4,"win_rate":0,"timestamp":1530323776,"path_taken":["M","?","M","M","$","R","M","R","T","M","M","R","M","?","R","BOSS","M","?","?","?","?","R","M","M"],"build_version":"2018-06-28","purchased_purges":0,"victory":false,"max_hp_per_floor":[82,82,82,82,82,82,82,82,82,82,82,82,82,82,82,82,82,82,82,82,82,82,82,82,82],"card_choices":[{"not_picked":["Heatsinks","Compile Driver"],"picked":"Hologram","floor":1.0},{"not_picked":["Steam","Streamline"],"picked":"Go for the Eyes","floor":3},{"not_picked":["Gash","Blizzard"],"picked":"Coolheaded","floor":4},{"not_picked":["Chaos","Undo"],"picked":"Beam Cell","floor":7},{"not_picked":["Consume","Streamline"],"picked":"Conserve Battery","floor":10},{"not_picked":["Go for the Eyes","Barrage"],"picked":"Melter","floor":11},{"not_picked":["Go for the Eyes","Compile Driver"],"picked":"Buffer","floor":13},{"not_picked":["Glacier","Steam Power"],"picked":"Cold Snap","floor":14},{"not_picked":["Seek","Machine Learning"],"picked":"Fission","floor":16},{"not_picked":["Tempest","Hologram"],"picked":"Compile Driver+1","floor":18},{"not_picked":["Tempest","Conserve Battery"],"picked":"Sweeping Beam","floor":20},{"not_picked":["Storm","Coolheaded"],"picked":"Reinforced Body+1","floor":24}],"player_experience":9536,"relics_obtained":[{"floor":9,"key":"Ornamental Fan"}],"event_choices":[{"event_name":"Golden Wing","player_choice":"Card Removal","floor":2.0,"damage_taken":0.0},{"event_name":"Beggar","player_choice":"Gave Gold","floor":19,"damage_taken":0},{"event_name":"Drug Dealer","player_choice":"Got JAXXED","floor":21,"damage_taken":0},{"event_name":"Match and Keep!","player_choice":"0 cards matched","floor":22,"damage_taken":0}],"boss_relics":[{"not_picked":["Velvet Choker","Inserter"],"picked":"Nuclear Battery"}],"items_purged_floors":[],"is_endless":false,"potions_floor_spawned":[4,13,14,20],"killed_by":"3 Cultists","ascension_level":0}