{"path_per_floor":["M","?","?","M","?","E","R","M","T","M","$","?","R","M","R"],"character_chosen":"THE_SILENT","items_purchased":["Omamori","Deflect"],"gold_per_floor":[112,112,112,133,133,172,172,190,264,280,23,58,58,83,83],"floor_reached":16,"campfire_rested":1,"playtime":660,"current_hp_per_floor":[68,65,65,63,63,24,58,57,57,57,57,57,57,57,57],"items_purged":["Strike_G"],"gold":83,"score":99,"play_id":"a33f9a16-57b7-4155-b3ac-e0f1c4f2b547","is_prod":false,"is_daily":false,"is_ascension_mode":false,"campfire_upgraded":2,"path_taken":["M","?","?","M","?","E","R","M","T","M","$","?","R","M","R","BOSS"],"build_version":"2018-02-08-PROD1","purchased_purges":1,"victory":false,"master_deck":["Defend_G","Defend_G","Defend_G","Defend_G","Defend_G","Strike_G","Strike_G","Strike_G","Strike_G","Survivor","Neutralize+1","Dagger Spray","Dagger Spray","Blade Dance","Infinite Blades+1","Sucker Punch","Deflect","Prepared","Acrobatics"],"max_hp_per_floor":[70,65,65,65,65,65,65,65,65,65,65,65,65,65,65],"relics":["Ring of the Snake","Golden Idol","Regal Pillow","Spirit Poop","Vajra","Bottled Flame","Omamori","Odd Mushroom"],"card_choices":[{"not_picked":["Bouncing Flask","Poisoned Stab"],"picked":"Dagger Spray"},{"not_picked":["Masterful Stab","Bane"],"picked":"Dagger Spray"},{"not_picked":["Skewer","Heel Hook"],"picked":"Blade Dance"},{"not_picked":["Prepared","Backstab"],"picked":"Infinite Blades"},{"not_picked":["Dagger Spray","Doppelganger"],"picked":"Sucker Punch"},{"not_picked":["Backflip","Dagger Spray"],"picked":"Prepared"},{"not_picked":["Outmaneuver","Bullet Time"],"picked":"Acrobatics"}],"player_experience":48961,"potions_floor_usage":[6,16],"damage_taken":[{"damage":2,"enemies":"Jaw Worm","floor":1,"turns":4},{"damage":2,"enemies":"Small Slimes","floor":4,"turns":3},{"damage":39,"enemies":"Lagavulin","floor":6,"turns":7},{"damage":1,"enemies":"2 Louse","floor":8,"turns":2},{"damage":0,"enemies":"2 Fungi Beasts","floor":10,"turns":2},{"damage":0,"enemies":"The Mushroom Lair","floor":12,"turns":2},{"damage":0,"enemies":"Gremlin Gang","floor":14,"turns":1},{"damage":57,"enemies":"Hexaghost","floor":16,"turns":12}],"event_choices":[{"event_name":"Golden Idol","player_choice":"Lose Max HP","floor":2,"damage_taken":0},{"event_name":"Accursed Blacksmith","player_choice":"Rummage","floor":3,"damage_taken":0},{"event_name":"Bonfire Elementals","player_choice":"CURSE","floor":5,"damage_taken":0},{"event_name":"Mushrooms","player_choice":"Fought Mushrooms","floor":12,"damage_taken":0}],"boss_relics":[],"potions_floor_spawned":[4,10,14],"seed_played":"-4455857034748482572","killed_by":"Hexaghost","ascension_level":0,"is_trial":false}