{"gold_per_floor":[115,135,147,166,184,184,210,274,325,339,339,372,372,401,401,479,479,499,511,511,149,167,167,177,208,285,302,352,53,85,85,85,156,156,168,187,187,287,287,312,312,332,332,348,348],"floor_reached":45,"playtime":2950,"items_purged":["Strike_G+1"],"score":1110,"play_id":"e6bc81b8-70f5-46b6-9d92-c969496f7e70","local_time":"20190127170051","is_ascension_mode":true,"campfire_choices":[{"data":"Quick Slash","floor":6.0,"key":"SMITH"},{"floor":11.0,"key":"REST"},{"floor":13.0,"key":"REST"},{"data":"Bane","floor":15.0,"key":"SMITH"},{"data":"Malaise","floor":23.0,"key":"SMITH"},{"floor":32,"key":"REST"},{"floor":41,"key":"REST"}],"neow_cost":"NONE","seed_source_timestamp":0,"circlet_count":0,"master_deck":["AscendersBane","Defend_G+1","Defend_G+1","Defend_G+1","Defend_G+1","Defend_G+1","Strike_G+1","Strike_G+1","Strike_G+1","Strike_G+1","Survivor","Neutralize","Leg Sweep","Bane+1","Quick Slash+1","Backflip","Bouncing Flask","Footwork+1","Cloak And Dagger","PiercingWail","Cloak And Dagger","Malaise+1","Dagger Spray+1","Noxious Fumes+1","Choke","Envenom+1","Deadly Poison+1","A Thousand Cuts+1","Eviscerate+1","Dodge and Roll","Doubt","Dodge and Roll","Dark Shackles","Bouncing Flask","Doubt","Dash+1"],"special_seed":0,"relics":["Runic Dome","PreservedInsect","Frozen Egg 2","Ancient Tea Set","Strawberry","Blue Candle","Snecko Eye","Lee\u0027s Waffle","Regal Pillow","Molten Egg 2","TwistedFunnel","Dream Catcher","Cursed Key","Du-Vu Doll","Gremlin Horn","Vajra"],"potions_floor_usage":[30,33,40],"damage_taken":[{"damage":3.0,"enemies":"2 Louse","floor":1.0,"turns":3.0},{"damage":8.0,"enemies":"Jaw Worm","floor":2.0,"turns":6.0},{"damage":0.0,"enemies":"Small Slimes","floor":3.0,"turns":5.0},{"damage":0.0,"enemies":"Red Slaver","floor":4.0,"turns":5.0},{"damage":9.0,"enemies":"3 Louse","floor":5.0,"turns":4.0},{"damage":14.0,"enemies":"Lagavulin","floor":7.0,"turns":6.0},{"damage":13.0,"enemies":"3 Sentries","floor":8.0,"turns":7.0},{"damage":0.0,"enemies":"Looter","floor":10.0,"turns":4.0},{"damage":0.0,"enemies":"Gremlin Nob","floor":12.0,"turns":3.0},{"damage":1.0,"enemies":"Lagavulin","floor":14.0,"turns":5.0},{"damage":56.0,"enemies":"Slime Boss","floor":16.0,"turns":20.0},{"damage":5.0,"enemies":"2 Thieves","floor":18.0,"turns":5.0},{"damage":23.0,"enemies":"3 Byrds","floor":19.0,"turns":8.0},{"damage":9.0,"enemies":"Snake Plant","floor":22.0,"turns":6.0},{"damage":4.0,"enemies":"Centurion and Healer","floor":24.0,"turns":7.0},{"damage":5.0,"enemies":"Book of Stabbing","floor":25.0,"turns":7.0},{"damage":7,"enemies":"Shelled Parasite and Fungi","floor":27,"turns":6},{"damage":28,"enemies":"Slavers","floor":30,"turns":3},{"damage":19,"enemies":"Champ","floor":33,"turns":13},{"damage":7,"enemies":"3 Shapes","floor":35,"turns":3},{"damage":2,"enemies":"3 Darklings","floor":36,"turns":4},{"damage":3,"enemies":"Mind Bloom Boss Battle","floor":38,"turns":8},{"damage":48,"enemies":"Nemesis","floor":40,"turns":7},{"damage":25,"enemies":"Transient","floor":42,"turns":6},{"damage":12,"enemies":"Spire Growth","floor":44,"turns":4},{"damage":11,"enemies":"Jaw Worm Horde","floor":45,"turns":2}],"seed_played":"8409405162424720207","potions_obtained":[{"floor":2.0,"key":"SteroidPotion"},{"floor":3.0,"key":"Dexterity Potion"},{"floor":16.0,"key":"Swift Potion"},{"floor":19.0,"key":"Poison Potion"},{"floor":25.0,"key":"PowerPotion"},{"floor":33,"key":"SmokeBomb"},{"floor":38,"key":"Fire Potion"},{"floor":44,"key":"SpeedPotion"}],"is_trial":false,"path_per_floor":["M","M","M","M","M","R","E","?","T","M","R","E","R","E","R","B",null,"M","M","?","$","M","R","M","E","T","M","?","$","E","?","R","B",null,"M","M","T","?","?","E","R","M","T","M","M"],"character_chosen":"THE_SILENT","items_purchased":["Lee\u0027s Waffle","Noxious Fumes+1","TwistedFunnel","Envenom+1"],"campfire_rested":4,"item_purchase_floors":[21,21,29,29],"current_hp_per_floor":[56,48,48,48,39,39,25,12,12,12,31,38,59,58,58,2,55,50,27,27,80,71,71,67,62,62,55,55,55,27,27,66,47,72,65,63,63,60,50,2,41,16,16,4,0],"gold":348,"neow_bonus":"BOSS_RELIC","is_prod":false,"is_daily":false,"chose_seed":false,"campfire_upgraded":3,"win_rate":0,"timestamp":1548626451,"path_taken":["M","M","M","M","M","R","E","?","T","M","R","E","R","E","R","BOSS","M","M","?","$","M","R","M","E","T","M","?","$","E","?","R","BOSS","M","M","?","?","?","E","R","M","T","M","?"],"build_version":"2019-01-23","purchased_purges":1,"victory":false,"max_hp_per_floor":[66,66,66,66,66,66,66,66,66,66,66,73,73,73,73,73,73,73,73,73,80,80,80,80,80,80,80,80,80,80,80,80,80,80,80,80,80,80,80,80,80,80,80,80,80],"card_choices":[{"not_picked":["Backflip","Endless Agony"],"picked":"Leg Sweep","floor":1.0},{"not_picked":["PiercingWail","Setup"],"picked":"Bane","floor":2.0},{"not_picked":["Escape Plan","Sucker Punch"],"picked":"Quick Slash","floor":3.0},{"not_picked":["Bane","Prepared","Deflect"],"picked":"SKIP","floor":4.0},{"not_picked":["Slice","PiercingWail"],"picked":"Backflip","floor":5.0},{"not_picked":["Dodge and Roll","Poisoned Stab"],"picked":"Bouncing Flask","floor":7.0},{"not_picked":["Outmaneuver","Bouncing Flask"],"picked":"Footwork","floor":8.0},{"not_picked":["Bane","Slice"],"picked":"Cloak And Dagger","floor":10.0},{"not_picked":["Bullet Time","PiercingWail","Concentrate"],"picked":"SKIP","floor":12.0},{"not_picked":["Bullet Time","Concentrate"],"picked":"PiercingWail","floor":12.0},{"not_picked":["Blur","Underhanded Strike"],"picked":"Cloak And Dagger","floor":14.0},{"not_picked":["Night Terror","Doppelganger"],"picked":"Malaise","floor":16.0},{"not_picked":["Acrobatics","Cloak And Dagger","Setup"],"picked":"SKIP","floor":18.0},{"not_picked":["Dodge and Roll","Finisher+1"],"picked":"Dagger Spray+1","floor":19.0},{"not_picked":["Dagger Throw","Sucker Punch"],"picked":"Choke","floor":22.0},{"not_picked":["Masterful Stab","Setup","Reflex"],"picked":"SKIP","floor":24.0},{"not_picked":["Dagger Spray","Dodge and Roll","Flechettes+1"],"picked":"SKIP","floor":25.0},{"not_picked":["Dagger Spray","Dodge and Roll","Flechettes+1"],"picked":"SKIP","floor":25.0},{"not_picked":["Expertise","Tactician","Eviscerate+1"],"picked":"SKIP","floor":27},{"not_picked":["Tools of the Trade+1","Quick Slash+1","Flying Knee+1"],"picked":"SKIP","floor":30},{"not_picked":["Deflect","Tactician"],"picked":"Deadly Poison+1","floor":32},{"not_picked":["Storm of Steel","Glass Knife+1"],"picked":"A Thousand Cuts+1","floor":33},{"not_picked":["Tactician+1","Blade Dance+1"],"picked":"Eviscerate+1","floor":35},{"not_picked":["Eviscerate+1","Outmaneuver"],"picked":"Dodge and Roll","floor":36},{"not_picked":["Distraction","Blade Dance"],"picked":"Dodge and Roll","floor":38},{"not_picked":["Jack Of All Trades","Chrysalis"],"picked":"Dark Shackles","floor":39},{"not_picked":["Quick Slash+1","Blade Dance","Poisoned Stab+1"],"picked":"SKIP","floor":40},{"not_picked":["Outmaneuver","Calculated Gamble+1"],"picked":"Bouncing Flask","floor":41},{"not_picked":["Outmaneuver","Backstab+1","Dagger Spray+1"],"picked":"SKIP","floor":42},{"not_picked":["Cloak And Dagger","Poisoned Stab+1"],"picked":"Dash+1","floor":44}],"player_experience":768232,"relics_obtained":[{"floor":7.0,"key":"PreservedInsect"},{"floor":8.0,"key":"Frozen Egg 2"},{"floor":9.0,"key":"Ancient Tea Set"},{"floor":12.0,"key":"Strawberry"},{"floor":14.0,"key":"Blue Candle"},{"floor":25.0,"key":"Regal Pillow"},{"floor":26,"key":"Molten Egg 2"},{"floor":30,"key":"Dream Catcher"},{"floor":38,"key":"Du-Vu Doll"},{"floor":40,"key":"Gremlin Horn"},{"floor":43,"key":"Vajra"}],"event_choices":[{"damage_healed":0.0,"max_hp_gain":0.0,"max_hp_loss":0.0,"gold_gain":0.0,"event_name":"Dead Adventurer","player_choice":"Searched \u00271\u0027 times","floor":8.0,"gold_loss":0.0,"damage_taken":0.0},{"damage_healed":0.0,"max_hp_gain":0.0,"max_hp_loss":0.0,"gold_gain":0.0,"event_name":"Back to Basics","player_choice":"Simplicity","floor":20.0,"gold_loss":0.0,"damage_taken":0.0,"cards_upgraded":["Defend_G","Defend_G","Defend_G","Defend_G","Defend_G","Strike_G","Strike_G","Strike_G","Strike_G","Strike_G"]},{"damage_healed":0,"gold_gain":50,"player_choice":"Stole From Cult","damage_taken":0,"max_hp_gain":0,"max_hp_loss":0,"event_name":"Nest","floor":28,"gold_loss":0},{"damage_healed":0,"gold_gain":0,"player_choice":"0 cards matched","damage_taken":0,"max_hp_gain":0,"max_hp_loss":0,"event_name":"Match and Keep!","floor":31,"gold_loss":0,"cards_obtained":[]},{"damage_healed":0,"gold_gain":0,"player_choice":"Fight","damage_taken":0,"max_hp_gain":0,"max_hp_loss":0,"event_name":"MindBloom","floor":38,"gold_loss":0},{"damage_healed":0,"gold_gain":0,"player_choice":"Memory 3","damage_taken":10,"max_hp_gain":0,"max_hp_loss":0,"event_name":"SensoryStone","floor":39,"gold_loss":0}],"is_beta":false,"boss_relics":[{"not_picked":["Calling Bell","Sozu"],"picked":"Snecko Eye"},{"not_picked":["Lizard Tail","Fusion Hammer"],"picked":"Cursed Key"}],"items_purged_floors":[21],"is_endless":false,"potions_floor_spawned":[2,3,4,16,19,25,33,38,44],"killed_by":"Jaw Worm Horde","ascension_level":20}