{"gold_per_floor":[115,131,143,143,157,187,187,198,198,198,232,232,232,247,247,346,346,364,209,223,223],"floor_reached":21,"playtime":1268,"items_purged":[],"score":220,"play_id":"aff7fad2-7599-4423-a7c2-11c2ad5a5d32","local_time":"20181205234230","is_ascension_mode":true,"campfire_choices":[{"floor":7,"key":"RECALL"},{"floor":10,"key":"REST"},{"floor":13,"key":"REST"},{"floor":15,"key":"REST"}],"neow_cost":"NONE","seed_source_timestamp":628141979173767,"circlet_count":0,"master_deck":["Strike_R","Strike_R","Strike_R","Strike_R","Strike_R","Defend_R","Defend_R","Defend_R","Defend_R","Bash+1","Juggernaut","Body Slam","Shockwave","Evolve","Shrug It Off","Clothesline","Barricade","Offering","Entrench+1"],"relics":["Burning Blood","Bag of Marbles","Magic Flower","Ice Cream","Velvet Choker"],"potions_floor_usage":[11,16,16,16],"damage_taken":[{"damage":13,"enemies":"Jaw Worm","floor":1,"turns":4},{"damage":15,"enemies":"Small Slimes","floor":2,"turns":4},{"damage":5,"enemies":"2 Louse","floor":3,"turns":4},{"damage":4,"enemies":"Large Slime","floor":5,"turns":6},{"damage":45,"enemies":"3 Sentries","floor":6,"turns":11},{"damage":21,"enemies":"Exordium Wildlife","floor":8,"turns":7},{"damage":36,"enemies":"Gremlin Nob","floor":11,"turns":5},{"damage":24,"enemies":"2 Fungi Beasts","floor":14,"turns":5},{"damage":21,"enemies":"Slime Boss","floor":16,"turns":8},{"damage":28,"enemies":"Shell Parasite","floor":18,"turns":7},{"damage":19,"enemies":"3 Byrds","floor":20,"turns":7},{"damage":58,"enemies":"Masked Bandits","floor":21,"turns":5}],"seed_played":"-3290048232533172026","potions_obtained":[{"floor":2,"key":"PowerPotion"},{"floor":6,"key":"GamblersBrew"},{"floor":11,"key":"PowerPotion"},{"floor":14,"key":"AttackPotion"},{"floor":16,"key":"Swift Potion"},{"floor":18,"key":"Strength Potion"}],"is_trial":false,"path_per_floor":["M","M","M","?","M","E","R","M","T","R","E","?","R","M","R","B",null,"M","$","M","?"],"character_chosen":"IRONCLAD","items_purchased":["Offering"],"campfire_rested":3,"item_purchase_floors":[19],"current_hp_per_floor":[73,64,65,65,67,28,28,13,13,37,10,10,34,19,43,31,80,61,61,51,0],"gold":223,"neow_bonus":"ONE_RANDOM_RARE_CARD","is_prod":false,"is_daily":false,"chose_seed":false,"campfire_upgraded":0,"win_rate":0,"timestamp":1544028150,"path_taken":["M","M","M","?","M","E","R","M","T","R","E","?","R","M","R","BOSS","M","$","M","?"],"build_version":"2018-11-15","purchased_purges":0,"victory":false,"max_hp_per_floor":[80,80,80,80,80,80,80,80,80,80,80,80,80,80,80,80,80,80,80,80,80],"card_choices":[{"not_picked":["Dual Wield","Thunderclap"],"picked":"Body Slam","floor":1},{"not_picked":["Cleave","Anger"],"picked":"Shockwave","floor":2},{"not_picked":["Dual Wield","Second Wind","Bloodletting"],"picked":"SKIP","floor":3},{"not_picked":["Infernal Blade","Warcry"],"picked":"Evolve","floor":5},{"not_picked":["Evolve","Seeing Red"],"picked":"Shrug It Off","floor":6},{"not_picked":["Blood for Blood","Fire Breathing"],"picked":"Clothesline","floor":8},{"not_picked":["Clothesline","Flex","Perfected Strike"],"picked":"SKIP","floor":11},{"not_picked":["Wild Strike","Bloodletting","Headbutt"],"picked":"SKIP","floor":14},{"not_picked":["Bludgeon","Immolate"],"picked":"Barricade","floor":16},{"not_picked":["Hemokinesis+1","Rupture+1","Havoc"],"picked":"SKIP","floor":18},{"not_picked":["Perfected Strike","Wild Strike"],"picked":"Entrench+1","floor":20}],"player_experience":182984,"relics_obtained":[{"floor":6,"key":"Bag of Marbles"},{"floor":9,"key":"Magic Flower"},{"floor":11,"key":"Ice Cream"}],"event_choices":[{"damage_healed":0,"gold_gain":0,"player_choice":"Grow","damage_taken":0,"max_hp_gain":0,"max_hp_loss":0,"event_name":"Living Wall","floor":4,"gold_loss":0,"cards_upgraded":["Bash"]},{"damage_healed":0,"gold_gain":0,"player_choice":"Ignored","damage_taken":0,"max_hp_gain":0,"max_hp_loss":0,"event_name":"Shining Light","floor":12,"gold_loss":0},{"damage_healed":0,"gold_gain":0,"player_choice":"Fought Bandits","damage_taken":0,"max_hp_gain":0,"max_hp_loss":0,"event_name":"Masked Bandits","floor":21,"gold_loss":0}],"is_beta":false,"boss_relics":[{"not_picked":["Snecko Eye","Astrolabe"],"picked":"Velvet Choker"}],"items_purged_floors":[],"is_endless":false,"potions_floor_spawned":[2,6,11,14,16,18],"killed_by":"Masked Bandits","ascension_level":3}