{"gold_per_floor":[118,135,135,152,167,167,197,197,197,210,210,236,251,269,269,343,343,361,376,386,30,42,71,71,71],"floor_reached":25,"playtime":1205,"items_purged":["Strike_B"],"score":485,"play_id":"2d05794c-debb-48ac-87bb-2825375c8c99","local_time":"20180930125841","is_ascension_mode":true,"campfire_choices":[{"data":"Zap","floor":6,"key":"SMITH"},{"data":"Hologram","floor":8,"key":"SMITH"},{"data":"Barrage","floor":15,"key":"SMITH"},{"floor":24,"key":"REST"}],"neow_cost":"TEN_PERCENT_HP_LOSS","seed_source_timestamp":585538157461145,"circlet_count":0,"master_deck":["Strike_B","Defend_B","Defend_B","Defend_B","Defend_B","Zap+1","Dualcast","AscendersBane","Ball Lightning","Chill","Hologram+1","Melter","Conserve Battery+1","Barrage+1","Electrodynamics","Multi-Cast","Sweeping Beam","Static Discharge+1","Tempest","Conserve Battery","Machine Learning"],"relics":["Cracked Core","Pocketwatch","NlothsMask","Vajra","Pear","Empty Cage","Matryoshka","Sundial"],"potions_floor_usage":[16,22,25],"damage_taken":[{"damage":2,"enemies":"Jaw Worm","floor":1,"turns":4},{"damage":0,"enemies":"Cultist","floor":2,"turns":3},{"damage":0,"enemies":"2 Louse","floor":4,"turns":1},{"damage":1,"enemies":"Lots of Slimes","floor":5,"turns":4},{"damage":5,"enemies":"3 Sentries","floor":7,"turns":6},{"damage":0,"enemies":"Large Slime","floor":10,"turns":3},{"damage":0,"enemies":"Lagavulin","floor":12,"turns":7},{"damage":2,"enemies":"Exordium Thugs","floor":13,"turns":4},{"damage":12,"enemies":"3 Louse","floor":14,"turns":3},{"damage":41,"enemies":"Hexaghost","floor":16,"turns":8},{"damage":34,"enemies":"Shell Parasite","floor":18,"turns":4},{"damage":0,"enemies":"Spheric Guardian","floor":19,"turns":3},{"damage":5,"enemies":"Chosen and Byrds","floor":20,"turns":2},{"damage":13,"enemies":"Centurion and Healer","floor":22,"turns":11},{"damage":17,"enemies":"Slavers","floor":23,"turns":2},{"damage":35,"enemies":"Book of Stabbing","floor":25,"turns":3}],"seed_played":"4709005012607402392","potions_obtained":[{"floor":1,"key":"FearPotion"},{"floor":5,"key":"Explosive Potion"},{"floor":10,"key":"SkillPotion"},{"floor":16,"key":"SteroidPotion"},{"floor":18,"key":"Regen Potion"}],"is_trial":false,"path_per_floor":["M","M","?","M","M","R","E","R","T","M","?","E","M","M","R","B",null,"M","M","M","$","M","E","R"],"character_chosen":"DEFECT","items_purchased":["Matryoshka"],"campfire_rested":1,"item_purchase_floors":[21],"current_hp_per_floor":[62,62,62,62,61,61,56,56,56,56,56,66,64,52,52,11,58,24,24,19,19,21,4,26,0],"gold":71,"neow_bonus":"ONE_RARE_RELIC","is_prod":false,"is_daily":false,"chose_seed":false,"campfire_upgraded":3,"win_rate":0,"timestamp":1538326721,"path_taken":["M","M","?","M","M","R","E","R","T","?","?","E","?","M","R","BOSS","M","M","M","$","M","E","R","E"],"build_version":"2018-09-27","purchased_purges":1,"victory":false,"max_hp_per_floor":[64,64,64,64,64,64,64,64,64,64,64,74,74,74,74,74,74,74,74,74,74,74,74,74,74],"card_choices":[{"not_picked":["Go for the Eyes","Steam"],"picked":"Ball Lightning","floor":1},{"not_picked":["Redo","Stack"],"picked":"Chill","floor":2},{"not_picked":["Double Energy","Stack"],"picked":"Hologram","floor":4},{"not_picked":["Aggregate","Coolheaded","Meteor Strike"],"picked":"SKIP","floor":5},{"not_picked":["Beam Cell","Barrage"],"picked":"Melter","floor":7},{"not_picked":["Hologram","Reprogram"],"picked":"Conserve Battery","floor":10},{"not_picked":["FTL","Melter","Turbo"],"picked":"SKIP","floor":12},{"not_picked":["Conserve Battery","Redo"],"picked":"Barrage","floor":13},{"not_picked":["Leap","Stack"],"picked":"Electrodynamics","floor":14},{"not_picked":["Fission","Electrodynamics"],"picked":"Multi-Cast","floor":16},{"not_picked":["Rip and Tear","Barrage"],"picked":"Sweeping Beam","floor":18},{"not_picked":["Rebound","Gash"],"picked":"Static Discharge+1","floor":19},{"not_picked":["Sweeping Beam","Steam"],"picked":"Tempest","floor":20},{"not_picked":["Aggregate","Streamline"],"picked":"Conserve Battery","floor":22},{"not_picked":["Machine Learning","Turbo","Streamline"],"picked":"SKIP","floor":23},{"not_picked":["Turbo","Streamline"],"picked":"Machine Learning","floor":23}],"player_experience":526254,"relics_obtained":[{"floor":7,"key":"Vajra"},{"floor":12,"key":"Pear"},{"floor":23,"key":"Sundial"}],"event_choices":[{"event_name":"FaceTrader","player_choice":"Trade","floor":3,"damage_taken":0},{"event_name":"Upgrade Shrine","player_choice":"Upgraded","floor":11,"damage_taken":0}],"is_beta":false,"boss_relics":[{"not_picked":["Philosopher\u0027s Stone","White Beast Statue"],"picked":"Empty Cage"}],"items_purged_floors":[21],"is_endless":false,"potions_floor_spawned":[1,5,10,14,16,18,20],"killed_by":"Book of Stabbing","ascension_level":17}