{"gold_per_floor":[111,61,75,75,75,75,100,100,100,126,144,144,155,155,155,258,258,268,268,268,285,302,634,634,549,603,235,245,245,278,14,14,116,116,126,145,164,183,28,56,56,74,99,99,99,113,125,7,7,7,7,7,7,37,37],"floor_reached":56,"playtime":2890,"items_purged":["Strike_G","Strike_G"],"score":1255,"play_id":"f1755412-a9d7-4c75-9d03-115a0bff7dc9","local_time":"20181203105237","is_ascension_mode":false,"campfire_choices":[{"data":"Noxious Fumes","floor":6,"key":"SMITH"},{"data":"Neutralize","floor":8,"key":"SMITH"},{"data":"Noxious Fumes","floor":12,"key":"SMITH"},{"floor":15,"key":"REST"},{"data":"Catalyst","floor":24,"key":"SMITH"},{"floor":29,"key":"REST"},{"data":"Footwork","floor":32,"key":"SMITH"},{"data":"Purity","floor":41,"key":"SMITH"},{"data":"Night Terror","floor":44,"key":"SMITH"},{"floor":49,"key":"RECALL"},{"data":"Dodge and Roll","floor":52,"key":"SMITH"}],"neow_cost":"NONE","seed_source_timestamp":771488571141438,"circlet_count":0,"master_deck":["Defend_G","Defend_G","Defend_G","Defend_G","Defend_G+1","Strike_G","Strike_G+1","Survivor","Neutralize+1","Noxious Fumes+1","Noxious Fumes+1","Deflect","Flechettes","Backflip","Backflip","Night Terror+1","PiercingWail","Catalyst+1","Purity+1","Dodge and Roll+1","Corpse Explosion","Blur+1","Footwork+1","Dodge and Roll+1","After Image","Deflect+1","Escape Plan"],"relics":["Ring of the Snake","Meat on the Bone","Centennial Puzzle","The Courier","Runic Pyramid","Old Coin","Dream Catcher","Calipers","Darkstone Periapt","OrangePellets","Busted Crown","TheAbacus","StoneCalendar","Ancient Tea Set","Pantograph"],"potions_floor_usage":[30,55,55,55],"damage_taken":[{"damage":2,"enemies":"Small Slimes","floor":1,"turns":5},{"damage":0,"enemies":"2 Louse","floor":3,"turns":4},{"damage":10,"enemies":"Lagavulin","floor":7,"turns":7},{"damage":17,"enemies":"3 Sentries","floor":10,"turns":7},{"damage":0,"enemies":"Jaw Worm","floor":11,"turns":4},{"damage":0,"enemies":"Large Slime","floor":13,"turns":4},{"damage":27,"enemies":"Slime Boss","floor":16,"turns":10},{"damage":0,"enemies":"Shell Parasite","floor":18,"turns":6},{"damage":0,"enemies":"Chosen","floor":21,"turns":5},{"damage":8,"enemies":"Snecko","floor":22,"turns":7},{"damage":7,"enemies":"Gremlin Leader","floor":23,"turns":7},{"damage":16,"enemies":"3 Cultists","floor":28,"turns":6},{"damage":24,"enemies":"Book of Stabbing","floor":30,"turns":6},{"damage":26,"enemies":"Collector","floor":33,"turns":11},{"damage":0,"enemies":"3 Shapes","floor":35,"turns":4},{"damage":0,"enemies":"3 Darklings","floor":36,"turns":5},{"damage":0,"enemies":"Spire Growth","floor":37,"turns":4},{"damage":0,"enemies":"4 Shapes","floor":38,"turns":6},{"damage":0,"enemies":"Giant Head","floor":40,"turns":9},{"damage":0,"enemies":"3 Darklings","floor":42,"turns":5},{"damage":0,"enemies":"Maw","floor":46,"turns":8},{"damage":5,"enemies":"Spire Growth","floor":47,"turns":6},{"damage":19,"enemies":"Donu and Deca","floor":50,"turns":12},{"damage":47,"enemies":"Shield and Spear","floor":54,"turns":6},{"damage":1,"enemies":"The Heart","floor":55,"turns":14}],"seed_played":"8212121189817161955","potions_obtained":[{"floor":1,"key":"AttackPotion"},{"floor":11,"key":"Fire Potion"},{"floor":21,"key":"GamblersBrew"},{"floor":30,"key":"Poison Potion"},{"floor":45,"key":"GhostInAJar"},{"floor":54,"key":"PowerPotion"}],"is_trial":false,"path_per_floor":["M","?","M","?","?","R","E","R","T","E","M","R","M","?","R","B",null,"M","?","?","M","M","E","R","?","T","$","M","R","E","$","R","B",null,"M","M","M","M","$","E","R","M","T","R","?","M","M","$","R","B",null,"R","$","E","B",null],"character_chosen":"THE_SILENT","items_purchased":["Calipers","Purity","OrangePellets","Footwork","Dodge and Roll","TheAbacus","SpeedPotion"],"campfire_rested":2,"item_purchase_floors":[27,27,31,31,31,39,48],"current_hp_per_floor":[68,68,68,68,54,54,44,44,44,39,39,39,39,27,48,33,70,70,57,57,57,49,42,42,42,42,42,38,60,48,48,48,34,75,75,75,75,75,75,75,75,75,75,75,75,75,70,70,70,51,75,75,75,40,64],"gold":37,"neow_bonus":"THREE_CARDS","is_prod":false,"is_daily":false,"chose_seed":false,"campfire_upgraded":8,"win_rate":0,"timestamp":1543852357,"path_taken":["M","?","M","?","?","R","E","R","T","E","M","R","M","?","R","BOSS","M","?","?","M","M","E","R","?","T","$","?","R","E","$","R","BOSS","M","?","M","M","$","E","R","M","T","R","?","M","?","?","R","BOSS","R","$","E","BOSS"],"build_version":"2018-11-15","purchased_purges":2,"victory":true,"max_hp_per_floor":[70,70,70,70,70,70,70,70,70,70,70,70,70,70,70,70,70,70,75,75,75,75,75,75,75,75,75,75,75,75,75,75,75,75,75,75,75,75,75,75,75,75,75,75,75,75,75,75,75,75,75,75,75,75,75],"card_choices":[{"not_picked":["Poisoned Stab","Dash"],"picked":"Noxious Fumes","floor":0},{"not_picked":["Expertise","Dagger Throw","Bane"],"picked":"SKIP","floor":1},{"not_picked":["Blade Dance","Tactician"],"picked":"Noxious Fumes","floor":3},{"not_picked":["Prepared","Finisher"],"picked":"Deflect","floor":7},{"not_picked":["Terror","Endless Agony"],"picked":"Flechettes","floor":10},{"not_picked":["Prepared","Sucker Punch"],"picked":"Backflip","floor":11},{"not_picked":["Underhanded Strike","Bane"],"picked":"Backflip","floor":13},{"not_picked":["Tools of the Trade","Phantasmal Killer"],"picked":"Night Terror","floor":16},{"not_picked":["Underhanded Strike","Dash","Infinite Blades"],"picked":"SKIP","floor":18},{"not_picked":["Deflect","Finisher"],"picked":"PiercingWail","floor":21},{"not_picked":["Acrobatics","Slice+1"],"picked":"Catalyst","floor":22},{"not_picked":["Bane","Sucker Punch","Slice"],"picked":"SKIP","floor":23},{"not_picked":["Sucker Punch","Heel Hook"],"picked":"Dodge and Roll+1","floor":28},{"not_picked":["Prepared","PiercingWail"],"picked":"Corpse Explosion","floor":29},{"not_picked":["Poisoned Stab","Prepared"],"picked":"Blur+1","floor":30},{"not_picked":["Adrenaline","Night Terror"],"picked":"After Image","floor":33},{"not_picked":["Infinite Blades+1"],"picked":"SKIP","floor":35},{"not_picked":["Acrobatics"],"picked":"SKIP","floor":36},{"not_picked":["All Out Attack"],"picked":"SKIP","floor":37},{"not_picked":["Masterful Stab"],"picked":"SKIP","floor":38},{"not_picked":[],"picked":"Deflect+1","floor":40},{"not_picked":["Tactician"],"picked":"SKIP","floor":42},{"not_picked":["Quick Slash+1"],"picked":"SKIP","floor":46},{"not_picked":["Dagger Throw"],"picked":"SKIP","floor":47},{"not_picked":[],"picked":"Escape Plan","floor":54}],"player_experience":660613,"relics_obtained":[{"floor":9,"key":"Meat on the Bone"},{"floor":10,"key":"Centennial Puzzle"},{"floor":23,"key":"Old Coin"},{"floor":30,"key":"Darkstone Periapt"},{"floor":40,"key":"StoneCalendar"},{"floor":43,"key":"Ancient Tea Set"},{"floor":54,"key":"Pantograph"}],"event_choices":[{"cards_removed":["Strike_G"],"damage_healed":0,"gold_gain":0,"player_choice":"Card Removal","damage_taken":0,"max_hp_gain":0,"max_hp_loss":0,"event_name":"The Cleric","floor":2,"gold_loss":50},{"damage_healed":0,"gold_gain":0,"player_choice":"Ignored","damage_taken":0,"max_hp_gain":0,"max_hp_loss":0,"event_name":"Liars Game","floor":4,"gold_loss":0},{"damage_healed":0,"gold_gain":0,"player_choice":"Entered Light","damage_taken":14,"max_hp_gain":0,"max_hp_loss":0,"event_name":"Shining Light","floor":5,"gold_loss":0,"cards_upgraded":["Strike_G","Defend_G"]},{"damage_healed":0,"gold_gain":0,"player_choice":"Success","damage_taken":12,"relics_obtained":["The Courier"],"max_hp_gain":0,"max_hp_loss":0,"event_name":"Scrap Ooze","floor":14,"gold_loss":0},{"damage_healed":0,"gold_gain":0,"player_choice":"Shed Blood","damage_taken":18,"max_hp_gain":5,"max_hp_loss":0,"event_name":"Forgotten Altar","floor":19,"gold_loss":0},{"damage_healed":0,"gold_gain":0,"player_choice":"Ignored","damage_taken":0,"max_hp_gain":0,"max_hp_loss":0,"event_name":"Ghosts","floor":20,"gold_loss":0},{"damage_healed":0,"gold_gain":0,"player_choice":"Obtained Relic","damage_taken":0,"relics_obtained":["Dream Catcher"],"max_hp_gain":0,"max_hp_loss":0,"event_name":"Addict","floor":25,"gold_loss":85},{"damage_healed":0,"gold_gain":0,"player_choice":"Got Potions","damage_taken":0,"max_hp_gain":0,"max_hp_loss":0,"event_name":"Lab","floor":45,"gold_loss":0}],"is_beta":false,"boss_relics":[{"not_picked":["Snecko Eye","WristBlade"],"picked":"Runic Pyramid"},{"not_picked":["HoveringKite","Runic Dome"],"picked":"Busted Crown"}],"items_purged_floors":[27,48],"is_endless":false,"potions_floor_spawned":[1,11,21,30,33,37,42,46,54],"ascension_level":0}