{"gold_per_floor":[116,116,139,139,214,257,58,99,99,20,20,20,58,58,58,148,148,171,171,12,12,62,62,62,9,9,9,47,65,0,18,18,114,114,135,35,55,123,148,148,171,171,171,171,0,0],"floor_reached":46,"playtime":2159,"items_purged":["Strike_G","Writhe"],"score":971,"play_id":"47ba466e-6120-405c-a59f-e31c2e77bf35","local_time":"20181202200605","is_ascension_mode":true,"campfire_choices":[{"data":"Glass Knife","floor":11,"key":"SMITH"},{"data":"Footwork","floor":15,"key":"SMITH"},{"data":"Crippling Poison","floor":24,"key":"SMITH"},{"data":"Noxious Fumes","floor":27,"key":"SMITH"},{"floor":32,"key":"REST"},{"floor":40,"key":"REST"},{"floor":44,"key":"REST"}],"neow_cost":"NONE","seed_source_timestamp":719526865811527,"circlet_count":0,"master_deck":["AscendersBane","Defend_G","Defend_G","Defend_G","Defend_G","Defend_G","Strike_G","Strike_G","Strike_G","Survivor","Neutralize","Crippling Poison+1","Well Laid Plans","Footwork+1","Glass Knife+1","Tools of the Trade","Wraith Form v2","Choke+1","Noxious Fumes+1","Catalyst+1","Leg Sweep+1","Backflip+1","Cloak And Dagger+1","Wraith Form v2","Deadly Poison+1","Deadly Poison+1","Backflip+1","Crippling Poison+1"],"relics":["Ring of the Snake","NeowsBlessing","Golden Idol","Torii","Bottled Flame","Toxic Egg 2","Pear","Blue Candle","Ornamental Fan","Cursed Key","Du-Vu Doll","Philosopher\u0027s Stone","Dead Branch","Snake Skull"],"potions_floor_usage":[8,10,13,16,16,28,33,35,38,39],"damage_taken":[{"damage":0,"enemies":"2 Louse","floor":1,"turns":1},{"damage":0,"enemies":"Jaw Worm","floor":3,"turns":1},{"damage":0,"enemies":"Lagavulin","floor":6,"turns":1},{"damage":10,"enemies":"3 Sentries","floor":8,"turns":14},{"damage":8,"enemies":"Gremlin Nob","floor":13,"turns":4},{"damage":7,"enemies":"Slime Boss","floor":16,"turns":8},{"damage":9,"enemies":"3 Byrds","floor":18,"turns":6},{"damage":32,"enemies":"Book of Stabbing","floor":28,"turns":6},{"damage":17,"enemies":"Shell Parasite","floor":29,"turns":5},{"damage":1,"enemies":"Chosen and Byrds","floor":31,"turns":5},{"damage":22,"enemies":"Champ","floor":33,"turns":16},{"damage":1,"enemies":"3 Shapes","floor":35,"turns":3},{"damage":16,"enemies":"Orb Walker","floor":37,"turns":3},{"damage":18,"enemies":"2 Orb Walkers","floor":38,"turns":5},{"damage":28,"enemies":"Spire Growth","floor":39,"turns":6},{"damage":16,"enemies":"3 Darklings","floor":41,"turns":3},{"damage":44,"enemies":"Reptomancer","floor":46,"turns":3}],"seed_played":"-3107076303472603081","potions_obtained":[{"floor":8,"key":"Fruit Juice"},{"floor":13,"key":"GamblersBrew"},{"floor":29,"key":"Poison Potion"},{"floor":31,"key":"Explosive Potion"},{"floor":37,"key":"AttackPotion"},{"floor":38,"key":"Regen Potion"}],"is_trial":false,"path_per_floor":["M","?","M","?","?","E","$","E","T","$","R","?","E","T","R","B",null,"M","?","$","?","?","?","R","$","T","R","E","M","?","M","R","B",null,"M","$","M","?","M","R","M","?","T","R","$","E"],"character_chosen":"THE_SILENT","items_purchased":["Strength Potion","Footwork","Explosive Potion","GhostInAJar","Noxious Fumes","Poison Potion","Snake Skull"],"campfire_rested":3,"item_purchase_floors":[7,7,7,10,20,25,45],"current_hp_per_floor":[59,59,59,52,41,41,41,31,31,36,36,35,27,27,27,20,61,52,52,52,52,52,52,52,52,52,52,20,3,3,2,24,2,57,56,56,40,22,9,31,15,15,15,37,37,0],"gold":0,"neow_bonus":"THREE_ENEMY_KILL","is_prod":false,"is_daily":false,"chose_seed":false,"campfire_upgraded":4,"win_rate":0,"timestamp":1543799165,"path_taken":["M","?","M","?","?","E","$","E","T","$","R","?","E","?","R","BOSS","M","?","$","?","?","?","R","?","T","R","E","?","?","M","R","BOSS","M","$","M","?","M","R","M","?","T","R","?","E"],"build_version":"2018-11-15","purchased_purges":2,"victory":false,"max_hp_per_floor":[66,60,60,60,60,60,60,60,60,65,65,75,75,75,75,75,75,75,75,75,75,75,75,75,75,75,75,75,75,75,75,75,75,75,75,75,75,75,75,75,75,75,75,75,75,75],"card_choices":[{"not_picked":["Prepared","Quick Slash"],"picked":"Crippling Poison","floor":1},{"not_picked":["Dodge and Roll","Dagger Throw"],"picked":"Well Laid Plans","floor":3},{"not_picked":["Blade Dance","PiercingWail"],"picked":"Quick Slash","floor":6},{"not_picked":["Slice","Endless Agony"],"picked":"Glass Knife","floor":8},{"not_picked":["Blade Dance+1","Quick Slash"],"picked":"Tools of the Trade","floor":13},{"not_picked":["Bullet Time+1","Tools of the Trade"],"picked":"Wraith Form v2","floor":16},{"not_picked":["Distraction+1","Slice"],"picked":"Choke+1","floor":18},{"not_picked":["Backflip+1","Skewer"],"picked":"Leg Sweep+1","floor":28},{"not_picked":["Acrobatics+1","Outmaneuver+1"],"picked":"Backflip+1","floor":29},{"not_picked":["Bane","All Out Attack"],"picked":"Cloak And Dagger+1","floor":31},{"not_picked":["Venomology+1","Storm of Steel+1"],"picked":"Wraith Form v2","floor":33},{"not_picked":["Flechettes","Quick Slash"],"picked":"Deadly Poison+1","floor":35},{"not_picked":["Cloak And Dagger+1","Endless Agony","Quick Slash+1"],"picked":"SKIP","floor":37},{"not_picked":["Choke","Bullet Time+1"],"picked":"Deadly Poison+1","floor":38},{"not_picked":["Sucker Punch","Tactician+1"],"picked":"Backflip+1","floor":39},{"not_picked":["Slice","Prepared+1"],"picked":"Crippling Poison+1","floor":41}],"player_experience":653620,"relics_obtained":[{"floor":6,"key":"Torii"},{"floor":8,"key":"Bottled Flame"},{"floor":9,"key":"Toxic Egg 2"},{"floor":13,"key":"Blue Candle"},{"floor":14,"key":"Ornamental Fan"},{"floor":28,"key":"Du-Vu Doll"},{"floor":38,"key":"Dead Branch"}],"event_choices":[{"damage_healed":0,"gold_gain":0,"player_choice":"Lose Max HP","damage_taken":0,"relics_obtained":["Golden Idol"],"max_hp_gain":0,"max_hp_loss":6,"event_name":"Golden Idol","floor":2,"gold_loss":0},{"cards_removed":["Strike_G"],"damage_healed":0,"gold_gain":0,"player_choice":"Card Removal","damage_taken":7,"max_hp_gain":0,"max_hp_loss":0,"event_name":"Golden Wing","floor":4,"gold_loss":0},{"damage_healed":0,"gold_gain":75,"player_choice":"Gather Gold","damage_taken":11,"max_hp_gain":0,"max_hp_loss":0,"event_name":"World of Goop","floor":5,"gold_loss":0},{"damage_healed":0,"gold_gain":0,"player_choice":"Success","damage_taken":11,"relics_obtained":["Pear"],"max_hp_gain":0,"max_hp_loss":0,"event_name":"Scrap Ooze","floor":12,"gold_loss":0},{"damage_healed":0,"gold_gain":0,"player_choice":"Ignored","damage_taken":0,"max_hp_gain":0,"max_hp_loss":0,"event_name":"Ghosts","floor":19,"gold_loss":0},{"damage_healed":0,"gold_gain":0,"player_choice":"Read","damage_taken":0,"max_hp_gain":0,"max_hp_loss":0,"event_name":"The Library","floor":21,"gold_loss":0,"cards_obtained":["Catalyst"]},{"damage_healed":0,"gold_gain":50,"player_choice":"Stole From Cult","damage_taken":0,"max_hp_gain":0,"max_hp_loss":0,"event_name":"Nest","floor":22,"gold_loss":0},{"damage_healed":0,"gold_gain":0,"player_choice":"Ignored","damage_taken":0,"max_hp_gain":0,"max_hp_loss":0,"event_name":"Beggar","floor":23,"gold_loss":0},{"damage_healed":0,"gold_gain":0,"player_choice":"Paid Fearfully","damage_taken":0,"max_hp_gain":0,"max_hp_loss":0,"event_name":"Masked Bandits","floor":30,"gold_loss":65},{"damage_healed":0,"gold_gain":0,"player_choice":"Fight","damage_taken":0,"max_hp_gain":0,"max_hp_loss":0,"event_name":"Mysterious Sphere","floor":38,"gold_loss":0},{"cards_removed":["Quick Slash"],"damage_healed":0,"gold_gain":0,"player_choice":"Removed Attack","damage_taken":0,"max_hp_gain":0,"max_hp_loss":0,"event_name":"Falling","floor":42,"gold_loss":0}],"is_beta":false,"boss_relics":[{"not_picked":["Black Star","Astrolabe"],"picked":"Cursed Key"},{"not_picked":["Ring of the Serpent","Empty Cage"],"picked":"Philosopher\u0027s Stone"}],"items_purged_floors":[20,36],"is_endless":false,"potions_floor_spawned":[8,13,29,31,37,38],"killed_by":"Reptomancer","ascension_level":20}