{"gold_per_floor":[16,191,191,208,208,208,228,245,272,272,23,23,42,98,98,198,248,268,47,47,47,47,47,65,84,84,103,103,122,122,122,122,227,227,242,257,257],"floor_reached":37,"playtime":2142,"items_purged":[],"score":498,"play_id":"11065b08-9c0d-4040-8014-8f60a3e3654f","local_time":"20181205011316","is_ascension_mode":true,"campfire_choices":[{"data":"Zap","floor":6.0,"key":"SMITH"},{"data":"Dualcast","floor":10.0,"key":"SMITH"},{"floor":12.0,"key":"REST"},{"floor":15.0,"key":"REST"},{"data":"Defragment","floor":23.0,"key":"SMITH"},{"floor":28.0,"key":"REST"},{"floor":32.0,"key":"REST"}],"neow_cost":"NO_GOLD","seed_source_timestamp":539002519277126,"circlet_count":0,"master_deck":["Strike_B","Strike_B+1","Strike_B","Defend_B","Defend_B","Defend_B","Defend_B","Zap+1","Dualcast+1","Swift Strike","Purity","Defragment+1","Cold Snap","Redo","White Noise","Capacitor","White Noise+1","Core Surge","Leap+1","Melter","FTL","Coolheaded+1","Turbo+1","BootSequence+1","Echo Form","BootSequence+1","Redo+1","Doom and Gloom","Storm+1","Redo+1","Chill+1","Sunder+1"],"special_seed":0,"relics":["Cracked Core","Blood Vial","Toxic Egg 2","Tiny Chest","Tiny House","Membership Card","NlothsMask","Sundial","Orrery"],"potions_floor_usage":[37,37],"damage_taken":[{"damage":12.0,"enemies":"Small Slimes","floor":1.0,"turns":3.0},{"damage":2.0,"enemies":"Jaw Worm","floor":4.0,"turns":3.0},{"damage":4.0,"enemies":"2 Louse","floor":7.0,"turns":2.0},{"damage":8.0,"enemies":"Blue Slaver","floor":8.0,"turns":3.0},{"damage":7.0,"enemies":"Exordium Wildlife","floor":13.0,"turns":5.0},{"damage":20.0,"enemies":"3 Sentries","floor":14.0,"turns":4.0},{"damage":40.0,"enemies":"The Guardian","floor":16.0,"turns":12.0},{"damage":14.0,"enemies":"Chosen","floor":18.0,"turns":5.0},{"damage":0.0,"enemies":"Spheric Guardian","floor":24.0,"turns":2.0},{"damage":14.0,"enemies":"Snecko","floor":25.0,"turns":6.0},{"damage":34.0,"enemies":"Shelled Parasite and Fungi","floor":27.0,"turns":6.0},{"damage":9.0,"enemies":"Cultist and Chosen","floor":29.0,"turns":8.0},{"damage":34.0,"enemies":"Champ","floor":33.0,"turns":13.0},{"damage":43,"enemies":"3 Darklings","floor":35,"turns":6},{"damage":31,"enemies":"Orb Walker","floor":36,"turns":5},{"damage":6,"enemies":"Jaw Worm Horde","floor":37,"turns":2}],"seed_played":"-9182367239049974697","potions_obtained":[{"floor":4.0,"key":"Swift Potion"},{"floor":7.0,"key":"SteroidPotion"},{"floor":8.0,"key":"Explosive Potion"},{"floor":14.0,"key":"Fruit Juice"},{"floor":17.0,"key":"Poison Potion"},{"floor":29.0,"key":"SteroidPotion"}],"is_trial":false,"path_per_floor":["M","?","?","M","?","R","M","M","T","R","$","R","M","E","R","B",null,"M","$","?","?","$","R","M","M","T","M","R","M","?","T","R","B",null,"M","M","M"],"character_chosen":"DEFECT","items_purchased":["Toxic Egg 2","Membership Card","FTL"],"campfire_rested":4,"item_purchase_floors":[11,19,19],"current_hp_per_floor":[56,56,56,54,47,47,43,35,35,35,35,57,52,34,56,23,71,59,59,59,59,59,59,61,49,49,17,42,35,35,35,60,28,71,30,1,0],"gold":257,"neow_bonus":"RANDOM_COLORLESS_2","is_prod":false,"is_daily":false,"chose_seed":false,"campfire_upgraded":3,"win_rate":0,"timestamp":1543939996,"path_taken":["M","?","?","M","?","R","M","M","T","R","?","R","?","E","R","BOSS","M","$","?","?","$","R","?","M","T","M","R","M","?","?","R","BOSS","M","M","M"],"build_version":"2018-11-15","purchased_purges":0,"victory":false,"max_hp_per_floor":[75,75,75,75,75,75,75,75,75,75,75,75,75,75,75,80,85,85,85,85,85,85,85,85,85,85,85,85,85,85,85,85,85,85,85,85,85],"card_choices":[{"not_picked":["Double Energy","Hologram"],"picked":"Defragment","floor":1.0},{"not_picked":["Barrage","Sweeping Beam"],"picked":"Cold Snap","floor":4.0},{"not_picked":["Streamline","Tempest"],"picked":"Redo","floor":7.0},{"not_picked":["Steam","Static Discharge"],"picked":"White Noise","floor":8.0},{"not_picked":["Gash","Melter"],"picked":"Capacitor","floor":13.0},{"not_picked":["Reprogram+1","Ball Lightning"],"picked":"White Noise+1","floor":14.0},{"not_picked":["Hyperbeam","Multi-Cast+1"],"picked":"Core Surge","floor":16.0},{"not_picked":["Gash","Compile Driver"],"picked":"Leap+1","floor":17.0},{"not_picked":["Fusion+1","Compile Driver"],"picked":"Melter","floor":18.0},{"not_picked":["Redo+1","Leap+1"],"picked":"Coolheaded+1","floor":24.0},{"not_picked":["Beam Cell","Sweeping Beam"],"picked":"Turbo+1","floor":25.0},{"not_picked":["Compile Driver","Fission+1","Sweeping Beam"],"picked":"SKIP","floor":27.0},{"not_picked":["Beam Cell","FTL"],"picked":"BootSequence+1","floor":29.0},{"not_picked":["Core Surge","Reboot+1"],"picked":"Echo Form","floor":33.0},{"not_picked":["Chill+1","Scrape"],"picked":"BootSequence+1","floor":34.0},{"not_picked":["Scrape","Compile Driver"],"picked":"Redo+1","floor":34.0},{"not_picked":["Coolheaded+1","Auto Shields+1"],"picked":"Doom and Gloom","floor":34.0},{"not_picked":["Beam Cell","Compile Driver"],"picked":"Storm+1","floor":34.0},{"not_picked":["Streamline","Tempest+1"],"picked":"Redo+1","floor":34.0},{"not_picked":["Sweeping Beam","Streamline+1"],"picked":"Chill+1","floor":35},{"not_picked":["Self Repair","Cold Snap+1"],"picked":"Sunder+1","floor":36}],"player_experience":167049,"relics_obtained":[{"floor":9.0,"key":"Blood Vial"},{"floor":14.0,"key":"Tiny Chest"},{"floor":31.0,"key":"Sundial"}],"event_choices":[{"damage_healed":0.0,"max_hp_gain":0.0,"max_hp_loss":0.0,"gold_gain":175.0,"event_name":"Liars Game","player_choice":"AGREE","floor":2.0,"gold_loss":0.0,"damage_taken":0.0,"cards_obtained":["Doubt"]},{"cards_removed":["Doubt"],"damage_healed":0.0,"max_hp_gain":0.0,"max_hp_loss":0.0,"gold_gain":0.0,"event_name":"Living Wall","player_choice":"Forget","floor":3.0,"gold_loss":0.0,"damage_taken":0.0},{"cards_removed":["Strike_B"],"damage_healed":0.0,"max_hp_gain":0.0,"max_hp_loss":0.0,"gold_gain":0.0,"event_name":"Golden Wing","player_choice":"Card Removal","floor":5.0,"gold_loss":0.0,"damage_taken":7.0},{"damage_healed":0.0,"max_hp_gain":0.0,"max_hp_loss":0.0,"gold_gain":0.0,"event_name":"Beggar","player_choice":"Ignored","floor":20.0,"gold_loss":0.0,"damage_taken":0.0},{"damage_healed":0.0,"max_hp_gain":0.0,"max_hp_loss":0.0,"gold_gain":0.0,"event_name":"FaceTrader","player_choice":"Trade","floor":21.0,"gold_loss":0.0,"damage_taken":0.0,"relics_obtained":["NlothsMask"]},{"damage_healed":0.0,"max_hp_gain":0.0,"max_hp_loss":0.0,"gold_gain":0.0,"event_name":"Ghosts","player_choice":"Ignored","floor":30.0,"gold_loss":0.0,"damage_taken":0.0}],"is_beta":false,"boss_relics":[{"not_picked":["Busted Crown","Black Star"],"picked":"Tiny House"},{"not_picked":["Philosopher\u0027s Stone","Empty Cage"],"picked":"Orrery"}],"items_purged_floors":[],"is_endless":false,"potions_floor_spawned":[4,7,8,14,29],"killed_by":"Jaw Worm Horde","ascension_level":7}