{"gold_per_floor":[111,111,111,111,122,156,156,180,180,180,196,228,13,27,27,105,105,116,116,133,152,152,152,152,163,163,163],"floor_reached":27,"playtime":752,"items_purged":[],"score":442,"play_id":"e60c8813-7ff9-4ca4-824c-0aa267be9f72","local_time":"20190127123242","is_ascension_mode":true,"campfire_choices":[{"data":"Hyperbeam","floor":7.0,"key":"SMITH"},{"floor":10.0,"key":"REST"},{"data":"Zap","floor":15.0,"key":"SMITH"},{"floor":23.0,"key":"REST"}],"neow_cost":"TEN_PERCENT_HP_LOSS","seed_source_timestamp":0,"circlet_count":0,"master_deck":["AscendersBane","Defend_B","Defend_B","Defend_B","Defend_B","Zap+1","Dualcast","Hyperbeam+1","Ball Lightning","Ball Lightning","Compile Driver","Cold Snap","Loop+1","Static Discharge+1","Core Surge","Thunder Strike+1","Echo Form+1","Rainbow+1","Defragment+1","Static Discharge+1","Turbo","Defragment+1","Coolheaded"],"special_seed":0,"relics":["Cracked Core","Frozen Egg 2","Odd Mushroom","The Courier","Blood Vial","Lee\u0027s Waffle","Astrolabe","Bottled Tornado","Orichalcum","Gremlin Horn"],"potions_floor_usage":[],"damage_taken":[{"damage":0.0,"enemies":"2 Louse","floor":1.0,"turns":1.0},{"damage":0.0,"enemies":"Small Slimes","floor":5.0,"turns":2.0},{"damage":34.0,"enemies":"Lagavulin","floor":6.0,"turns":7.0},{"damage":17.0,"enemies":"The Mushroom Lair","floor":8.0,"turns":3.0},{"damage":7.0,"enemies":"Jaw Worm","floor":11.0,"turns":3.0},{"damage":26.0,"enemies":"Gremlin Nob","floor":12.0,"turns":4.0},{"damage":10.0,"enemies":"Large Slime","floor":14.0,"turns":4.0},{"damage":39.0,"enemies":"Hexaghost","floor":16.0,"turns":6.0},{"damage":30.0,"enemies":"Shell Parasite","floor":18.0,"turns":3.0},{"damage":15.0,"enemies":"2 Thieves","floor":20.0,"turns":4.0},{"damage":22.0,"enemies":"Centurion and Healer","floor":21.0,"turns":5.0},{"damage":25.0,"enemies":"Shelled Parasite and Fungi","floor":25.0,"turns":4.0},{"damage":4,"enemies":"Snecko","floor":27,"turns":3}],"seed_played":"-8594521508049910389","potions_obtained":[{"floor":8.0,"key":"Regen Potion"},{"floor":11.0,"key":"Swift Potion"},{"floor":16.0,"key":"Weak Potion"}],"is_trial":false,"path_per_floor":["M","?","?","?","M","E","R","?","T","R","M","E","$","M","R","B",null,"M","?","M","M","T","R","T","M","T","M"],"character_chosen":"DEFECT","items_purchased":["Lee\u0027s Waffle","PowerPotion"],"campfire_rested":2,"item_purchase_floors":[13,13],"current_hp_per_floor":[64,69,62,62,62,28,28,11,11,31,24,10,76,66,66,29,64,36,36,23,3,3,25,25,2,2,0],"gold":163,"neow_bonus":"THREE_RARE_CARDS","is_prod":false,"is_daily":false,"chose_seed":false,"campfire_upgraded":2,"win_rate":0,"timestamp":1548610362,"path_taken":["M","?","?","?","?","E","R","?","T","R","M","E","$","M","R","BOSS","M","?","?","M","?","R","?","M","T","M"],"build_version":"2019-01-23","purchased_purges":0,"victory":false,"max_hp_per_floor":[64,69,69,69,69,69,69,69,69,69,69,69,76,76,76,76,76,76,76,76,76,76,76,76,76,76,76],"card_choices":[{"not_picked":["Thunder Strike","Echo Form"],"picked":"Hyperbeam","floor":0.0},{"not_picked":["Stack","Streamline"],"picked":"Ball Lightning","floor":1.0},{"not_picked":["Go for the Eyes","Compile Driver"],"picked":"Ball Lightning","floor":5.0},{"not_picked":["Rebound","Streamline"],"picked":"Compile Driver","floor":6.0},{"not_picked":["Rebound","Gash"],"picked":"Cold Snap","floor":8.0},{"not_picked":["Ball Lightning","Compile Driver"],"picked":"Loop+1","floor":11.0},{"not_picked":["Rebound","Compile Driver","Amplify"],"picked":"SKIP","floor":12.0},{"not_picked":["Glacier","Ball Lightning"],"picked":"Static Discharge+1","floor":14.0},{"not_picked":["All For One","Buffer+1"],"picked":"Core Surge","floor":16.0},{"not_picked":["Steam+1","Streamline"],"picked":"Defragment+1","floor":18.0},{"not_picked":["Aggregate","Streamline+1"],"picked":"Defragment+1","floor":20.0},{"not_picked":["Compile Driver","Steam"],"picked":"Coolheaded","floor":21.0},{"not_picked":["Turbo","Streamline","Steam"],"picked":"SKIP","floor":25.0}],"player_experience":764778,"relics_obtained":[{"floor":6.0,"key":"Frozen Egg 2"},{"floor":8.0,"key":"Odd Mushroom"},{"floor":9.0,"key":"The Courier"},{"floor":12.0,"key":"Blood Vial"},{"floor":22.0,"key":"Bottled Tornado"},{"floor":24.0,"key":"Orichalcum"},{"floor":26.0,"key":"Gremlin Horn"}],"event_choices":[{"damage_healed":0.0,"max_hp_gain":5.0,"max_hp_loss":0.0,"gold_gain":0.0,"event_name":"Big Fish","player_choice":"Donut","floor":2.0,"gold_loss":0.0,"damage_taken":0.0},{"cards_removed":["Strike_B"],"damage_healed":0.0,"max_hp_gain":0.0,"max_hp_loss":0.0,"gold_gain":0.0,"event_name":"Golden Wing","player_choice":"Card Removal","floor":3.0,"gold_loss":0.0,"damage_taken":7.0},{"damage_healed":0.0,"max_hp_gain":0.0,"max_hp_loss":0.0,"gold_gain":0.0,"event_name":"Liars Game","player_choice":"Ignored","floor":4.0,"gold_loss":0.0,"damage_taken":0.0},{"damage_healed":0.0,"max_hp_gain":0.0,"max_hp_loss":0.0,"gold_gain":0.0,"event_name":"Mushrooms","player_choice":"Fought Mushrooms","floor":8.0,"gold_loss":0.0,"damage_taken":0.0},{"damage_healed":0.0,"max_hp_gain":0.0,"max_hp_loss":0.0,"gold_gain":0.0,"event_name":"Match and Keep!","player_choice":"2 cards matched","floor":19.0,"gold_loss":0.0,"damage_taken":0.0,"cards_obtained":["Static Discharge","Turbo"]}],"is_beta":false,"boss_relics":[{"not_picked":["Ectoplasm","Calling Bell"],"picked":"Astrolabe"}],"items_purged_floors":[],"is_endless":false,"potions_floor_spawned":[8,11,16,20],"killed_by":"Snecko","ascension_level":20}