{"gold_per_floor":[113,113,131,50,63,98,98,124,203,219,219],"floor_reached":11,"playtime":540,"items_purged":[],"score":116,"play_id":"8f8a85dd-3e61-471f-ae9a-153a88332ae0","local_time":"20190210223642","is_ascension_mode":true,"campfire_choices":[{"data":"Bash","floor":7,"key":"SMITH"}],"neow_cost":"NONE","seed_source_timestamp":24009262221171,"circlet_count":0,"master_deck":["Strike_R","Strike_R","Strike_R","Strike_R","Strike_R","Defend_R","Defend_R","Defend_R","Bash+1","Sword Boomerang","Perfected Strike","Madness","Rage","Ghostly Armor","Cleave","Flame Barrier"],"relics":["Burning Blood","Magic Flower","Strawberry","Matryoshka"],"potions_floor_usage":[6,8,11],"damage_taken":[{"damage":4,"enemies":"2 Louse","floor":1,"turns":3},{"damage":2,"enemies":"Jaw Worm","floor":3,"turns":3},{"damage":7,"enemies":"Small Slimes","floor":5,"turns":3},{"damage":25,"enemies":"3 Sentries","floor":6,"turns":7},{"damage":24,"enemies":"Gremlin Nob","floor":8,"turns":4},{"damage":36,"enemies":"Gremlin Gang","floor":10,"turns":5},{"damage":18,"enemies":"Lagavulin","floor":11,"turns":3}],"seed_played":"2700166317711059052","potions_obtained":[{"floor":1,"key":"Poison Potion"},{"floor":5,"key":"Fire Potion"},{"floor":10,"key":"LiquidBronze"}],"is_trial":false,"path_per_floor":["M","?","M","$","M","E","R","E","T","M","E"],"character_chosen":"IRONCLAD","items_purchased":["Madness"],"campfire_rested":0,"item_purchase_floors":[4],"current_hp_per_floor":[74,67,71,71,70,51,51,43,43,16,0],"gold":219,"neow_bonus":"THREE_CARDS","is_prod":false,"is_daily":false,"chose_seed":false,"campfire_upgraded":1,"win_rate":0,"timestamp":1549813002,"path_taken":["M","?","M","$","M","E","R","E","T","M","E"],"build_version":"2019-01-23","purchased_purges":0,"victory":false,"max_hp_per_floor":[80,80,80,80,80,80,80,87,87,87,87],"card_choices":[{"not_picked":["Entrench","Infernal Blade"],"picked":"Sword Boomerang","floor":0},{"not_picked":["Battle Trance","Headbutt"],"picked":"Perfected Strike","floor":1},{"not_picked":["Clash","Bloodletting","Uppercut"],"picked":"SKIP","floor":3},{"not_picked":["Hemokinesis","Clothesline"],"picked":"Rage","floor":5},{"not_picked":["Berserk","Iron Wave"],"picked":"Ghostly Armor","floor":6},{"not_picked":["Second Wind","Heavy Blade"],"picked":"Cleave","floor":8},{"not_picked":["Sword Boomerang","Anger"],"picked":"Flame Barrier","floor":10}],"player_experience":334724,"relics_obtained":[{"floor":6,"key":"Magic Flower"},{"floor":8,"key":"Strawberry"},{"floor":9,"key":"Matryoshka"}],"event_choices":[{"cards_removed":["Defend_R"],"damage_healed":0,"gold_gain":0,"player_choice":"Card Removal","damage_taken":7,"max_hp_gain":0,"max_hp_loss":0,"event_name":"Golden Wing","floor":2,"gold_loss":0}],"is_beta":false,"boss_relics":[],"items_purged_floors":[],"is_endless":false,"potions_floor_spawned":[1,5,10],"killed_by":"Lagavulin","ascension_level":8}