{"gold_per_floor":[109,109,122,147,174,174,174,197,197,122,122,186,198,233,245,385,397,385,178,193,193,208,208,208],"floor_reached":24,"playtime":1028,"items_purged":["Injury"],"score":260,"play_id":"eaf084d8-1e1f-42cd-8f40-f31941853efd","local_time":"20190206234439","is_ascension_mode":true,"campfire_choices":[{"data":"Bash","floor":6,"key":"SMITH"},{"data":"Entrench","floor":11,"key":"SMITH"},{"floor":13,"key":"REST"},{"data":"Perfected Strike","floor":15,"key":"SMITH"},{"floor":23,"key":"REST"}],"neow_cost":"NONE","seed_source_timestamp":7241472007502,"circlet_count":0,"master_deck":["Strike_R","Strike_R","Strike_R","Strike_R","Defend_R","Defend_R","Defend_R","Bash+1","Entrench+1","Shockwave+1","Pommel Strike","Warcry","Impervious","Warcry","Perfected Strike+1","Impervious","Shrug It Off","Inflame","Body Slam","Hemokinesis","Headbutt"],"relics":["Black Blood","Golden Idol","Juzu Bracelet","Bag of Preparation","MawBank","Omamori"],"potions_floor_usage":[12,12,16,22],"damage_taken":[{"damage":1,"enemies":"Cultist","floor":1,"turns":3},{"damage":10,"enemies":"Jaw Worm","floor":3,"turns":4},{"damage":7,"enemies":"Small Slimes","floor":4,"turns":4},{"damage":28,"enemies":"Gremlin Gang","floor":8,"turns":6},{"damage":40,"enemies":"3 Sentries","floor":12,"turns":7},{"damage":4,"enemies":"Looter","floor":14,"turns":5},{"damage":35,"enemies":"Slime Boss","floor":16,"turns":10},{"damage":24,"enemies":"2 Thieves","floor":18,"turns":5},{"damage":25,"enemies":"Shell Parasite","floor":20,"turns":6},{"damage":12,"enemies":"Snake Plant","floor":22,"turns":6},{"damage":62,"enemies":"Slavers","floor":24,"turns":4}],"seed_played":"-3126744572036479683","potions_obtained":[{"floor":4,"key":"Dexterity Potion"},{"floor":8,"key":"Strength Potion"},{"floor":14,"key":"Weak Potion"},{"floor":20,"key":"Block Potion"}],"is_trial":false,"path_per_floor":["M","?","M","M","T","R","?","M","T","$","R","?","R","M","R","B",null,"M","$","M","?","M","R","E"],"character_chosen":"IRONCLAD","items_purchased":["Omamori","Inflame"],"campfire_rested":2,"item_purchase_floors":[19,19],"current_hp_per_floor":[77,77,73,72,72,72,72,50,50,50,50,16,40,42,42,13,63,49,49,34,34,32,56,0],"gold":208,"neow_bonus":"TRANSFORM_CARD","is_prod":false,"is_daily":false,"chose_seed":false,"campfire_upgraded":3,"win_rate":0,"timestamp":1549471479,"path_taken":["M","?","M","M","?","R","?","M","T","?","R","?","R","M","R","BOSS","M","$","M","?","M","R","E"],"build_version":"2019-01-23","purchased_purges":1,"victory":false,"max_hp_per_floor":[80,80,80,80,80,80,80,80,80,80,80,80,80,80,80,80,80,80,80,80,80,80,80,80],"card_choices":[{"not_picked":["Anger","Fire Breathing"],"picked":"Shockwave","floor":1},{"not_picked":["Armaments","Wild Strike"],"picked":"Pommel Strike","floor":3},{"not_picked":["Iron Wave","Dual Wield"],"picked":"Warcry","floor":4},{"not_picked":["Perfected Strike","Pommel Strike"],"picked":"Impervious","floor":8},{"not_picked":["Infernal Blade","Havoc"],"picked":"Warcry","floor":12},{"not_picked":["Anger","Thunderclap"],"picked":"Perfected Strike","floor":14},{"not_picked":["Feed","Reaper"],"picked":"Impervious","floor":16},{"not_picked":["Entrench","Ghostly Armor"],"picked":"Shrug It Off","floor":18},{"not_picked":["Armaments","Rupture"],"picked":"Body Slam","floor":20},{"not_picked":["Wild Strike","Armaments"],"picked":"Headbutt","floor":22}],"player_experience":328274,"relics_obtained":[{"floor":5,"key":"Juzu Bracelet"},{"floor":9,"key":"Bag of Preparation"}],"event_choices":[{"damage_healed":0,"gold_gain":0,"player_choice":"Take Wound","damage_taken":0,"relics_obtained":["Golden Idol"],"max_hp_gain":0,"max_hp_loss":0,"event_name":"Golden Idol","floor":2,"gold_loss":0,"cards_obtained":["Injury"]},{"damage_healed":0,"gold_gain":0,"player_choice":"Forge","damage_taken":0,"max_hp_gain":0,"max_hp_loss":0,"event_name":"Accursed Blacksmith","floor":7,"gold_loss":0,"cards_upgraded":["Shockwave"]},{"damage_healed":0,"gold_gain":30,"player_choice":"Searched \u00273\u0027 times","damage_taken":0,"relics_obtained":["MawBank"],"max_hp_gain":0,"max_hp_loss":0,"event_name":"Dead Adventurer","floor":12,"gold_loss":0},{"damage_healed":0,"gold_gain":0,"cards_transformed":["Strike_R"],"player_choice":"Transformed","damage_taken":0,"max_hp_gain":0,"max_hp_loss":0,"event_name":"Transmorgrifier","floor":21,"gold_loss":0,"cards_obtained":["Hemokinesis"]}],"is_beta":false,"boss_relics":[{"not_picked":["Ectoplasm","Black Star"],"picked":"Black Blood"}],"items_purged_floors":[10],"is_endless":false,"potions_floor_spawned":[4,8,14,20],"killed_by":"Slavers","ascension_level":8}