{"gold_per_floor":[116,133,208,208,226,226,257,257,257,291,291,327,66,66,66,159,159,145,165,183,183,198,198,232,251,251,290,290,290,290,12,12,107,107,120,0,0,16,35,35,74,92,92,136,36,36,36],"floor_reached":47,"playtime":2204,"items_purged":["Strike_R","Clash"],"score":1015,"play_id":"d6c291a7-cb87-4bfa-8767-3b007c675bf4","local_time":"20180822170648","is_ascension_mode":true,"campfire_choices":[{"data":"Uppercut","floor":6,"key":"SMITH"},{"data":"Hemokinesis","floor":8,"key":"SMITH"},{"data":"True Grit","floor":11,"key":"SMITH"},{"floor":15,"key":"REST"},{"data":"Limit Break","floor":23,"key":"SMITH"},{"data":"Inflame","floor":30,"key":"SMITH"},{"floor":32,"key":"REST"},{"data":"Demon Form","floor":40,"key":"SMITH"},{"data":"Metallicize","floor":46,"key":"SMITH"}],"neow_cost":"","seed_source_timestamp":60027030767780,"circlet_count":0,"master_deck":["Bash","AscendersBane","Hemokinesis+1","Second Wind+1","Uppercut+1","Fire Breathing","True Grit+1","Shrug It Off","Limit Break+1","Impervious","Inflame+1","Armaments+1","Dark Embrace","Metallicize+1","Metallicize+1","Metallicize+1","Demon Form+1","Whirlwind","Clothesline","Flame Barrier","Ghostly Armor","Entrench","Armaments","Sword Boomerang","Barricade"],"relics":["Burning Blood","Golden Idol","Dodecahedron","Red Skull","Bag of Preparation","Lantern","Snecko Eye","Dream Catcher","Meat on the Bone","Regal Pillow","Self Forming Clay","Pandora\u0027s Box","Red Mask","GremlinMask","Turnip","Molten Egg 2","War Paint"],"potions_floor_usage":[7,12,24,24,27,41,41],"damage_taken":[{"damage":6,"enemies":"Cultist","floor":1,"turns":4},{"damage":10,"enemies":"Jaw Worm","floor":2,"turns":5},{"damage":4,"enemies":"2 Louse","floor":5,"turns":2},{"damage":31,"enemies":"3 Sentries","floor":7,"turns":9},{"damage":10,"enemies":"Gremlin Nob","floor":10,"turns":3},{"damage":22,"enemies":"Lagavulin","floor":12,"turns":4},{"damage":19,"enemies":"Hexaghost","floor":16,"turns":7},{"damage":8,"enemies":"2 Thieves","floor":18,"turns":4},{"damage":5,"enemies":"Chosen","floor":19,"turns":4},{"damage":15,"enemies":"Centurion and Healer","floor":20,"turns":6},{"damage":7,"enemies":"Shelled Parasite and Fungi","floor":22,"turns":7},{"damage":29,"enemies":"Slavers","floor":24,"turns":7},{"damage":2,"enemies":"Snake Plant","floor":25,"turns":4},{"damage":21,"enemies":"Gremlin Leader","floor":27,"turns":4},{"damage":36,"enemies":"Champ","floor":33,"turns":12},{"damage":6,"enemies":"3 Darklings","floor":35,"turns":5},{"damage":26,"enemies":"3 Shapes","floor":38,"turns":6},{"damage":8,"enemies":"Sphere and 2 Shapes","floor":39,"turns":5},{"damage":29,"enemies":"2 Orb Walkers","floor":41,"turns":5},{"damage":4,"enemies":"Maw","floor":42,"turns":6},{"damage":12,"enemies":"Nemesis","floor":44,"turns":7},{"damage":65,"enemies":"Flame Bruiser 2 Orb","floor":47,"turns":2}],"seed_played":"153921046793554991","potions_obtained":[{"floor":2,"key":"FearPotion"},{"floor":5,"key":"Block Potion"},{"floor":7,"key":"EssenceOfSteel"},{"floor":12,"key":"Weak Potion"},{"floor":24,"key":"EssenceOfSteel"},{"floor":33,"key":"Energy Potion"},{"floor":35,"key":"FearPotion"},{"floor":41,"key":"FearPotion"},{"floor":42,"key":"FearPotion"}],"is_trial":false,"path_per_floor":["M","M","?","?","M","R","E","R","T","E","R","E","$","?","R","B",null,"M","M","M","?","M","R","E","M","T","E","?","?","R","$","R","B",null,"M","?","?","M","M","R","E","M","T","E","$","R"],"character_chosen":"IRONCLAD","items_purchased":["Limit Break","Self Forming Clay"],"campfire_rested":2,"item_purchase_floors":[13,31],"current_hp_per_floor":[68,64,53,53,55,55,30,30,30,26,26,10,10,10,30,17,55,53,54,45,45,44,44,21,25,25,22,22,22,22,22,57,39,61,61,61,61,41,51,51,40,42,42,48,48,48,0],"gold":36,"neow_bonus":"","is_prod":false,"is_daily":false,"chose_seed":false,"campfire_upgraded":7,"win_rate":0,"timestamp":1534972008,"path_taken":["M","M","?","?","M","R","E","R","T","E","R","E","$","?","R","BOSS","M","M","M","?","?","R","E","M","T","E","?","?","R","$","R","BOSS","M","?","?","M","?","R","E","M","T","E","$","R","?"],"build_version":"2018-08-16","purchased_purges":2,"victory":false,"max_hp_per_floor":[75,75,75,68,68,68,68,68,68,68,68,68,68,68,68,68,68,68,68,68,68,68,68,68,68,68,68,68,68,68,68,68,68,68,68,68,68,68,68,68,68,68,68,68,68,68,68],"card_choices":[{"not_picked":["Clash","Feel No Pain"],"picked":"Hemokinesis","floor":1},{"not_picked":["Carnage","Havoc"],"picked":"Second Wind","floor":2},{"not_picked":["Sever Soul","Dropkick"],"picked":"Uppercut","floor":5},{"not_picked":["Twin Strike","Pommel Strike"],"picked":"Fire Breathing","floor":7},{"not_picked":["Warcry","Clothesline"],"picked":"True Grit","floor":10},{"not_picked":["Spot Weakness","True Grit"],"picked":"Shrug It Off","floor":12},{"not_picked":["Barricade","Feed"],"picked":"Impervious","floor":16},{"not_picked":["Bloodletting+1","Body Slam"],"picked":"Inflame","floor":18},{"not_picked":["Clash","Perfected Strike","Thunderclap"],"picked":"SKIP","floor":19},{"not_picked":["Perfected Strike","Warcry"],"picked":"Armaments","floor":20},{"not_picked":["Pummel","Uppercut"],"picked":"Metallicize+1","floor":22},{"not_picked":["Blood for Blood","Infernal Blade","Iron Wave"],"picked":"SKIP","floor":24},{"not_picked":["Headbutt","Berserk","Iron Wave"],"picked":"SKIP","floor":25},{"not_picked":["Twin Strike","Brutality"],"picked":"Metallicize","floor":27},{"not_picked":["Corruption","Clothesline"],"picked":"Metallicize+1","floor":32},{"not_picked":["Reaper","Barricade"],"picked":"Demon Form","floor":33},{"not_picked":["Cleave","Clash+1"],"picked":"Sword Boomerang","floor":35},{"not_picked":["Pommel Strike","Dropkick","Sword Boomerang"],"picked":"SKIP","floor":38},{"not_picked":["Armaments","Uppercut","Reckless Charge+1"],"picked":"SKIP","floor":39},{"not_picked":["Wild Strike","Headbutt","Thunderclap"],"picked":"SKIP","floor":41},{"not_picked":["Wild Strike","Infernal Blade","True Grit"],"picked":"SKIP","floor":42},{"not_picked":["Bloodletting","Iron Wave+1"],"picked":"Barricade","floor":44}],"player_experience":475915,"relics_obtained":[{"floor":7,"key":"Dodecahedron"},{"floor":9,"key":"Red Skull"},{"floor":10,"key":"Bag of Preparation"},{"floor":12,"key":"Lantern"},{"floor":24,"key":"Dream Catcher"},{"floor":26,"key":"Meat on the Bone"},{"floor":27,"key":"Regal Pillow"},{"floor":41,"key":"Turnip"},{"floor":43,"key":"Molten Egg 2"},{"floor":44,"key":"War Paint"}],"event_choices":[{"event_name":"World of Goop","player_choice":"Gather Gold","floor":3,"damage_taken":0},{"event_name":"Golden Idol","player_choice":"Lose Max HP","floor":4,"damage_taken":0},{"event_name":"Shining Light","player_choice":"Ignored","floor":14,"damage_taken":0},{"event_name":"Transmorgrifier","player_choice":"Transform","floor":21,"damage_taken":0},{"event_name":"Vampires","player_choice":"Ignored","floor":28,"damage_taken":0},{"event_name":"Cursed Tome","player_choice":"Ignored","floor":29,"damage_taken":0},{"event_name":"Tomb of Lord Red Mask","player_choice":"Paid","floor":36,"damage_taken":0},{"event_name":"FaceTrader","player_choice":"Trade","floor":37,"damage_taken":0}],"is_beta":false,"boss_relics":[{"not_picked":["Fusion Hammer","White Beast Statue"],"picked":"Snecko Eye"},{"not_picked":["Empty Cage","Mark of Pain"],"picked":"Pandora\u0027s Box"}],"items_purged_floors":[13,45],"is_endless":false,"potions_floor_spawned":[2,5,7,12,20,24,33,35,38,41,42],"killed_by":"Flame Bruiser 2 Orb","ascension_level":16}