{"gold_per_floor":[117,133,308,320,285,316,316,350,375,13,13,28,57,57,57,57],"floor_reached":16,"playtime":551,"items_purged":["Strike_G"],"score":159,"play_id":"439e2e03-69d8-4883-a9bd-532226b2bb8a","local_time":"20190130000713","is_ascension_mode":true,"campfire_choices":[{"floor":7,"key":"REST"},{"floor":15,"key":"REST"}],"neow_cost":"NONE","seed_source_timestamp":41123751321669,"circlet_count":0,"master_deck":["Defend_G","Defend_G","Defend_G","Defend_G","Defend_G","Strike_G","Strike_G","Strike_G","Strike_G","Survivor","Neutralize","Caltrops","Dagger Spray","Doubt","Prepared","Deflect","Dash","Footwork","Acrobatics","Parasite"],"relics":["Ring of the Snake","PreservedInsect","Bag of Preparation","Lantern","Bronze Scales","Dream Catcher","Bag of Marbles"],"potions_floor_usage":[6,8],"damage_taken":[{"damage":5,"enemies":"Jaw Worm","floor":1,"turns":6},{"damage":0,"enemies":"2 Louse","floor":2,"turns":3},{"damage":4,"enemies":"Small Slimes","floor":4,"turns":4},{"damage":31,"enemies":"Lagavulin","floor":6,"turns":9},{"damage":32,"enemies":"Gremlin Nob","floor":8,"turns":4},{"damage":0,"enemies":"Blue Slaver","floor":12,"turns":4},{"damage":21,"enemies":"Lagavulin","floor":13,"turns":8},{"damage":41,"enemies":"Slime Boss","floor":16,"turns":12}],"seed_played":"-3414950229489910274","potions_obtained":[{"floor":1,"key":"GamblersBrew"},{"floor":2,"key":"Poison Potion"},{"floor":8,"key":"Regen Potion"}],"is_trial":false,"path_per_floor":["M","M","?","M","?","E","R","E","T","$","?","M","E","$","R","B"],"character_chosen":"THE_SILENT","items_purchased":["Footwork","Dream Catcher","Acrobatics"],"campfire_rested":2,"item_purchase_floors":[10,10,10],"current_hp_per_floor":[58,58,58,54,70,39,60,28,28,28,45,45,24,24,45,4],"gold":57,"neow_bonus":"RANDOM_COMMON_RELIC","is_prod":false,"is_daily":false,"chose_seed":false,"campfire_upgraded":0,"win_rate":0,"timestamp":1548824833,"path_taken":["M","M","?","M","?","E","R","E","T","$","?","M","E","?","R","BOSS"],"build_version":"2019-01-23","purchased_purges":1,"victory":false,"max_hp_per_floor":[70,70,70,70,70,70,70,70,70,70,70,70,70,70,70,70],"card_choices":[{"not_picked":["Accuracy","Terror"],"picked":"Caltrops","floor":1},{"not_picked":["Terror","Slice"],"picked":"Dagger Spray","floor":2},{"not_picked":["Dagger Spray","Flechettes"],"picked":"Prepared","floor":4},{"not_picked":["Terror","Underhanded Strike"],"picked":"Deflect","floor":6},{"not_picked":["Underhanded Strike","Accuracy"],"picked":"Dash","floor":8},{"not_picked":["All Out Attack","Accuracy","Acrobatics"],"picked":"SKIP","floor":12},{"not_picked":["Venomology","Slice","Concentrate"],"picked":"SKIP","floor":13}],"player_experience":168377,"relics_obtained":[{"floor":6,"key":"Bag of Preparation"},{"floor":8,"key":"Lantern"},{"floor":9,"key":"Bronze Scales"},{"floor":13,"key":"Bag of Marbles"}],"event_choices":[{"damage_healed":0,"gold_gain":175,"player_choice":"AGREE","damage_taken":0,"max_hp_gain":0,"max_hp_loss":0,"event_name":"Liars Game","floor":3,"gold_loss":0,"cards_obtained":["Doubt"]},{"damage_healed":17,"gold_gain":0,"player_choice":"Healed","damage_taken":0,"max_hp_gain":0,"max_hp_loss":0,"event_name":"The Cleric","floor":5,"gold_loss":35},{"damage_healed":17,"gold_gain":0,"player_choice":"Healed and dodged fight","damage_taken":0,"max_hp_gain":0,"max_hp_loss":0,"event_name":"Mushrooms","floor":11,"gold_loss":0,"cards_obtained":["Parasite"]}],"is_beta":false,"boss_relics":[],"items_purged_floors":[10],"is_endless":false,"potions_floor_spawned":[1,2,8],"killed_by":"Slime Boss","ascension_level":7}