{"path_per_floor":["M","?","$","M","?","R","$","M","T","R","E","R","?","E","R","B",null,"M","$","M","M","M","R","M","?","T","?","$","M","M","M","R","B",null,"M","$","?","M","M","R","$","M","T","?","M","E","?","M","R"],"character_chosen":"THE_SILENT","items_purchased":["Shuriken","Infinite Blades","Du-Vu Doll","Gremlin Horn","Blade Dance","Infinite Blades"],"gold_per_floor":[366,366,35,50,125,125,47,67,143,143,174,174,174,209,209,330,330,348,42,63,79,92,92,112,112,112,362,67,91,115,135,135,261,261,276,206,0,13,28,28,28,42,42,42,57,91,424,439,439],"floor_reached":50,"campfire_rested":8,"playtime":3557,"current_hp_per_floor":[31,41,41,38,27,51,51,51,51,75,59,80,80,57,80,37,80,65,65,65,63,52,76,64,64,64,64,64,46,36,23,47,9,80,58,58,58,58,52,80,80,73,73,73,76,36,36,31,67],"items_purged":["Regret"],"gold":439,"play_id":"0e050554-a785-4012-880f-d766c376aa16","is_prod":false,"is_daily":false,"is_ascension_mode":false,"campfire_upgraded":0,"path_taken":["M","?","$","?","?","R","?","?","T","R","E","R","?","E","R","BOSS","M","$","M","M","M","R","M","?","T","?","$","M","M","M","R","BOSS","M","$","?","M","?","R","$","M","T","?","M","E","?","M","R","BOSS"],"build_version":"2018-01-25-PROD3","purchased_purges":1,"victory":false,"master_deck":["Defend_G","Defend_G","Defend_G","Defend_G","Defend_G","Strike_G","Strike_G","Strike_G","Strike_G","Strike_G","Survivor","Neutralize","Sucker Punch","Bullet Time","Infinite Blades","Calculated Gamble","Dagger Spray","Injury","All Out Attack","Cloak And Dagger+1","Terror+1","Footwork","Regret","Blade Dance+1","After Image","Finisher","Envenom","Infinite Blades","Well Laid Plans+1","Crippling Poison+1","Blade Dance+1","Dagger Spray+1","Dagger Spray+1","Bane+1"],"max_hp_per_floor":[70,80,80,80,80,80,80,80,80,80,80,80,80,80,80,80,80,80,80,80,80,80,80,80,80,80,80,80,80,80,80,80,80,80,80,80,80,80,80,80,80,80,80,80,80,80,80,80,80],"relics":["Ring of the Snake","Pear","Shuriken","Centennial Puzzle","Bird Faced Urn","Sozu","Du-Vu Doll","Tingsha","Gremlin Horn","Eternal Feather","Red Mask","Torii","Toxic Egg"],"card_choices":[{"not_picked":["Deflect","Bane"],"picked":"Sucker Punch"},{"not_picked":["PiercingWail","Dodge and Roll"],"picked":"Bullet Time"},{"not_picked":["Dagger Spray","Slice"],"picked":"Calculated Gamble"},{"not_picked":["Bouncing Flask","Sucker Punch"],"picked":"Dagger Spray"},{"not_picked":["Slice","Prepared"],"picked":"All Out Attack"},{"not_picked":["Corpse Explosion","Phantasmal Killer"],"picked":"A Thousand Cuts"},{"not_picked":["Heel Hook","Quick Slash"],"picked":"Cloak And Dagger"},{"not_picked":["Backflip","Bane"],"picked":"Terror"},{"not_picked":["Underhanded Strike","Deflect"],"picked":"Footwork"},{"not_picked":["PiercingWail","Well Laid Plans"],"picked":"After Image"},{"not_picked":["Deflect","Flying Knee"],"picked":"Finisher"},{"not_picked":["Phantasmal Killer","Night Terror"],"picked":"Envenom"},{"not_picked":["Catalyst","Masterful Stab"],"picked":"Well Laid Plans"},{"not_picked":["Terror","Bouncing Flask"],"picked":"Crippling Poison"},{"not_picked":["Acrobatics","Dodge and Roll"],"picked":"Blade Dance"},{"not_picked":["Dagger Throw","Masterful Stab"],"picked":"Dagger Spray"},{"not_picked":["Doppelganger","Slice"],"picked":"Dagger Spray"},{"not_picked":["Masterful Stab","Flechettes"],"picked":"Bane"}],"player_experience":144289,"potions_floor_usage":[],"damage_taken":[{"damage":4.0,"enemies":"Cultist","floor":1.0,"turns":5.0},{"damage":3.0,"enemies":"Jaw Worm","floor":4.0,"turns":4.0},{"damage":0.0,"enemies":"2 Louse","floor":8.0,"turns":3.0},{"damage":16.0,"enemies":"Gremlin Nob","floor":11.0,"turns":4.0},{"damage":23.0,"enemies":"3 Sentries","floor":14.0,"turns":5.0},{"damage":43.0,"enemies":"Hexaghost","floor":16.0,"turns":10.0},{"damage":17.0,"enemies":"2 Thieves","floor":18.0,"turns":4.0},{"damage":4.0,"enemies":"Chosen","floor":20.0,"turns":4.0},{"damage":6.0,"enemies":"Snecko","floor":21.0,"turns":5.0},{"damage":15.0,"enemies":"Centurion and Healer","floor":22.0,"turns":3.0},{"damage":14.0,"enemies":"3 Cultists","floor":24.0,"turns":4.0},{"damage":24.0,"enemies":"Slaver and Parasite","floor":29.0,"turns":5.0},{"damage":14.0,"enemies":"Snecko","floor":30.0,"turns":4.0},{"damage":21.0,"enemies":"Snake Plant","floor":31.0,"turns":4.0},{"damage":46,"enemies":"Collector","floor":33,"turns":8},{"damage":24,"enemies":"3 Darklings","floor":35,"turns":4},{"damage":0,"enemies":"Orb Walker","floor":38,"turns":2},{"damage":14,"enemies":"3 Darklings","floor":39,"turns":3},{"damage":14,"enemies":"Maw","floor":42,"turns":6},{"damage":7,"enemies":"4 Shapes","floor":45,"turns":3},{"damage":47,"enemies":"Nemesis","floor":46,"turns":7},{"damage":13,"enemies":"3 Darklings","floor":48,"turns":4},{"damage":90,"enemies":"Donu and Deca","floor":50,"turns":5}],"event_choices":[{"event_name":"Big Fish","player_choice":"Box","floor":2.0,"damage_taken":0.0},{"event_name":"World of Goop","player_choice":"Gather Gold","floor":5.0,"damage_taken":0.0},{"event_name":"Golden Idol","player_choice":"Take Wound","floor":13.0,"damage_taken":0.0},{"event_name":"Cursed Tome","player_choice":"Ignored","floor":25.0,"damage_taken":0.0},{"event_name":"Golden Shrine","player_choice":"Desecrate","floor":27.0,"damage_taken":0.0},{"event_name":"Tomb of Lord Red Mask","player_choice":"Paid","floor":37,"damage_taken":0},{"event_name":"The Moai Head","player_choice":"Gave Idol","floor":47,"damage_taken":0}],"boss_relics":[{"not_picked":["Tiny House","Runic Pyramid"],"picked":"Eternal Feather"}],"potions_floor_spawned":[8,14,16,22,24,29,30,35,38,42],"seed_played":"-8309142025111742202","killed_by":"Donu and Deca","ascension_level":0,"is_trial":false}