{"gold_per_floor":[118,118,118,118,136,167,167,201,225,260,272,1,13,13],"floor_reached":14,"playtime":415,"items_purged":[],"score":266,"play_id":"e7c870d9-c647-421e-aad9-325447171133","local_time":"20181212220711","is_ascension_mode":true,"campfire_choices":[{"data":"Combust","floor":7,"key":"SMITH"}],"neow_cost":"NONE","seed_source_timestamp":1592518840893424,"circlet_count":0,"master_deck":["AscendersBane","Strike_R","Strike_R","Strike_R","Strike_R+1","Defend_R","Defend_R","Defend_R","Defend_R","Bash+1","Shrug It Off+1","Shockwave","Sword Boomerang","Combust+1","Corruption","Iron Wave","Shrug It Off","Rampage"],"relics":["Burning Blood","NeowsBlessing","Centennial Puzzle","Vajra","Omamori","The Courier","Meat on the Bone"],"potions_floor_usage":[14],"damage_taken":[{"damage":0,"enemies":"Jaw Worm","floor":1,"turns":1},{"damage":0,"enemies":"2 Louse","floor":5,"turns":2},{"damage":0,"enemies":"Gremlin Nob","floor":6,"turns":1},{"damage":32,"enemies":"Lagavulin","floor":8,"turns":8},{"damage":24,"enemies":"3 Sentries","floor":10,"turns":5},{"damage":0,"enemies":"Cultist","floor":11,"turns":3},{"damage":9,"enemies":"Gremlin Gang","floor":13,"turns":3},{"damage":34,"enemies":"Lagavulin","floor":14,"turns":7}],"seed_played":"6623602205783079582","potions_obtained":[{"floor":6,"key":"LiquidBronze"},{"floor":8,"key":"Strength Potion"},{"floor":11,"key":"PowerPotion"}],"is_trial":false,"path_per_floor":["M","?","?","?","M","E","R","E","T","E","M","$","M","E"],"character_chosen":"IRONCLAD","items_purchased":["Meat on the Bone","Shrug It Off"],"campfire_rested":0,"item_purchase_floors":[12,12],"current_hp_per_floor":[74,74,51,51,57,63,63,37,37,19,25,25,34,0],"gold":13,"neow_bonus":"THREE_ENEMY_KILL","is_prod":false,"is_daily":false,"chose_seed":false,"campfire_upgraded":1,"win_rate":0,"timestamp":1544670431,"path_taken":["M","?","?","?","?","E","R","E","T","E","?","$","M","E"],"build_version":"2018-12-06","purchased_purges":0,"victory":false,"max_hp_per_floor":[75,75,75,75,75,75,75,75,75,75,75,75,75,75],"card_choices":[{"not_picked":["Anger","True Grit"],"picked":"Shrug It Off","floor":1},{"not_picked":["Pummel","Bloodletting"],"picked":"Sword Boomerang","floor":5},{"not_picked":["Armaments","Bloodletting"],"picked":"Combust","floor":6},{"not_picked":["Sword Boomerang","Twin Strike","Searing Blow"],"picked":"SKIP","floor":8},{"not_picked":["Warcry","Perfected Strike"],"picked":"Corruption","floor":10},{"not_picked":["Dark Embrace","Rupture"],"picked":"Iron Wave","floor":11},{"not_picked":["Sever Soul","Body Slam"],"picked":"Rampage","floor":13}],"player_experience":683869,"relics_obtained":[{"floor":6,"key":"Centennial Puzzle"},{"floor":8,"key":"Vajra"},{"floor":9,"key":"Omamori"},{"floor":10,"key":"The Courier"}],"event_choices":[{"damage_healed":0,"gold_gain":0,"player_choice":"Grow","damage_taken":0,"max_hp_gain":0,"max_hp_loss":0,"event_name":"Living Wall","floor":2,"gold_loss":0,"cards_upgraded":["Bash"]},{"damage_healed":0,"gold_gain":0,"player_choice":"Entered Light","damage_taken":23,"max_hp_gain":0,"max_hp_loss":0,"event_name":"Shining Light","floor":3,"gold_loss":0,"cards_upgraded":["Strike_R","Shrug It Off"]},{"damage_healed":0,"gold_gain":0,"cards_transformed":["Strike_R"],"player_choice":"Transformed","damage_taken":0,"max_hp_gain":0,"max_hp_loss":0,"event_name":"Transmorgrifier","floor":4,"gold_loss":0,"cards_obtained":["Shockwave"]}],"is_beta":false,"boss_relics":[],"items_purged_floors":[],"is_endless":false,"potions_floor_spawned":[6,8,11,13],"killed_by":"Lagavulin","ascension_level":20}