{"gold_per_floor":[114,127,143,154,154,183,183,210,235,235,249,249],"floor_reached":12,"playtime":401,"items_purged":[],"score":126,"play_id":"23bc495a-f736-43bd-9dd4-587152f39ec8","local_time":"20180704102801","is_ascension_mode":true,"campfire_choices":[{"data":"Rainbow","floor":7,"key":"SMITH"},{"floor":10,"key":"REST"}],"neow_cost":"NONE","seed_source_timestamp":837544641542633,"circlet_count":0,"master_deck":["Strike_B","Strike_B","Strike_B","Strike_B","Defend_B","Defend_B","Defend_B","Defend_B","Zap+1","Dualcast+1","Sweeping Beam","Compile Driver","Rainbow+1","Double Energy","Genetic Algorithm","Defragment"],"relics":["Cracked Core","Bag of Marbles","Omamori","War Paint","Pen Nib"],"potions_floor_usage":[6],"damage_taken":[{"damage":0,"enemies":"Small Slimes","floor":1,"turns":3},{"damage":1,"enemies":"Cultist","floor":2,"turns":3},{"damage":4,"enemies":"Jaw Worm","floor":3,"turns":3},{"damage":1,"enemies":"Exordium Wildlife","floor":4,"turns":3},{"damage":18,"enemies":"3 Sentries","floor":6,"turns":4},{"damage":16,"enemies":"Lagavulin","floor":8,"turns":6},{"damage":50,"enemies":"Exordium Thugs","floor":11,"turns":5},{"damage":10,"enemies":"2 Fungi Beasts","floor":12,"turns":3}],"seed_played":"7141100622478743713","potions_obtained":[{"floor":3,"key":"FairyPotion"},{"floor":4,"key":"Explosive Potion"},{"floor":6,"key":"Ancient Potion"}],"is_trial":false,"path_per_floor":["M","M","M","M","?","E","R","E","T","R","M"],"character_chosen":"DEFECT","items_purchased":[],"campfire_rested":1,"item_purchase_floors":[],"current_hp_per_floor":[68,67,63,62,62,44,44,28,28,50,7,0],"gold":249,"neow_bonus":"RANDOM_COMMON_RELIC","is_prod":false,"is_daily":false,"chose_seed":false,"campfire_upgraded":1,"win_rate":0,"timestamp":1530718081,"path_taken":["M","M","M","M","?","E","R","E","T","R","M","M"],"build_version":"2018-06-28","purchased_purges":0,"victory":false,"max_hp_per_floor":[75,75,75,75,75,75,75,75,75,75,75,75],"card_choices":[{"not_picked":["Steam","Coolheaded"],"picked":"Sweeping Beam","floor":1},{"not_picked":["Hologram","Steam"],"picked":"Compile Driver","floor":2},{"not_picked":["Turbo","Double Energy","Steam Power"],"picked":"SKIP","floor":3},{"not_picked":["Turbo","Fusion"],"picked":"Rainbow","floor":4},{"not_picked":["Coolheaded","Gash"],"picked":"Double Energy","floor":6},{"not_picked":["Multi-Cast","FTL"],"picked":"Genetic Algorithm","floor":8},{"not_picked":["Redo","Undo"],"picked":"Defragment","floor":11}],"player_experience":416088,"relics_obtained":[{"floor":6,"key":"Omamori"},{"floor":8,"key":"War Paint"},{"floor":9,"key":"Pen Nib"}],"event_choices":[{"event_name":"The Woman in Blue","player_choice":"Bought 0 Potions","floor":5,"damage_taken":0}],"boss_relics":[],"items_purged_floors":[],"is_endless":false,"potions_floor_spawned":[3,4,6],"killed_by":"2 Fungi Beasts","ascension_level":8}