{"path_per_floor":["M","?","M","M","M","E","R","?","T","M","R","E","?","?","R","B",null,"M","?","?","?","M","R","E","M","T","M","M","R","M","E","R","B",null,"M","?","?","?","M","R","M","R","T","$","R","M","M","E","R","B"],"character_chosen":"THE_SILENT","items_purchased":["Catalyst","Noxious Fumes","Centennial Puzzle"],"gold_per_floor":[15,15,29,39,51,79,79,102,155,165,165,194,194,144,144,239,239,253,253,253,253,266,266,297,312,312,331,351,351,367,392,392,497,497,510,510,510,510,526,526,545,545,545,121,121,132,145,176,176,176],"floor_reached":51,"campfire_rested":2,"playtime":3689,"current_hp_per_floor":[68,56,56,55,55,46,46,45,45,45,45,48,48,48,48,30,77,71,71,71,71,67,67,70,69,69,57,37,60,61,53,53,28,77,67,67,67,67,51,51,57,57,57,57,57,58,53,36,59,34],"items_purged":["Strike_G"],"gold":176,"score":576,"play_id":"18db4e85-2292-44bc-bf4f-9bb9d9f1c3ea","is_prod":false,"is_daily":false,"is_ascension_mode":false,"campfire_upgraded":8,"path_taken":["M","?","M","M","?","E","R","?","T","?","R","E","?","?","R","BOSS","M","?","?","?","M","R","E","?","T","M","M","R","M","E","R","BOSS","M","?","?","?","M","R","M","R","T","$","R","M","M","E","R","BOSS"],"build_version":"2018-02-08-PROD1","purchased_purges":1,"victory":true,"master_deck":["Defend_G","Defend_G","Defend_G+1","Defend_G+1","Defend_G","Strike_G","Strike_G","Strike_G","Survivor","Neutralize","Leg Sweep+1","Flechettes+1","Dash+1","Prepared","Bouncing Flask+1","Sucker Punch+1","Dagger Throw","Deflect","Tools of the Trade+1","Dodge and Roll","Bouncing Flask+1","Terror+1","Prepared+1","Slice","PiercingWail+1","Poisoned Stab","Noxious Fumes+1","Bullet Time","Crippling Poison+1","Leg Sweep+1","Footwork+1","Catalyst+1","Noxious Fumes","Sucker Punch+1","PiercingWail+1"],"max_hp_per_floor":[70,70,70,70,70,70,70,70,70,70,70,77,77,77,77,77,77,77,77,77,77,77,77,77,77,77,77,77,77,77,77,77,77,77,77,77,77,77,77,77,77,77,77,77,77,77,77,77,77,77],"relics":["Ring of the Snake","Bird Faced Urn","War Paint","Blood Vial","Odd Mushroom","Happy Flower","Strawberry","The Specimen","Prayer Wheel","Pen Nib","Bag of Preparation","Paper Crane","Runic Pyramid","Spirit Poop","Dream Catcher","Ninja Scroll","Centennial Puzzle","Orichalcum"],"card_choices":[{"not_picked":["Sucker Punch","Backflip"],"picked":"Leg Sweep"},{"not_picked":["Reflex","Well Laid Plans"],"picked":"Flechettes"},{"not_picked":["Deflect","Crippling Poison"],"picked":"Dash"},{"not_picked":["Malaise","Deflect"],"picked":"Prepared"},{"not_picked":["Well Laid Plans","Dash"],"picked":"Bouncing Flask"},{"not_picked":["Tools of the Trade","Caltrops"],"picked":"Sucker Punch"},{"not_picked":["Blade Dance","Poisoned Stab"],"picked":"Dagger Throw"},{"not_picked":["Endless Agony","Riddle With Holes"],"picked":"Deflect"},{"not_picked":["Unload","After Image"],"picked":"Tools of the Trade"},{"not_picked":["Dagger Spray","Underhanded Strike"],"picked":"Dodge and Roll"},{"not_picked":["Blade Dance","Cloak And Dagger"],"picked":"Terror"},{"not_picked":["Cloak And Dagger","Predator"],"picked":"Prepared"},{"not_picked":["Dodge and Roll","Quick Slash"],"picked":"Slice"},{"not_picked":["Caltrops","Deflect"],"picked":"PiercingWail"},{"not_picked":["Riddle With Holes","Quick Slash"],"picked":"Poisoned Stab"},{"not_picked":["Infinite Blades","Dagger Spray"],"picked":"Noxious Fumes"},{"not_picked":["Tactician","A Thousand Cuts"],"picked":"Bullet Time"},{"not_picked":["Cloak And Dagger","Reflex"],"picked":"Crippling Poison"},{"not_picked":["Dagger Throw","Dodge and Roll"],"picked":"Leg Sweep"},{"not_picked":["Deflect","Dagger Spray"],"picked":"Footwork"},{"not_picked":["Reflex","Slice"],"picked":"Sucker Punch"},{"not_picked":["All Out Attack","Doppelganger"],"picked":"PiercingWail"}],"player_experience":63114,"potions_floor_usage":[16,24,27,31,39,47,50],"damage_taken":[{"damage":2,"enemies":"Cultist","floor":1,"turns":4},{"damage":0,"enemies":"2 Louse","floor":3,"turns":4},{"damage":1,"enemies":"Blue Slaver","floor":4,"turns":5},{"damage":0,"enemies":"2 Fungi Beasts","floor":5,"turns":5},{"damage":9,"enemies":"3 Sentries","floor":6,"turns":12},{"damage":3,"enemies":"The Mushroom Lair","floor":8,"turns":4},{"damage":2,"enemies":"Looter","floor":10,"turns":3},{"damage":6,"enemies":"Gremlin Nob","floor":12,"turns":4},{"damage":20,"enemies":"Slime Boss","floor":16,"turns":11},{"damage":6,"enemies":"Shell Parasite","floor":18,"turns":6},{"damage":8,"enemies":"Spheric Guardian","floor":22,"turns":4},{"damage":1,"enemies":"Book of Stabbing","floor":24,"turns":5},{"damage":5,"enemies":"Centurion and Healer","floor":25,"turns":8},{"damage":16,"enemies":"Chosen and Byrds","floor":27,"turns":7},{"damage":24,"enemies":"Sentry and Sphere","floor":28,"turns":8},{"damage":3,"enemies":"Centurion and Healer","floor":30,"turns":6},{"damage":12,"enemies":"Slavers","floor":31,"turns":6},{"damage":31,"enemies":"Champ","floor":33,"turns":13},{"damage":10,"enemies":"Orb Walker","floor":35,"turns":3},{"damage":22,"enemies":"3 Darklings","floor":39,"turns":5},{"damage":0,"enemies":"Maw","floor":41,"turns":8},{"damage":9,"enemies":"Sphere and 2 Shapes","floor":46,"turns":5},{"damage":23,"enemies":"3 Darklings","floor":47,"turns":5},{"damage":27,"enemies":"2 Orb Walkers","floor":48,"turns":7},{"damage":35,"enemies":"Donu and Deca","floor":50,"turns":10}],"event_choices":[{"event_name":"Scrap Ooze","player_choice":"success","floor":2,"damage_taken":12},{"event_name":"Mushrooms","player_choice":"Fought Mushrooms","floor":8,"damage_taken":0},{"event_name":"Upgrade Shrine","player_choice":"Upgraded","floor":13,"damage_taken":0},{"event_name":"The Cleric","player_choice":"Card Removal","floor":14,"damage_taken":0},{"event_name":"Drug Dealer","player_choice":"Ignored","floor":19,"damage_taken":0},{"event_name":"Duplicator","player_choice":"One dupe","floor":20,"damage_taken":0},{"event_name":"The Mausoleum","player_choice":"Yes","floor":21,"damage_taken":0},{"event_name":"The Lab","player_choice":"Got Potions","floor":36,"damage_taken":0},{"event_name":"Bonfire Elementals","player_choice":"CURSE","floor":37,"damage_taken":0},{"event_name":"Wheel of Change","player_choice":"Relic","floor":38,"damage_taken":0}],"boss_relics":[{"not_picked":["Lizard Tail","Question Card"],"picked":"The Specimen"},{"not_picked":["Tiny House","Philosopher\u0027s Stone"],"picked":"Runic Pyramid"}],"potions_floor_spawned":[3,6,8,10,16,18,22,25,28,33,35,39],"seed_played":"7993906883730673296","ascension_level":0,"is_trial":false}