{"gold_per_floor":[19,94,14,25,43,55,82,100,100,111,111,128,139,155,155,226,226,244,264,279,295,295],"floor_reached":22,"playtime":3837,"items_purged":[],"score":323,"play_id":"8f14eec4-e6be-4f76-a627-464771de4fd0","local_time":"20190215001014","is_ascension_mode":true,"campfire_choices":[{"data":"Self Repair","floor":11.0,"key":"SMITH"},{"data":"Zap","floor":15.0,"key":"SMITH"}],"neow_cost":"NO_GOLD","seed_source_timestamp":21575650620262,"circlet_count":0,"master_deck":["AscendersBane","Strike_B","Defend_B","Defend_B","Defend_B","Defend_B","Zap+1","Dualcast","Conserve Battery","Self Repair+1","BootSequence","Glacier","Ball Lightning","Barrage","Tempest","Steam","Capacitor","Rainbow","Creative AI","Scrape+1","Tempest+1","Amplify+1","Chill","Go for the Eyes","Stack"],"special_seed":0,"relics":["Cracked Core","Ginger","Dead Branch","Question Card","Astrolabe"],"potions_floor_usage":[19,20,22],"damage_taken":[{"damage":25.0,"enemies":"Small Slimes","floor":1.0,"turns":4.0},{"damage":0.0,"enemies":"Cultist","floor":4.0,"turns":4.0},{"damage":4.0,"enemies":"Jaw Worm","floor":5.0,"turns":4.0},{"damage":3.0,"enemies":"3 Louse","floor":6.0,"turns":5.0},{"damage":38.0,"enemies":"3 Sentries","floor":7.0,"turns":16.0},{"damage":1.0,"enemies":"Exordium Thugs","floor":8.0,"turns":3.0},{"damage":0.0,"enemies":"Looter","floor":10.0,"turns":3.0},{"damage":0.0,"enemies":"Red Slaver","floor":12.0,"turns":3.0},{"damage":0.0,"enemies":"3 Louse","floor":13.0,"turns":4.0},{"damage":5.0,"enemies":"Exordium Thugs","floor":14.0,"turns":3.0},{"damage":1,"enemies":"Hexaghost","floor":16,"turns":12},{"damage":26,"enemies":"Shell Parasite","floor":18,"turns":8},{"damage":0,"enemies":"3 Byrds","floor":19,"turns":5},{"damage":24,"enemies":"Snecko","floor":20,"turns":7},{"damage":60,"enemies":"Shelled Parasite and Fungi","floor":21,"turns":10},{"damage":38,"enemies":"Colosseum Slavers","floor":22,"turns":3}],"seed_played":"740768991521728193","potions_obtained":[{"floor":5.0,"key":"GamblersBrew"},{"floor":7.0,"key":"Poison Potion"},{"floor":8.0,"key":"FearPotion"},{"floor":10.0,"key":"EntropicBrew"},{"floor":13.0,"key":"PowerPotion"},{"floor":16,"key":"Explosive Potion"},{"floor":21,"key":"Regen Potion"}],"is_trial":false,"path_per_floor":["M","?","$","M","M","M","E","M","T","M","R","M","M","M","R","B",null,"M","M","M","M","?"],"character_chosen":"DEFECT","items_purchased":["Self Repair"],"campfire_rested":0,"item_purchase_floors":[3],"current_hp_per_floor":[43,36,36,43,46,50,19,18,18,25,25,35,45,50,50,69,74,58,68,64,24,0],"gold":295,"neow_bonus":"ONE_RARE_RELIC","is_prod":false,"is_daily":false,"chose_seed":false,"campfire_upgraded":2,"win_rate":0,"timestamp":1550164214,"path_taken":["M","?","$","M","?","M","E","M","T","M","R","M","M","M","R","BOSS","M","M","M","M","?"],"build_version":"2019-01-23","purchased_purges":0,"victory":false,"max_hp_per_floor":[75,75,75,75,75,75,75,75,75,75,75,75,75,75,75,75,75,75,75,75,75,75],"card_choices":[{"not_picked":["Streamline","Genetic Algorithm"],"picked":"Conserve Battery","floor":1.0},{"not_picked":["Aggregate","Fusion","Stack"],"picked":"SKIP","floor":4.0},{"not_picked":["Barrage","Force Field"],"picked":"BootSequence","floor":5.0},{"not_picked":["Streamline","Aggregate"],"picked":"Glacier","floor":6.0},{"not_picked":["Beam Cell","Redo"],"picked":"Ball Lightning","floor":7.0},{"not_picked":["Turbo","Blizzard"],"picked":"Barrage","floor":8.0},{"not_picked":["Stack","Skim","Streamline"],"picked":"Tempest","floor":10.0},{"not_picked":["All For One","Melter","Heatsinks"],"picked":"Steam","floor":12.0},{"not_picked":["Sweeping Beam","Compile Driver","Scrape"],"picked":"Capacitor","floor":13.0},{"not_picked":["Ball Lightning","Recycle","Static Discharge"],"picked":"Rainbow","floor":14.0},{"not_picked":["Meteor Strike","Reboot","Rainbow"],"picked":"Creative AI","floor":16},{"not_picked":["Hologram","Stack","Skim"],"picked":"Chill","floor":18},{"not_picked":["Steam+1","Conserve Battery","Ball Lightning","Gash"],"picked":"SKIP","floor":19},{"not_picked":["Steam","Scrape","Melter"],"picked":"Go for the Eyes","floor":20},{"not_picked":["Hello World","Barrage","Beam Cell"],"picked":"Stack","floor":21}],"player_experience":338569,"relics_obtained":[{"floor":7.0,"key":"Dead Branch"},{"floor":9.0,"key":"Question Card"}],"event_choices":[{"damage_healed":0.0,"max_hp_gain":0.0,"max_hp_loss":0.0,"gold_gain":75.0,"event_name":"FaceTrader","player_choice":"Touch","floor":2.0,"gold_loss":0.0,"damage_taken":7.0},{"damage_healed":0,"gold_gain":0,"player_choice":"Fight","damage_taken":0,"max_hp_gain":0,"max_hp_loss":0,"event_name":"Colosseum","floor":22,"gold_loss":0}],"is_beta":false,"boss_relics":[{"not_picked":["Lizard Tail","Pandora\u0027s Box"],"picked":"Astrolabe"}],"items_purged_floors":[],"is_endless":false,"potions_floor_spawned":[5,7,8,10,13,16,18,21],"killed_by":"Colosseum Slavers","ascension_level":13}