{"gold_per_floor":[99],"floor_reached":0,"playtime":74,"items_purged":[],"score":50,"play_id":"2ac9ffab-f2df-4ac8-9b35-97a742cfcc9f","local_time":"20181110171031","daily_mods":["Draft","Chimera","Shiny","Allstar","Diverse","Colorless Cards","Heirloom","Time Dilation","Flight","Midas"],"is_ascension_mode":true,"campfire_choices":[],"neow_cost":"","seed_source_timestamp":0,"circlet_count":0,"master_deck":["Demon Form","Wraith Form v2","Echo Form","AscendersBane","Bash","Survivor","Zap","Strike_R","Strike_G","Strike_B","Defend_R","Defend_G","Defend_B","Multi-Cast","Hyperbeam","Thunder Strike","Biased Cognition","Machine Learning","Electrodynamics","Buffer","Rainbow","Seek","Meteor Strike","Echo Form","All For One","Reboot","Amplify","Creative AI","Fission","Core Surge","Venomology","Corpse Explosion","Malaise","Phantasmal Killer","Die Die Die","Adrenaline","Envenom","Doppelganger","Burst","Wraith Form v2","Tools of the Trade","Night Terror","Unload","After Image","Bullet Time","Storm of Steel","Glass Knife","A Thousand Cuts","Grand Finale","Double Tap","Demon Form","Bludgeon","Feed","Limit Break","Barricade","Fiend Fire","Dark Embrace","Berserk","Impervious","Juggernaut","Brutality","Reaper","Exhume","Offering","Immolate","Thinking Ahead","Metamorphosis","Master of Strategy","Magnetism","Chrysalis","Transmutation","HandOfGreed","Mayhem","Apotheosis","Secret Weapon","Panache","Violence","Secret Technique","The Bomb","Sadistic Nature","Hologram","Gash","Eviscerate","Dodge and Roll","All Out Attack","Underhanded Strike","Sucker Punch","Anger"],"relics":["Cracked Core","Gambling Chip"],"potions_floor_usage":[],"damage_taken":[],"seed_played":"-4849825367132523335","potions_obtained":[],"is_trial":true,"path_per_floor":[],"character_chosen":"DEFECT","items_purchased":[],"campfire_rested":0,"item_purchase_floors":[],"current_hp_per_floor":[64],"gold":99,"neow_bonus":"","is_prod":false,"is_daily":false,"chose_seed":false,"campfire_upgraded":0,"win_rate":0,"timestamp":1541844631,"path_taken":[],"build_version":"2018-11-08","purchased_purges":0,"victory":false,"max_hp_per_floor":[71],"card_choices":[{"not_picked":["Steam","Rupture"],"picked":"Hologram","floor":0},{"not_picked":["Deadly Poison","Warcry"],"picked":"Gash","floor":0},{"not_picked":["Steam","Warcry"],"picked":"Eviscerate","floor":0},{"not_picked":["Rebound","Warcry"],"picked":"Dodge and Roll","floor":0},{"not_picked":["Predator","Deadly Poison"],"picked":"All Out Attack","floor":0},{"not_picked":["Sweeping Beam","Bane"],"picked":"Underhanded Strike","floor":0},{"not_picked":["Havoc","Dagger Throw"],"picked":"Sucker Punch","floor":0},{"not_picked":["Dagger Spray","Streamline"],"picked":"Anger","floor":0}],"player_experience":48460,"relics_obtained":[],"event_choices":[],"is_beta":false,"boss_relics":[],"items_purged_floors":[],"is_endless":true,"potions_floor_spawned":[],"ascension_level":20}