{"gold_per_floor":[116,116,129,148,110,110,143,162,162,162,173,348,13,13,13,143,143,159,159,143,143,66,66,85,85],"floor_reached":25,"playtime":1560,"items_purged":["Doubt"],"score":231,"play_id":"0dd0126f-ad79-4d34-b25b-80dde1dc2201","local_time":"20181130235847","is_ascension_mode":true,"campfire_choices":[{"data":"Dualcast","floor":6,"key":"SMITH"},{"data":"Redo","floor":10,"key":"SMITH"},{"floor":15,"key":"REST"},{"data":"Go for the Eyes","floor":23,"key":"SMITH"}],"neow_cost":"NONE","seed_source_timestamp":189513139807008,"circlet_count":0,"master_deck":["Strike_B","Strike_B","Strike_B","Strike_B","Defend_B","Defend_B","Defend_B","Defend_B","Zap+1","Dualcast+1","Redo+1","Hologram","Go for the Eyes+1","Melter","Glacier","Hologram","Darkness","Injury","Reboot","Steam+1","Coolheaded"],"special_seed":0,"relics":["FrozenCore","Incense Burner","Ice Cream","Matryoshka","Golden Idol","Torii"],"potions_floor_usage":[16,16,24,24],"damage_taken":[{"damage":2.0,"enemies":"2 Louse","floor":1.0,"turns":2.0},{"damage":7,"enemies":"Jaw Worm","floor":3,"turns":3},{"damage":7,"enemies":"Small Slimes","floor":4,"turns":2},{"damage":17,"enemies":"Lagavulin","floor":7,"turns":4},{"damage":14,"enemies":"Looter","floor":8,"turns":3},{"damage":0,"enemies":"2 Fungi Beasts","floor":11,"turns":2},{"damage":11,"enemies":"Hexaghost","floor":16,"turns":9},{"damage":0,"enemies":"Spheric Guardian","floor":18,"turns":2},{"damage":1,"enemies":"2 Thieves","floor":20,"turns":5},{"damage":9,"enemies":"Snecko","floor":24,"turns":7},{"damage":90,"enemies":"Gremlin Leader","floor":25,"turns":13}],"seed_played":"5606131742512323913","potions_obtained":[{"floor":7,"key":"Poison Potion"},{"floor":8,"key":"SpeedPotion"},{"floor":16,"key":"Swift Potion"},{"floor":20,"key":"PowerPotion"}],"is_trial":false,"path_per_floor":["M","?","M","M","$","R","E","M","T","R","M","?","$","?","R","B",null,"M","?","M","?","$","R","M","E"],"character_chosen":"DEFECT","items_purchased":["Melter","Matryoshka","FocusPotion"],"campfire_rested":1,"item_purchase_floors":[5,13,22],"current_hp_per_floor":[73,73,66,59,59,59,42,28,28,28,28,28,28,28,50,39,75,75,75,74,74,74,74,65,0],"gold":85,"neow_bonus":"UPGRADE_CARD","is_prod":false,"is_daily":false,"chose_seed":false,"campfire_upgraded":3,"win_rate":0,"timestamp":1543589927,"path_taken":["M","?","M","M","$","R","E","M","T","R","M","?","?","?","R","BOSS","M","?","M","?","?","R","M","E"],"build_version":"2018-11-15","purchased_purges":1,"victory":false,"max_hp_per_floor":[75,75,75,75,75,75,75,75,75,75,75,75,75,75,75,75,75,75,75,75,75,75,75,75,75],"card_choices":[{"not_picked":["Stack","Hello World"],"picked":"Redo","floor":1.0},{"not_picked":["Undo","Streamline"],"picked":"Hologram","floor":3},{"not_picked":["Compile Driver","Gash"],"picked":"Go for the Eyes","floor":4},{"not_picked":["Skim","Coolheaded"],"picked":"Glacier","floor":7},{"not_picked":["Static Discharge","Rebound"],"picked":"Hologram","floor":8},{"not_picked":["Gash","Reprogram"],"picked":"Darkness","floor":11},{"not_picked":["Amplify","Machine Learning"],"picked":"Reboot","floor":16},{"not_picked":["Sweeping Beam","Ball Lightning","Rebound"],"picked":"SKIP","floor":18},{"not_picked":["Ball Lightning","Rebound"],"picked":"Steam+1","floor":20},{"not_picked":["Compile Driver","All For One"],"picked":"Coolheaded","floor":24}],"player_experience":134097,"relics_obtained":[{"floor":7,"key":"Incense Burner"},{"floor":9,"key":"Ice Cream"}],"event_choices":[{"damage_healed":0.0,"max_hp_gain":0.0,"max_hp_loss":0.0,"gold_gain":0.0,"event_name":"Scrap Ooze","player_choice":"Fled","floor":2.0,"gold_loss":0.0,"damage_taken":0.0},{"damage_healed":0,"gold_gain":175,"player_choice":"AGREE","damage_taken":0,"max_hp_gain":0,"max_hp_loss":0,"event_name":"Liars Game","floor":12,"gold_loss":0,"cards_obtained":["Doubt"]},{"damage_healed":0,"gold_gain":0,"player_choice":"Take Wound","damage_taken":0,"relics_obtained":["Golden Idol"],"max_hp_gain":0,"max_hp_loss":0,"event_name":"Golden Idol","floor":14,"gold_loss":0,"cards_obtained":["Injury"]},{"damage_healed":0,"gold_gain":0,"player_choice":"Opened","damage_taken":0,"relics_obtained":["Torii"],"max_hp_gain":0,"max_hp_loss":0,"event_name":"The Mausoleum","floor":19,"gold_loss":0},{"damage_healed":0,"gold_gain":0,"player_choice":"Ignored","damage_taken":0,"max_hp_gain":0,"max_hp_loss":0,"event_name":"Vampires","floor":21,"gold_loss":0}],"is_beta":false,"boss_relics":[{"not_picked":["Sozu","Empty Cage"],"picked":"FrozenCore"}],"items_purged_floors":[13],"is_endless":false,"potions_floor_spawned":[7,8,16,20],"killed_by":"Gremlin Leader","ascension_level":3}