{"path_per_floor":["M","M","?","?","?","R","E","R","T","M","$","E","R","M","R","B",null,"M","?","?","?","?","E","R","E","T","R","M","?","E","M","R","B",null,"M","$","?","?","?","T","$","?","T","$","R","M","M","M","R"],"character_chosen":"THE_SILENT","items_purchased":["Kunai","Deadly Poison","Oddly Smooth Stone","Toolbox"],"gold_per_floor":[119,139,314,264,264,264,298,298,323,333,19,44,44,63,63,167,167,179,179,179,179,179,205,205,236,284,284,296,296,331,348,348,453,453,463,57,57,57,57,82,7,7,7,7,7,23,33,52,52],"floor_reached":50,"campfire_rested":5,"playtime":2686,"current_hp_per_floor":[70,60,60,60,46,46,27,48,48,48,48,27,48,48,48,42,70,60,60,47,47,47,27,49,33,33,55,48,73,51,47,47,16,75,66,66,57,75,75,75,75,75,82,82,82,51,11,9,33],"items_purged":["Writhe"],"gold":52,"score":500,"play_id":"dae20746-a752-4527-a4f7-cb4079046453","is_prod":false,"is_daily":false,"is_ascension_mode":true,"campfire_upgraded":4,"path_taken":["M","M","?","?","?","R","E","R","T","M","$","E","R","M","R","BOSS","M","?","?","?","?","E","R","E","T","R","M","?","E","M","R","BOSS","M","$","?","?","?","?","?","?","T","?","R","M","M","M","R","BOSS"],"build_version":"2018-02-15-PROD1","purchased_purges":1,"victory":false,"master_deck":["Survivor","Neutralize+1","Noxious Fumes+1","PiercingWail","Terror","Deadly Poison","Cloak And Dagger","Sucker Punch","Tools of the Trade","Endless Agony","Distraction","Noxious Fumes","Flying Knee","Underhanded Strike","Underhanded Strike","Slice","Prepared+1","Quick Slash+1","Slice","Escape Plan","Catalyst+1","Bane+1","After Image+1","Madness","Madness","Pain"],"max_hp_per_floor":[70,70,70,70,70,70,70,70,70,70,70,70,70,70,70,70,70,70,70,75,75,75,75,75,75,75,75,75,75,75,75,75,75,75,75,75,75,75,75,75,75,75,82,82,82,82,82,82,82],"relics":["Ring of the Snake","Bag of Preparation","Lantern","Kunai","Juzu Bracelet","Pandora\u0027s Box","Blue Candle","Centennial Puzzle","Bronze Scales","Sundial","Cursed Key","Oddly Smooth Stone","Toolbox","Snake Skull","Strawberry"],"card_choices":[{"not_picked":["Deflect","Underhanded Strike"],"picked":"Noxious Fumes"},{"not_picked":["Blade Dance","Endless Agony"],"picked":"PiercingWail"},{"not_picked":["Underhanded Strike","Flying Knee"],"picked":"Terror"},{"not_picked":["Well Laid Plans","Outmaneuver"],"picked":"Cloak And Dagger"},{"not_picked":["Expertise","Outmaneuver"],"picked":"Sucker Punch"},{"not_picked":["Envenom","Phantasmal Killer"],"picked":"Tools of the Trade"},{"not_picked":["Poisoned Stab","Deadly Poison"],"picked":"Prepared"},{"not_picked":["Footwork","Wraith Form"],"picked":"Quick Slash"},{"not_picked":["Sucker Punch","Deflect"],"picked":"Slice"},{"not_picked":["Backflip","Slice"],"picked":"Escape Plan"},{"not_picked":["PiercingWail","Accuracy"],"picked":"Catalyst"},{"not_picked":["Deadly Poison","Deflect"],"picked":"Bane"},{"not_picked":["Storm of Steel","Glass Knife"],"picked":"After Image"},{"not_picked":["Caltrops","Outmaneuver"],"picked":"Calculated Gamble"}],"player_experience":100256,"potions_floor_usage":[7,16,23,23,23,31,48,48,48],"damage_taken":[{"damage":0,"enemies":"2 Louse","floor":1,"turns":3},{"damage":10,"enemies":"Small Slimes","floor":2,"turns":3},{"damage":19,"enemies":"3 Sentries","floor":7,"turns":7},{"damage":0,"enemies":"Jaw Worm","floor":10,"turns":4},{"damage":21,"enemies":"Lagavulin","floor":12,"turns":7},{"damage":0,"enemies":"3 Louse","floor":14,"turns":3},{"damage":6,"enemies":"The Guardian","floor":16,"turns":9},{"damage":10,"enemies":"2 Thieves","floor":18,"turns":4},{"damage":20,"enemies":"Slavers","floor":23,"turns":4},{"damage":16,"enemies":"Gremlin Leader","floor":25,"turns":6},{"damage":7,"enemies":"Chosen","floor":28,"turns":3},{"damage":22,"enemies":"Book of Stabbing","floor":30,"turns":5},{"damage":4,"enemies":"Snecko","floor":31,"turns":4},{"damage":31,"enemies":"Automaton","floor":33,"turns":8},{"damage":9,"enemies":"3 Shapes","floor":35,"turns":5},{"damage":31,"enemies":"3 Darklings","floor":46,"turns":4},{"damage":40,"enemies":"Sphere and 2 Shapes","floor":47,"turns":6},{"damage":14,"enemies":"4 Shapes","floor":48,"turns":5},{"damage":40,"enemies":"Awakened One","floor":50,"turns":2}],"event_choices":[{"event_name":"Liars Game","player_choice":"agreed","floor":3,"damage_taken":0},{"event_name":"The Cleric","player_choice":"Card Removal","floor":4,"damage_taken":0},{"event_name":"Shining Light","player_choice":"Entered Light","floor":5,"damage_taken":0},{"event_name":"Back to Basics","player_choice":"Elegance","floor":19,"damage_taken":0},{"event_name":"Forgotten Altar","player_choice":"Shed Blood","floor":20,"damage_taken":0},{"event_name":"Purifier","player_choice":"One Purge","floor":21,"damage_taken":0},{"event_name":"Vampires","player_choice":"Ignored","floor":22,"damage_taken":0},{"event_name":"The Library","player_choice":"Heal","floor":29,"damage_taken":0},{"event_name":"Winding Halls","player_choice":"Embrace Madness","floor":37,"damage_taken":0},{"event_name":"Bonfire Elementals","player_choice":"UNCOMMON","floor":38,"damage_taken":0},{"event_name":"The Lab","player_choice":"Got Potions","floor":39,"damage_taken":0}],"boss_relics":[{"not_picked":["Astrolabe","Tiny House"],"picked":"Pandora\u0027s Box"},{"not_picked":["White Beast Statue","Lizard Tail"],"picked":"Cursed Key"}],"potions_floor_spawned":[1,7,10,14,16,18,25,47],"seed_played":"1774835854728485532","killed_by":"Awakened One","ascension_level":1,"is_trial":false}