{"path_per_floor":["M","M","?","M","M","R","?","$","T","E","M","E","M","?","R","B",null,"M","M","?","$","?","R","M","M","T","?","?","$","M","M","R"],"character_chosen":"IRONCLAD","items_purchased":["Secret Technique","Toolbox","Inflame","Shrug It Off"],"gold_per_floor":[117,132,307,319,332,332,332,76,127,155,173,203,218,218,218,338,338,361,384,384,67,67,67,90,115,138,53,53,6,27,40,40],"floor_reached":33,"campfire_rested":3,"playtime":4684,"current_hp_per_floor":[80,80,80,71,63,63,80,80,80,70,70,62,55,55,79,23,80,34,31,31,31,31,55,29,10,10,10,36,36,39,17,41],"items_purged":["Doubt"],"gold":40,"play_id":"505e7200-cc60-4edd-aeff-41ff6b12fd99","is_prod":false,"is_daily":false,"campfire_rituals":0,"campfire_upgraded":1,"is_hardmode":false,"path_taken":["M","M","?","M","M","R","?","$","T","E","?","E","M","?","R","BOSS","M","M","?","$","?","R","M","M","T","?","?","?","M","M","R","BOSS"],"build_version":"2017-12-21-PROD1","purchased_purges":1,"victory":false,"master_deck":["Strike_R","Strike_R","Strike_R","Strike_R","Strike_R","Defend_R","Defend_R","Defend_R","Defend_R","Bash","Fiend Fire","Headbutt","Twin Strike","Twin Strike","Flex","Parasite","Secret Technique","Twin Strike","Sword Boomerang","Pummel","Inflame","Injury","Demon Form","Intimidate","Feel No Pain","Twin Strike","Whirlwind","Warcry","Twin Strike","Limit Break","Rage","Bash","Inflame","Sword Boomerang","Clothesline","Anger","Shrug It Off","Seeing Red","Sword Boomerang"],"max_hp_per_floor":[80,80,80,80,80,80,80,80,80,80,80,80,80,80,80,80,80,80,80,80,80,80,80,80,80,80,80,80,80,80,80,80],"relics":["Burning Blood","Prayer Wheel","Centennial Puzzle","Unceasing Top","Golden Idol","Orrery","Toolbox","Toxic Egg","Ginger"],"campfire_meditates":0,"card_choices":[{"not_picked":["Armaments","Cleave"],"picked":"Headbutt"},{"not_picked":["Infernal Blade","True Grit"],"picked":"Twin Strike"},{"not_picked":["Sever Soul","Reaper"],"picked":"Twin Strike"},{"not_picked":["Seeing Red","Thunderclap"],"picked":"Flex"},{"not_picked":["Metallicize","Pommel Strike"],"picked":"Twin Strike"},{"not_picked":["Thunderclap","Flex"],"picked":"Sword Boomerang"},{"not_picked":["Double Tap","Uppercut"],"picked":"Pummel"},{"not_picked":["Shockwave","Body Slam"],"picked":"Inflame"},{"not_picked":["Double Tap","Fiend Fire"],"picked":"Demon Form"},{"not_picked":["Body Slam","Warcry"],"picked":"Intimidate"},{"not_picked":["Warcry","Clash"],"picked":"Feel No Pain"},{"not_picked":["Shockwave","Flame Barrier"],"picked":"Twin Strike"},{"not_picked":["Body Slam","Searing Blow"],"picked":"Whirlwind"},{"not_picked":["Seeing Red","Body Slam"],"picked":"Warcry"},{"not_picked":["Perfected Strike","Cleave"],"picked":"Twin Strike"},{"not_picked":["Cleave","Reckless Charge"],"picked":"Limit Break"},{"not_picked":["Shockwave","Cleave"],"picked":"Sword Boomerang"},{"not_picked":["Bloodletting","Reckless Charge"],"picked":"Clothesline"},{"not_picked":["Pommel Strike","Reckless Charge"],"picked":"Anger"},{"not_picked":["Infernal Blade","Iron Wave"],"picked":"Seeing Red"},{"not_picked":["Combust","Perfected Strike"],"picked":"Sword Boomerang"}],"player_experience":11323,"potions_floor_usage":[],"damage_taken":[{"damage":5,"enemies":"Jaw Worm","floor":1,"turns":5},{"damage":1,"enemies":"Cultist","floor":2,"turns":3},{"damage":15,"enemies":"Looter","floor":4,"turns":3},{"damage":14,"enemies":"3 Louse","floor":5,"turns":4},{"damage":16,"enemies":"Lagavulin","floor":10,"turns":7},{"damage":6,"enemies":"Lots of Slimes","floor":11,"turns":4},{"damage":14,"enemies":"Gremlin Nob","floor":12,"turns":3},{"damage":13,"enemies":"2 Fungi Beasts","floor":13,"turns":3},{"damage":62,"enemies":"Hexaghost","floor":16,"turns":8},{"damage":52,"enemies":"Spheric Guardian","floor":18,"turns":6},{"damage":9,"enemies":"3 Byrds","floor":19,"turns":4},{"damage":32,"enemies":"Centurion and Healer","floor":24,"turns":5},{"damage":25,"enemies":"Chosen and Byrds","floor":25,"turns":4},{"damage":3,"enemies":"Snecko","floor":30,"turns":3},{"damage":28,"enemies":"Snake Plant","floor":31,"turns":4},{"damage":41,"enemies":"Automaton","floor":33,"turns":5}],"event_choices":[{"event_name":"Liars Game","player_choice":"agreed","floor":3,"damage_taken":0},{"event_name":"Mushrooms","player_choice":"Healed and dodged fight","floor":7,"damage_taken":0},{"event_name":"Golden Idol","player_choice":"Take Wound","floor":14,"damage_taken":0},{"event_name":"Match and Keep!","player_choice":"2 cards matched","floor":20,"damage_taken":0},{"event_name":"Cursed Tome","player_choice":"Ignored","floor":22,"damage_taken":0},{"event_name":"Addict","player_choice":"Obtained Relic","floor":27,"damage_taken":0},{"event_name":"The Library","player_choice":"Heal","floor":28,"damage_taken":0}],"boss_relics":[{"not_picked":["Snecko Eye","Velvet Choker"],"picked":"Orrery"}],"potions_floor_spawned":[2,4,10,19,25],"seed_played":"-3426844503990359682","killed_by":"Automaton","is_trial":false}