{"path_per_floor":["M","M","M","M","?","R","E","M","T","E","$","?","?","M","R","B",null,"M","M","M","M","$","R","E","R","T","M","R"],"character_chosen":"IRONCLAD","items_purchased":["Panache","Toolbox"],"gold_per_floor":[109,129,139,158,158,158,191,208,208,236,60,30,93,103,103,203,203,221,235,246,262,10,10,44,44,44,60,60],"floor_reached":29,"campfire_rested":3,"playtime":1558,"current_hp_per_floor":[68,69,67,68,68,68,44,33,33,31,31,31,25,20,44,9,80,67,72,58,32,32,56,16,40,40,37,37],"items_purged":[],"gold":60,"score":257,"play_id":"eb6d6e6e-cede-4ad3-9263-5773155b9536","is_prod":false,"is_daily":false,"is_ascension_mode":false,"campfire_upgraded":2,"path_taken":["M","M","M","?","?","R","E","M","T","E","$","?","?","M","R","BOSS","M","M","M","M","$","R","E","R","T","M","R","M"],"build_version":"2018-02-08-PROD1","purchased_purges":1,"victory":false,"master_deck":["Strike_R","Strike_R","Strike_R","Strike_R","Strike_R","Defend_R","Defend_R","Defend_R","Bash+1","Dropkick","Clash","Clash","Pommel Strike+1","Flex","Pommel Strike","Panache","Rampage","Flex","Clumsy","Anger","Intimidate","Inflame","Iron Wave+1"],"max_hp_per_floor":[80,80,80,80,80,80,80,80,80,80,80,80,80,80,80,80,80,80,80,80,80,80,80,80,80,80,80,80],"relics":["Burning Blood","Oddly Smooth Stone","Omamori","Ancient Tea Set","Champion Belt","Calling Bell","Self Forming Clay","Torii","Bird Faced Urn","Toolbox","Lantern","Calipers"],"card_choices":[{"not_picked":["Sword Boomerang","Blood for Blood"],"picked":"Dropkick"},{"not_picked":["Flex","Headbutt"],"picked":"Clash"},{"not_picked":["Sword Boomerang","Body Slam"],"picked":"Clash"},{"not_picked":["Combust","Rage"],"picked":"Pommel Strike"},{"not_picked":["Shockwave","Corruption"],"picked":"Flex"},{"not_picked":["Combust","Barricade"],"picked":"Pommel Strike"},{"not_picked":["Heavy Blade","Cleave"],"picked":"Rampage"},{"not_picked":["Combust","Twin Strike"],"picked":"Flex"},{"not_picked":["Heavy Blade","Cleave"],"picked":"Anger"},{"not_picked":["Twin Strike","Perfected Strike"],"picked":"Intimidate"},{"not_picked":["Clothesline","Anger"],"picked":"Inflame"},{"not_picked":["Sword Boomerang","Anger"],"picked":"Iron Wave"}],"player_experience":32457,"potions_floor_usage":[10,10,13,16,16,16,20],"damage_taken":[{"damage":18,"enemies":"Blue Slaver","floor":1,"turns":6},{"damage":5,"enemies":"2 Louse","floor":2,"turns":3},{"damage":8,"enemies":"Small Slimes","floor":3,"turns":2},{"damage":5,"enemies":"Looter","floor":4,"turns":2},{"damage":30,"enemies":"3 Sentries","floor":7,"turns":6},{"damage":17,"enemies":"Lots of Slimes","floor":8,"turns":5},{"damage":8,"enemies":"Lagavulin","floor":10,"turns":4},{"damage":12,"enemies":"3 Sentries","floor":13,"turns":5},{"damage":11,"enemies":"Gremlin Gang","floor":14,"turns":4},{"damage":41,"enemies":"The Guardian","floor":16,"turns":5},{"damage":21,"enemies":"Spheric Guardian","floor":18,"turns":4},{"damage":3,"enemies":"3 Byrds","floor":19,"turns":5},{"damage":22,"enemies":"Centurion and Healer","floor":20,"turns":5},{"damage":34,"enemies":"Snake Plant","floor":21,"turns":4},{"damage":48,"enemies":"Slavers","floor":24,"turns":6},{"damage":13,"enemies":"3 Cultists","floor":27,"turns":5},{"damage":44,"enemies":"Chosen and Byrds","floor":29,"turns":7}],"event_choices":[{"event_name":"Bonfire Elementals","player_choice":"BASIC","floor":5,"damage_taken":0},{"event_name":"The Woman in Blue","player_choice":"Bought 2 Potions","floor":12,"damage_taken":0},{"event_name":"Dead Adventurer","player_choice":"Searched \u00272\u0027 times","floor":13,"damage_taken":0}],"boss_relics":[{"not_picked":["Lizard Tail","Runic Dome"],"picked":"Calling Bell"}],"potions_floor_spawned":[3,4,7,13,19,21],"seed_played":"-5734390504088903337","killed_by":"Chosen and Byrds","ascension_level":0,"is_trial":false}