{"gold_per_floor":[110,126,226,80,95,123,123,123,170,182,219,231,261,287,299,407,419,441,208,237,336,354,354,379,294,294,68,87,102,102,131,131,230,230,244,344,566,566,583,583,26,26,49,65,93,93,93],"floor_reached":47,"playtime":1995,"items_purged":["Strike_B","Strike_B","Strike_B","Defend_B"],"score":624,"play_id":"9f303997-0652-4dd9-af52-1effeaed1997","local_time":"20190123181651","is_ascension_mode":true,"campfire_choices":[{"floor":8,"key":"REST"},{"floor":12,"key":"REST"},{"data":"White Noise","floor":15,"key":"SMITH"},{"data":"Self Repair","floor":23,"key":"SMITH"},{"floor":30,"key":"REST"},{"floor":32,"key":"REST"},{"data":"Hyperbeam","floor":40,"key":"SMITH"},{"data":"Capacitor","floor":42,"key":"SMITH"},{"floor":46,"key":"REST"}],"neow_cost":"NONE","seed_source_timestamp":14196426166734,"circlet_count":0,"master_deck":["Defend_B","Defend_B","Defend_B","Zap","Dualcast","Go for the Eyes","Conserve Battery","Sunder+1","Auto Shields","Self Repair+1","White Noise+1","Echo Form","Consume+1","Loop+1","Conserve Battery+1","White Noise+1","Hyperbeam+1","Capacitor+1","Echo Form","Shame","Double Energy+1"],"relics":["Cracked Core","Strawberry","MawBank","Calipers","Velvet Choker","PreservedInsect","Red Mask","The Courier","Ancient Tea Set","Juzu Bracelet","Happy Flower","Smiling Mask","Cursed Key","StoneCalendar","DollysMirror","Pear","Bag of Marbles","Orichalcum","Anchor"],"potions_floor_usage":[13,20,24,28,31,33,33,36,45,45],"damage_taken":[{"damage":5,"enemies":"Small Slimes","floor":1,"turns":3},{"damage":0,"enemies":"Cultist","floor":2,"turns":3},{"damage":0,"enemies":"2 Louse","floor":5,"turns":2},{"damage":57,"enemies":"Gremlin Nob","floor":6,"turns":6},{"damage":18,"enemies":"Lagavulin","floor":11,"turns":5},{"damage":11,"enemies":"Large Slime","floor":13,"turns":5},{"damage":0,"enemies":"3 Louse","floor":14,"turns":3},{"damage":65,"enemies":"Hexaghost","floor":16,"turns":11},{"damage":3,"enemies":"Chosen","floor":18,"turns":5},{"damage":28,"enemies":"Masked Bandits","floor":20,"turns":5},{"damage":0,"enemies":"Spheric Guardian","floor":22,"turns":3},{"damage":42,"enemies":"Book of Stabbing","floor":24,"turns":6},{"damage":9,"enemies":"Snake Plant","floor":28,"turns":3},{"damage":37,"enemies":"3 Cultists","floor":29,"turns":6},{"damage":23,"enemies":"Slavers","floor":31,"turns":5},{"damage":66,"enemies":"Collector","floor":33,"turns":15},{"damage":0,"enemies":"3 Shapes","floor":35,"turns":4},{"damage":25,"enemies":"Mind Bloom Boss Battle","floor":36,"turns":8},{"damage":7,"enemies":"3 Darklings","floor":39,"turns":5},{"damage":51,"enemies":"Maw","floor":44,"turns":7},{"damage":79,"enemies":"Reptomancer","floor":45,"turns":5},{"damage":61,"enemies":"Giant Head","floor":47,"turns":7}],"seed_played":"2092883248655904989","potions_obtained":[{"floor":1,"key":"Ancient Potion"},{"floor":2,"key":"EssenceOfSteel"},{"floor":5,"key":"LiquidBronze"},{"floor":11,"key":"Regen Potion"},{"floor":18,"key":"EssenceOfSteel"},{"floor":20,"key":"AttackPotion"},{"floor":29,"key":"Fire Potion"},{"floor":31,"key":"FocusPotion"},{"floor":35,"key":"Fruit Juice"},{"floor":38,"key":"FairyPotion"},{"floor":38,"key":"LiquidBronze"},{"floor":38,"key":"Poison Potion"},{"floor":45,"key":"Strength Potion"}],"is_trial":false,"path_per_floor":["M","M","?","$","M","E","?","R","T","?","E","R","M","M","R","B",null,"M","$","?","?","M","R","E","?","T","$","M","M","R","E","R","B",null,"M","?","?","?","M","R","$","R","T","M","E","R","E"],"character_chosen":"DEFECT","items_purchased":["Sunder","PreservedInsect","Happy Flower","Capacitor","DollysMirror","Pear","Bag of Marbles"],"campfire_rested":5,"item_purchase_floors":[4,19,27,41,41,41,41],"current_hp_per_floor":[77,77,77,77,77,27,20,46,46,46,28,54,64,71,71,6,89,89,89,68,68,68,68,36,36,36,36,47,30,56,43,69,13,89,89,89,89,89,94,94,104,104,104,73,30,61,0],"gold":93,"neow_bonus":"TEN_PERCENT_HP_BONUS","is_prod":false,"is_daily":false,"chose_seed":false,"campfire_upgraded":4,"win_rate":0,"timestamp":1548285411,"path_taken":["M","M","?","?","?","E","?","R","T","?","E","R","M","?","R","BOSS","M","$","?","?","M","R","E","?","T","$","M","M","R","E","R","BOSS","M","?","?","?","M","R","$","R","T","M","E","R","E"],"build_version":"2019-01-23","purchased_purges":4,"victory":false,"max_hp_per_floor":[82,82,82,82,82,89,89,89,89,89,89,89,89,89,89,89,89,89,89,89,89,89,89,89,89,89,89,89,89,89,89,89,89,89,89,94,94,94,94,94,104,104,104,104,104,104,104],"card_choices":[{"not_picked":["Fusion","Leap"],"picked":"Go for the Eyes","floor":1},{"not_picked":["Rebound","Darkness"],"picked":"Conserve Battery","floor":2},{"not_picked":["Static Discharge","Reinforced Body","Compile Driver"],"picked":"SKIP","floor":5},{"not_picked":["Rip and Tear","Compile Driver"],"picked":"Auto Shields","floor":6},{"not_picked":["Coolheaded","Recycle"],"picked":"Self Repair","floor":11},{"not_picked":["Beam Cell","Ball Lightning"],"picked":"White Noise","floor":13},{"not_picked":["Chaos","Reinforced Body","Compile Driver"],"picked":"SKIP","floor":14},{"not_picked":["Meteor Strike","Buffer"],"picked":"Echo Form","floor":16},{"not_picked":["Cold Snap+1","Rebound","Streamline+1"],"picked":"SKIP","floor":18},{"not_picked":["Cold Snap","Coolheaded+1"],"picked":"Consume+1","floor":20},{"not_picked":["Sweeping Beam","Genetic Algorithm","Steam Power"],"picked":"SKIP","floor":22},{"not_picked":["Static Discharge+1","Skim"],"picked":"Loop+1","floor":24},{"not_picked":["Sweeping Beam","Aggregate+1"],"picked":"Conserve Battery+1","floor":28},{"not_picked":["Lockon+1","Gash+1"],"picked":"White Noise+1","floor":29},{"not_picked":["Rebound","Meteor Strike","Auto Shields"],"picked":"SKIP","floor":31},{"not_picked":["Electrodynamics","Rainbow"],"picked":"Hyperbeam","floor":33},{"not_picked":["Steam+1","Beam Cell+1","Barrage+1"],"picked":"SKIP","floor":35},{"not_picked":["Steam+1","Hologram+1","Reboot"],"picked":"SKIP","floor":39},{"not_picked":["Beam Cell+1","Steam"],"picked":"Double Energy+1","floor":44},{"not_picked":["Redo","Rebound+1","Scrape+1"],"picked":"SKIP","floor":45}],"player_experience":111848,"relics_obtained":[{"floor":6,"key":"Strawberry"},{"floor":9,"key":"MawBank"},{"floor":11,"key":"Calipers"},{"floor":20,"key":"Red Mask"},{"floor":24,"key":"The Courier"},{"floor":26,"key":"Juzu Bracelet"},{"floor":31,"key":"Smiling Mask"},{"floor":36,"key":"StoneCalendar"},{"floor":43,"key":"Orichalcum"},{"floor":45,"key":"Anchor"}],"event_choices":[{"damage_healed":0,"gold_gain":100,"player_choice":"Pray","damage_taken":0,"max_hp_gain":0,"max_hp_loss":0,"event_name":"Golden Shrine","floor":3,"gold_loss":0},{"cards_removed":["Strike_B"],"damage_healed":0,"gold_gain":0,"player_choice":"Card Removal","damage_taken":7,"max_hp_gain":0,"max_hp_loss":0,"event_name":"Golden Wing","floor":7,"gold_loss":0},{"damage_healed":0,"gold_gain":0,"player_choice":"Forge","damage_taken":0,"max_hp_gain":0,"max_hp_loss":0,"event_name":"Accursed Blacksmith","floor":10,"gold_loss":0,"cards_upgraded":["Sunder"]},{"damage_healed":0,"gold_gain":0,"player_choice":"Fought Bandits","damage_taken":0,"max_hp_gain":0,"max_hp_loss":0,"event_name":"Masked Bandits","floor":20,"gold_loss":0},{"damage_healed":0,"gold_gain":99,"player_choice":"Stole From Cult","damage_taken":0,"max_hp_gain":0,"max_hp_loss":0,"event_name":"Nest","floor":21,"gold_loss":0},{"damage_healed":0,"gold_gain":0,"player_choice":"Obtained Relic","damage_taken":0,"relics_obtained":["Ancient Tea Set"],"max_hp_gain":0,"max_hp_loss":0,"event_name":"Addict","floor":25,"gold_loss":85},{"damage_healed":0,"gold_gain":0,"player_choice":"Fight","damage_taken":0,"max_hp_gain":0,"max_hp_loss":0,"event_name":"MindBloom","floor":36,"gold_loss":0},{"damage_healed":0,"gold_gain":222,"player_choice":"Wore Mask","damage_taken":0,"max_hp_gain":0,"max_hp_loss":0,"event_name":"Tomb of Lord Red Mask","floor":37,"gold_loss":0},{"damage_healed":0,"gold_gain":0,"player_choice":"Got Potions","damage_taken":0,"max_hp_gain":0,"max_hp_loss":0,"event_name":"Lab","floor":38,"gold_loss":0}],"is_beta":false,"boss_relics":[{"not_picked":["Orrery","Calling Bell"],"picked":"Velvet Choker"},{"not_picked":["Eternal Feather","Runic Dome"],"picked":"Cursed Key"}],"items_purged_floors":[4,19,27,41],"is_endless":false,"potions_floor_spawned":[1,2,5,11,18,20,22,29,31,35,45],"killed_by":"Giant Head","ascension_level":3}