{"path_per_floor":["M","?","T","M","?","E","?","M","T","M","R","M","$","?","R","B",null,"M"],"character_chosen":"IRONCLAD","items_purchased":["Anchor","Reaper","Block Potion"],"gold_per_floor":[111,111,111,128,128,153,228,248,324,336,336,356,0,0,0,101,101,70],"floor_reached":19,"campfire_rested":1,"playtime":672,"current_hp_per_floor":[73,73,73,67,67,39,28,28,28,28,52,43,43,43,43,22,80,54],"items_purged":[],"gold":70,"score":200,"play_id":"21c145e6-bef9-4481-8b0e-ca0f3cf682ee","is_prod":false,"is_daily":false,"is_ascension_mode":true,"campfire_upgraded":1,"path_taken":["M","?","?","M","?","E","?","M","T","M","R","M","$","?","R","BOSS","M","M"],"build_version":"2018-02-15-PROD1","purchased_purges":0,"victory":false,"master_deck":["Strike_R","Strike_R","Strike_R","Strike_R","Strike_R","Defend_R","Defend_R","Defend_R","Defend_R","Bash","Dropkick","Shrug It Off","Clothesline","Armaments+1","Flex","Clash","Reaper","Normality","Offering"],"max_hp_per_floor":[80,80,80,80,80,80,80,80,80,80,80,80,80,80,80,80,80,80],"relics":["Philosopher\u0027s Stone","Juzu Bracelet","Du-Vu Doll","Ginger","Pantograph","Anchor","Smiling Mask","Runic Pyramid"],"card_choices":[{"not_picked":["Battle Trance","Twin Strike"],"picked":"Dropkick"},{"not_picked":["Clash","Warcry"],"picked":"Shrug It Off"},{"not_picked":["Heavy Blade","Thunderclap"],"picked":"Clothesline"},{"not_picked":["Juggernaut","Body Slam"],"picked":"Armaments"},{"not_picked":["Dropkick","Armaments"],"picked":"Flex"},{"not_picked":["Anger","Shrug It Off"],"picked":"Clash"},{"not_picked":["Immolate","Exhume"],"picked":"Offering"}],"player_experience":121113,"potions_floor_usage":[16],"damage_taken":[{"damage":7,"enemies":"2 Louse","floor":1,"turns":3},{"damage":6,"enemies":"Jaw Worm","floor":4,"turns":2},{"damage":28,"enemies":"Lagavulin","floor":6,"turns":8},{"damage":0,"enemies":"Small Slimes","floor":8,"turns":3},{"damage":0,"enemies":"Gremlin Gang","floor":10,"turns":5},{"damage":9,"enemies":"Blue Slaver","floor":12,"turns":4},{"damage":51,"enemies":"Slime Boss","floor":16,"turns":12},{"damage":26,"enemies":"2 Thieves","floor":18,"turns":5},{"damage":0,"enemies":"Shell Parasite","floor":19,"turns":1}],"event_choices":[{"event_name":"Big Fish","player_choice":"Box","floor":2,"damage_taken":0},{"event_name":"Wheel of Change","player_choice":"Card Removal","floor":5,"damage_taken":0},{"event_name":"World of Goop","player_choice":"Gather Gold","floor":7,"damage_taken":0},{"event_name":"Accursed Blacksmith","player_choice":"Rummage","floor":14,"damage_taken":0}],"boss_relics":[{"not_picked":["Question Card","Runic Cube"],"picked":"Runic Pyramid"}],"potions_floor_spawned":[1,6],"seed_played":"2866414914489894790","killed_by":"Shell Parasite","ascension_level":4,"is_trial":false}