{"gold_per_floor":[115,133,144,144,144,144,170,170,194,206,206,221,221,256,256,354,354,371,405,424,435,148,180,180,215,215,215,215,24,35,64,64,165,165,183,229,229,249,267,267,298,298,298,311,322,322,2],"floor_reached":47,"playtime":1950,"items_purged":["Strike_G"],"score":678,"play_id":"3b2f36b0-e253-4c10-8a92-5a02b172973e","local_time":"20181205211318","is_ascension_mode":true,"campfire_choices":[{"data":"Neutralize","floor":6,"key":"SMITH"},{"data":"Calculated Gamble","floor":8,"key":"SMITH"},{"floor":13,"key":"REST"},{"data":"Skewer","floor":15,"key":"SMITH"},{"data":"Die Die Die","floor":24,"key":"SMITH"},{"data":"Corpse Explosion","floor":27,"key":"SMITH"},{"data":"Leg Sweep","floor":32,"key":"SMITH"},{"data":"Deadly Poison","floor":40,"key":"SMITH"},{"data":"Night Terror","floor":42,"key":"SMITH"},{"data":"Tools of the Trade","floor":46,"key":"SMITH"}],"neow_cost":"NONE","seed_source_timestamp":982968398130126,"circlet_count":0,"master_deck":["Defend_G","Defend_G","Defend_G+1","Defend_G","Defend_G+1","Strike_G","Strike_G","Strike_G","Survivor","Neutralize+1","Calculated Gamble+1","Slice","Dagger Spray","Backflip","Deflect","Skewer+1","Deflect","Corpse Explosion+1","Backflip+1","PiercingWail","Poisoned Stab+1","Dodge and Roll","Die Die Die+1","Backflip","Footwork+1","Calculated Gamble+1","Leg Sweep+1","Finesse","Tools of the Trade+1","Night Terror+1","After Image","Finisher+1","Regret","Bane","Deadly Poison+1","Riddle With Holes+1","Writhe","Deadly Poison+1","Parasite","Blade Dance+1","Crippling Poison"],"relics":["Ring of the Snake","Boot","Regal Pillow","Blood Vial","Thread and Needle","Philosopher\u0027s Stone","Red Mask","Vajra","Pantograph","Mercury Hourglass","Happy Flower","Cursed Key","Bronze Scales","Strawberry","Ornamental Fan"],"potions_floor_usage":[7,23,25,31,34],"damage_taken":[{"damage":5,"enemies":"Jaw Worm","floor":1,"turns":4},{"damage":0,"enemies":"Small Slimes","floor":2,"turns":3},{"damage":0,"enemies":"2 Louse","floor":3,"turns":2},{"damage":19,"enemies":"3 Sentries","floor":7,"turns":8},{"damage":3,"enemies":"2 Fungi Beasts","floor":10,"turns":3},{"damage":0,"enemies":"Exordium Wildlife","floor":12,"turns":4},{"damage":16,"enemies":"Lagavulin","floor":14,"turns":7},{"damage":40,"enemies":"The Guardian","floor":16,"turns":14},{"damage":0,"enemies":"3 Byrds","floor":18,"turns":2},{"damage":0,"enemies":"Masked Bandits","floor":19,"turns":2},{"damage":0,"enemies":"Chosen","floor":20,"turns":6},{"damage":0,"enemies":"Snake Plant","floor":21,"turns":4},{"damage":0,"enemies":"Slavers","floor":23,"turns":2},{"damage":0,"enemies":"Gremlin Leader","floor":25,"turns":7},{"damage":0,"enemies":"3 Cultists","floor":30,"turns":2},{"damage":0,"enemies":"Book of Stabbing","floor":31,"turns":6},{"damage":40,"enemies":"Champ","floor":33,"turns":15},{"damage":0,"enemies":"3 Darklings","floor":35,"turns":3},{"damage":0,"enemies":"Orb Walker","floor":38,"turns":3},{"damage":3,"enemies":"Transient","floor":39,"turns":5},{"damage":17,"enemies":"Giant Head","floor":41,"turns":9},{"damage":3,"enemies":"Maw","floor":44,"turns":8},{"damage":26,"enemies":"Writhing Mass","floor":45,"turns":5}],"seed_played":"8673484594141487639","potions_obtained":[{"floor":1,"key":"SpeedPotion"},{"floor":2,"key":"AttackPotion"},{"floor":16,"key":"Energy Potion"},{"floor":18,"key":"Poison Potion"},{"floor":19,"key":"GhostInAJar"},{"floor":23,"key":"Energy Potion"},{"floor":31,"key":"AttackPotion"},{"floor":35,"key":"Block Potion"}],"is_trial":false,"path_per_floor":["M","M","M","?","?","R","E","R","T","M","?","M","R","E","R","B",null,"M","?","M","M","$","E","R","E","T","R","?","$","M","E","R","B",null,"M","T","?","M","M","R","E","R","T","M","M","R","$"],"character_chosen":"THE_SILENT","items_purchased":["Die Die Die","Backflip","Finesse","Fruit Juice","Ornamental Fan","Crippling Poison"],"campfire_rested":1,"item_purchase_floors":[22,22,29,29,47,47],"current_hp_per_floor":[65,65,65,70,63,63,44,44,44,43,28,30,67,53,53,15,75,75,75,75,75,75,75,75,75,75,75,75,75,75,75,75,35,80,80,80,80,80,77,77,69,69,69,68,44,44,44],"gold":2,"neow_bonus":"RANDOM_COMMON_RELIC","is_prod":false,"is_daily":false,"chose_seed":false,"campfire_upgraded":9,"win_rate":0,"timestamp":1544062398,"path_taken":["M","M","M","?","?","R","E","R","T","M","?","M","R","E","R","BOSS","M","?","M","M","$","E","R","E","T","R","?","?","?","E","R","BOSS","M","?","?","M","?","R","E","R","T","?","M","R","$"],"build_version":"2018-11-15","purchased_purges":1,"victory":false,"max_hp_per_floor":[70,70,70,75,75,75,75,75,75,75,75,75,75,75,75,75,75,75,75,75,75,75,75,75,75,75,75,75,75,75,75,75,75,80,80,80,80,80,80,80,87,87,87,87,87,87,87],"card_choices":[{"not_picked":["Slice","Catalyst"],"picked":"Calculated Gamble","floor":1},{"not_picked":["Underhanded Strike","Dodge and Roll"],"picked":"Slice","floor":2},{"not_picked":["Infinite Blades","Predator"],"picked":"Dagger Spray","floor":3},{"not_picked":["Acrobatics","Sucker Punch"],"picked":"Backflip","floor":7},{"not_picked":["Flying Knee","Dagger Throw"],"picked":"Deflect","floor":10},{"not_picked":["Choke","Terror"],"picked":"Skewer","floor":12},{"not_picked":["Expertise","Masterful Stab"],"picked":"Deflect","floor":14},{"not_picked":["Glass Knife","Wraith Form v2"],"picked":"Corpse Explosion","floor":16},{"not_picked":["Flying Knee+1","Poisoned Stab"],"picked":"Backflip+1","floor":18},{"not_picked":["Calculated Gamble+1","Cloak And Dagger"],"picked":"PiercingWail","floor":19},{"not_picked":["Bouncing Flask","Bane"],"picked":"Poisoned Stab+1","floor":20},{"not_picked":["Bane","Setup+1"],"picked":"Dodge and Roll","floor":21},{"not_picked":["Choke","Setup"],"picked":"Footwork+1","floor":23},{"not_picked":["Underhanded Strike","Poisoned Stab"],"picked":"Calculated Gamble+1","floor":25},{"not_picked":["Slice","Quick Slash"],"picked":"Tools of the Trade","floor":30},{"not_picked":["Bane","Backflip"],"picked":"Night Terror","floor":31},{"not_picked":["Adrenaline","Die Die Die"],"picked":"After Image","floor":33},{"not_picked":["Cloak And Dagger","Endless Agony"],"picked":"Finisher+1","floor":35},{"not_picked":["Acrobatics","Bane"],"picked":"Deadly Poison","floor":38},{"not_picked":["Concentrate+1","Underhanded Strike+1","Dagger Throw"],"picked":"SKIP","floor":39},{"not_picked":["Bane+1","Accuracy+1"],"picked":"Riddle With Holes+1","floor":41},{"not_picked":["Expertise","Poisoned Stab+1"],"picked":"Deadly Poison+1","floor":44},{"not_picked":["PiercingWail+1","Dagger Spray+1"],"picked":"Blade Dance+1","floor":45}],"player_experience":660299,"relics_obtained":[{"floor":7,"key":"Regal Pillow"},{"floor":9,"key":"Blood Vial"},{"floor":14,"key":"Thread and Needle"},{"floor":19,"key":"Red Mask"},{"floor":23,"key":"Vajra"},{"floor":25,"key":"Pantograph"},{"floor":26,"key":"Mercury Hourglass"},{"floor":31,"key":"Happy Flower"},{"floor":36,"key":"Bronze Scales"},{"floor":41,"key":"Strawberry"}],"event_choices":[{"damage_healed":0,"gold_gain":0,"player_choice":"Donut","damage_taken":0,"max_hp_gain":5,"max_hp_loss":0,"event_name":"Big Fish","floor":4,"gold_loss":0},{"cards_removed":["Strike_G"],"damage_healed":0,"gold_gain":0,"player_choice":"Card Removal","damage_taken":7,"max_hp_gain":0,"max_hp_loss":0,"event_name":"Golden Wing","floor":5,"gold_loss":0},{"damage_healed":0,"gold_gain":0,"player_choice":"Entered Light","damage_taken":15,"max_hp_gain":0,"max_hp_loss":0,"event_name":"Shining Light","floor":11,"gold_loss":0,"cards_upgraded":["Defend_G","Defend_G"]},{"damage_healed":0,"gold_gain":0,"player_choice":"Fought Bandits","damage_taken":0,"max_hp_gain":0,"max_hp_loss":0,"event_name":"Masked Bandits","floor":19,"gold_loss":0},{"damage_healed":0,"gold_gain":0,"player_choice":"Read","damage_taken":0,"max_hp_gain":0,"max_hp_loss":0,"event_name":"The Library","floor":28,"gold_loss":0,"cards_obtained":["Leg Sweep"]},{"damage_healed":0,"gold_gain":0,"player_choice":"1 cards matched","damage_taken":0,"max_hp_gain":0,"max_hp_loss":0,"event_name":"Match and Keep!","floor":37,"gold_loss":0,"cards_obtained":["Bane"]}],"is_beta":false,"boss_relics":[{"not_picked":["White Beast Statue","Fusion Hammer"],"picked":"Philosopher\u0027s Stone"},{"not_picked":["WristBlade","Runic Dome"],"picked":"Cursed Key"}],"items_purged_floors":[22],"is_endless":false,"potions_floor_spawned":[1,2,16,18,19,23,31,33,35,39,45],"ascension_level":1}