{"gold_per_floor":[110,176,191,191,266,300,300,326,326,476,476,34,52,87,87,166,166,181,181,181,191,91,91,125,125,125,136,136,150,150,168,168,245,245,257,9,9,22,22,22,22,51,75,75,89,116,12,29,29,29],"floor_reached":50,"playtime":2246,"items_purged":["Doubt","Shame"],"score":1218,"play_id":"ed3df1e4-79d6-4404-ac99-5c05dba009dd","local_time":"20190122204602","is_ascension_mode":true,"campfire_choices":[{"data":"Terror","floor":7.0,"key":"SMITH"},{"data":"Neutralize","floor":15.0,"key":"SMITH"},{"floor":23.0,"key":"REST"},{"data":"Cloak And Dagger","floor":25.0,"key":"SMITH"},{"data":"Noxious Fumes","floor":28.0,"key":"SMITH"},{"data":"1","floor":32.0,"key":"LIFT"},{"data":"Catalyst","floor":40,"key":"SMITH"},{"floor":44,"key":"REST"},{"floor":49,"key":"RECALL"}],"neow_cost":"NONE","seed_source_timestamp":0,"circlet_count":0,"master_deck":["AscendersBane","Defend_G","Defend_G","Defend_G","Defend_G","Defend_G","Strike_G","Strike_G","Strike_G","Strike_G","Strike_G","Survivor","Neutralize+1","Predator+1","Terror+1","Calculated Gamble","Heel Hook+1","Dash+1","Corpse Explosion","Cloak And Dagger+1","Necronomicurse","Poisoned Stab+1","Noxious Fumes+1","Deflect","Leg Sweep","PiercingWail+1","Backflip","Malaise","Secret Technique","Catalyst+1","Infinite Blades","Underhanded Strike+1","Dodge and Roll","Predator+1"],"special_seed":0,"relics":["Ring of the Snake","NeowsBlessing","Gambling Chip","Juzu Bracelet","Molten Egg 2","Ornamental Fan","Kunai","Bag of Marbles","Cursed Key","Necronomicon","Darkstone Periapt","Girya","Empty Cage","PreservedInsect","Tingsha","Mummified Hand","Smiling Mask","Bronze Scales"],"potions_floor_usage":[42,46,48,50],"damage_taken":[{"damage":0.0,"enemies":"Jaw Worm","floor":1.0,"turns":1.0},{"damage":0.0,"enemies":"2 Louse","floor":3.0,"turns":1.0},{"damage":0.0,"enemies":"Lagavulin","floor":6.0,"turns":1.0},{"damage":3.0,"enemies":"Gremlin Nob","floor":8.0,"turns":3.0},{"damage":8.0,"enemies":"Small Slimes","floor":13.0,"turns":2.0},{"damage":0.0,"enemies":"3 Sentries","floor":14.0,"turns":8.0},{"damage":5.0,"enemies":"Hexaghost","floor":16.0,"turns":10.0},{"damage":0.0,"enemies":"Chosen","floor":18.0,"turns":3.0},{"damage":0.0,"enemies":"2 Thieves","floor":21.0,"turns":1.0},{"damage":0.0,"enemies":"Book of Stabbing","floor":24.0,"turns":3.0},{"damage":0.0,"enemies":"3 Cultists","floor":27.0,"turns":3.0},{"damage":0.0,"enemies":"Centurion and Healer","floor":29.0,"turns":3.0},{"damage":0.0,"enemies":"Shelled Parasite and Fungi","floor":31.0,"turns":4.0},{"damage":33.0,"enemies":"Automaton","floor":33.0,"turns":11.0},{"damage":0,"enemies":"3 Shapes","floor":35,"turns":2},{"damage":0,"enemies":"3 Darklings","floor":38,"turns":2},{"damage":31,"enemies":"Nemesis","floor":42,"turns":7},{"damage":1,"enemies":"4 Shapes","floor":45,"turns":3},{"damage":25,"enemies":"Reptomancer","floor":46,"turns":3},{"damage":13,"enemies":"Transient","floor":48,"turns":6},{"damage":22,"enemies":"Donu and Deca","floor":50,"turns":3}],"seed_played":"3380064352169043840","potions_obtained":[{"floor":3.0,"key":"PowerPotion"},{"floor":6.0,"key":"EssenceOfSteel"},{"floor":16.0,"key":"FearPotion"},{"floor":18.0,"key":"Weak Potion"},{"floor":24.0,"key":"Swift Potion"},{"floor":45,"key":"Block Potion"},{"floor":46,"key":"EssenceOfSteel"}],"is_trial":false,"path_per_floor":["M","?","M","?","?","E","R","E","T","?","?","$","M","E","R","B",null,"M","?","?","M","$","R","E","R","T","M","R","M","?","M","R","B",null,"M","$","?","M","?","R","?","E","T","R","M","E","$","M","R","B"],"character_chosen":"THE_SILENT","items_purchased":["Kunai","Heel Hook+1","Noxious Fumes","Deflect","PreservedInsect","GhostInAJar","Dodge and Roll"],"campfire_rested":2,"item_purchase_floors":[12,12,22,22,36,36,47],"current_hp_per_floor":[59,59,59,59,48,48,48,45,45,45,19,19,11,11,11,6,51,51,51,30,30,30,49,49,49,55,55,55,55,61,61,61,28,66,66,66,56,56,56,56,56,25,31,56,55,30,30,17,17,0],"gold":29,"neow_bonus":"THREE_ENEMY_KILL","is_prod":false,"is_daily":false,"chose_seed":false,"campfire_upgraded":5,"win_rate":0,"timestamp":1548207962,"path_taken":["M","?","M","?","?","E","R","E","T","?","?","$","M","E","R","BOSS","M","?","?","M","?","R","E","R","T","M","R","M","?","M","R","BOSS","M","$","?","M","?","R","?","E","T","R","M","E","?","M","R","BOSS"],"build_version":"2019-01-17v2","purchased_purges":2,"victory":false,"max_hp_per_floor":[66,66,66,66,66,66,66,66,66,66,66,66,66,66,66,66,66,66,66,66,66,66,66,66,66,72,72,72,72,78,78,78,78,78,78,78,78,78,78,78,78,78,84,84,84,84,84,84,84,84],"card_choices":[{"not_picked":["Backflip","Backstab"],"picked":"Predator","floor":1.0},{"not_picked":["Bane","Outmaneuver","Expertise"],"picked":"SKIP","floor":3.0},{"not_picked":["Infinite Blades","Backflip"],"picked":"Terror","floor":6.0},{"not_picked":["Quick Slash","Dagger Spray"],"picked":"Calculated Gamble","floor":8.0},{"not_picked":["Backstab+1","Dagger Throw+1"],"picked":"Dash+1","floor":13.0},{"not_picked":["Finisher+1","Expertise","Outmaneuver"],"picked":"SKIP","floor":14.0},{"not_picked":["Envenom","Unload+1"],"picked":"Corpse Explosion","floor":16.0},{"not_picked":["Accuracy","Terror"],"picked":"Blur","floor":18.0},{"not_picked":["Dagger Throw+1","Quick Slash+1"],"picked":"Poisoned Stab+1","floor":21.0},{"not_picked":["Dagger Spray+1","Eviscerate+1"],"picked":"Leg Sweep","floor":24.0},{"not_picked":["Deadly Poison","Footwork","Riddle With Holes+1"],"picked":"SKIP","floor":27.0},{"not_picked":["Escape Plan","Outmaneuver"],"picked":"PiercingWail+1","floor":29.0},{"not_picked":["Underhanded Strike+1","PiercingWail"],"picked":"Backflip","floor":31.0},{"not_picked":["Night Terror","Unload+1"],"picked":"Malaise","floor":33.0},{"not_picked":["Deadly Poison","Masterful Stab+1","Backstab+1"],"picked":"SKIP","floor":35},{"not_picked":["Swift Strike+1","Purity"],"picked":"Secret Technique","floor":37},{"not_picked":["Crippling Poison","Dagger Spray+1"],"picked":"Catalyst","floor":38},{"not_picked":["Bane+1","Acrobatics"],"picked":"Infinite Blades","floor":42},{"not_picked":["Eviscerate+1","Sucker Punch+1","Slice+1"],"picked":"SKIP","floor":45},{"not_picked":["Cloak And Dagger","Footwork"],"picked":"Underhanded Strike+1","floor":46},{"not_picked":["Eviscerate+1","PiercingWail"],"picked":"Predator+1","floor":48}],"player_experience":748683,"relics_obtained":[{"floor":6.0,"key":"Gambling Chip"},{"floor":8.0,"key":"Juzu Bracelet"},{"floor":9.0,"key":"Molten Egg 2"},{"floor":14.0,"key":"Bag of Marbles"},{"floor":20.0,"key":"Necronomicon"},{"floor":24.0,"key":"Darkstone Periapt"},{"floor":42,"key":"Mummified Hand"},{"floor":43,"key":"Smiling Mask"},{"floor":46,"key":"Bronze Scales"}],"event_choices":[{"damage_healed":0.0,"max_hp_gain":0.0,"max_hp_loss":0.0,"gold_gain":66.0,"event_name":"Golden Wing","player_choice":"Gained Gold","floor":2.0,"gold_loss":0.0,"damage_taken":0.0},{"damage_healed":0.0,"max_hp_gain":0.0,"max_hp_loss":0.0,"gold_gain":0.0,"event_name":"Living Wall","player_choice":"Grow","floor":4.0,"gold_loss":0.0,"damage_taken":0.0,"cards_upgraded":["Predator"]},{"damage_healed":0.0,"max_hp_gain":0.0,"max_hp_loss":0.0,"gold_gain":75.0,"event_name":"World of Goop","player_choice":"Gather Gold","floor":5.0,"gold_loss":0.0,"damage_taken":11.0},{"damage_healed":0.0,"max_hp_gain":0.0,"max_hp_loss":0.0,"gold_gain":150.0,"event_name":"Liars Game","player_choice":"AGREE","floor":10.0,"gold_loss":0.0,"damage_taken":0.0,"cards_obtained":["Doubt"]},{"damage_healed":0.0,"max_hp_gain":0.0,"max_hp_loss":0.0,"gold_gain":0.0,"event_name":"Scrap Ooze","player_choice":"Success","floor":11.0,"gold_loss":0.0,"damage_taken":26.0,"relics_obtained":["Ornamental Fan"]},{"damage_healed":0.0,"max_hp_gain":0.0,"max_hp_loss":0.0,"gold_gain":0.0,"event_name":"The Library","player_choice":"Read","floor":19.0,"gold_loss":0.0,"damage_taken":0.0,"cards_obtained":["Cloak And Dagger"]},{"damage_healed":0.0,"max_hp_gain":0.0,"max_hp_loss":0.0,"gold_gain":0.0,"event_name":"Cursed Tome","player_choice":"Obtained Book","floor":20.0,"gold_loss":0.0,"damage_taken":21.0},{"damage_healed":0.0,"max_hp_gain":0.0,"max_hp_loss":0.0,"gold_gain":0.0,"event_name":"The Mausoleum","player_choice":"Opened","floor":30.0,"gold_loss":0.0,"damage_taken":0.0,"relics_obtained":["Girya"],"cards_obtained":["Writhe"]},{"damage_healed":0,"gold_gain":0,"player_choice":"Memory 3","damage_taken":10,"max_hp_gain":0,"max_hp_loss":0,"event_name":"SensoryStone","floor":37,"gold_loss":0},{"damage_healed":0,"gold_gain":0,"player_choice":"0 cards matched","damage_taken":0,"max_hp_gain":0,"max_hp_loss":0,"event_name":"Match and Keep!","floor":39,"gold_loss":0,"cards_obtained":[]},{"damage_healed":0,"gold_gain":0,"player_choice":"0 cards matched","damage_taken":0,"max_hp_gain":0,"max_hp_loss":0,"event_name":"Match and Keep!","floor":39,"gold_loss":0,"cards_obtained":[]},{"cards_removed":["Blur"],"damage_healed":0,"gold_gain":0,"player_choice":"Gave Card","damage_taken":0,"relics_obtained":["Tingsha"],"max_hp_gain":0,"max_hp_loss":0,"event_name":"WeMeetAgain","floor":41,"gold_loss":0}],"is_beta":false,"boss_relics":[{"not_picked":["Sozu","Orrery"],"picked":"Cursed Key"},{"not_picked":["Runic Dome","Pandora\u0027s Box"],"picked":"Empty Cage"}],"items_purged_floors":[12,47],"is_endless":false,"potions_floor_spawned":[3,6,16,18,24,29,33,45,46],"killed_by":"Donu and Deca","ascension_level":20}