{"gold_per_floor":[112,112,130,405,67,82,82,115,115,149,149,166,201,211,211,283,283,259,271,186,186,7,7,7],"floor_reached":24,"playtime":1041,"items_purged":["Regret","Strike_G"],"score":428,"play_id":"f677fa16-0419-475a-ad92-42ba0dbf7e52","local_time":"20190217150421","is_ascension_mode":true,"campfire_choices":[{"data":"Infinite Blades","floor":7,"key":"SMITH"},{"floor":11,"key":"REST"},{"data":"Footwork","floor":15,"key":"SMITH"},{"data":"Crippling Poison","floor":23,"key":"SMITH"}],"neow_cost":"NONE","seed_source_timestamp":278762808552891,"circlet_count":0,"master_deck":["AscendersBane","Defend_G","Defend_G","Defend_G","Defend_G","Defend_G","Strike_G","Strike_G","Strike_G","Strike_G+1","Survivor","Neutralize+1","Infinite Blades+1","PiercingWail","Footwork+1","Backstab","Crippling Poison+1","Dodge and Roll","Calculated Gamble","Deflect","Leg Sweep","Crippling Poison","Caltrops"],"relics":["Ring of the Snake","NeowsBlessing","Whetstone","Sundial","Orichalcum","FossilizedHelix","Question Card","Eternal Feather","Snake Skull"],"potions_floor_usage":[10,13,24],"damage_taken":[{"damage":0,"enemies":"2 Louse","floor":1,"turns":1},{"damage":0,"enemies":"Small Slimes","floor":3,"turns":1},{"damage":0,"enemies":"Cultist","floor":6,"turns":1},{"damage":26,"enemies":"3 Sentries","floor":8,"turns":12},{"damage":13,"enemies":"Lagavulin","floor":10,"turns":7},{"damage":0,"enemies":"Large Slime","floor":12,"turns":6},{"damage":21,"enemies":"Gremlin Nob","floor":13,"turns":6},{"damage":0,"enemies":"2 Fungi Beasts","floor":14,"turns":3},{"damage":9,"enemies":"The Guardian","floor":16,"turns":22},{"damage":11,"enemies":"2 Thieves","floor":18,"turns":4},{"damage":1,"enemies":"Spheric Guardian","floor":19,"turns":10},{"damage":81,"enemies":"Gremlin Leader","floor":24,"turns":5}],"seed_played":"2759711274896786969","potions_obtained":[{"floor":1,"key":"Fire Potion"},{"floor":3,"key":"Explosive Potion"},{"floor":16,"key":"EssenceOfSteel"},{"floor":18,"key":"Energy Potion"}],"is_trial":false,"path_per_floor":["M","?","M","?","$","M","R","E","T","E","R","M","E","M","R","B",null,"M","M","?","?","$","R","E"],"character_chosen":"THE_SILENT","items_purchased":["Footwork","Whetstone","Caltrops"],"campfire_rested":1,"item_purchase_floors":[5,5,22],"current_hp_per_floor":[59,59,59,59,59,59,59,33,33,20,39,39,18,18,18,9,52,41,40,40,76,76,76,0],"gold":7,"neow_bonus":"THREE_ENEMY_KILL","is_prod":false,"is_daily":false,"chose_seed":false,"campfire_upgraded":3,"win_rate":0,"timestamp":1550433861,"path_taken":["M","?","M","?","$","?","R","E","T","E","R","M","E","M","R","BOSS","M","M","?","?","$","R","E"],"build_version":"2019-01-23","purchased_purges":2,"victory":false,"max_hp_per_floor":[66,66,66,66,66,66,66,66,66,66,66,66,66,66,66,66,66,66,66,66,76,76,76,76],"card_choices":[{"not_picked":["Distraction","Expertise"],"picked":"Infinite Blades","floor":1},{"not_picked":["Escape Plan","Slice"],"picked":"PiercingWail","floor":3},{"not_picked":["Dodge and Roll","Sucker Punch"],"picked":"Backstab","floor":6},{"not_picked":["Riddle With Holes","Outmaneuver"],"picked":"Crippling Poison","floor":8},{"not_picked":["Skewer","Calculated Gamble"],"picked":"Dodge and Roll","floor":10},{"not_picked":["Acrobatics","Flying Knee","Catalyst"],"picked":"SKIP","floor":12},{"not_picked":["Accuracy","Blade Dance"],"picked":"Calculated Gamble","floor":13},{"not_picked":["Cloak And Dagger","Venomology","Flying Knee"],"picked":"Deflect","floor":14},{"not_picked":["Phantasmal Killer","Grand Finale","Venomology"],"picked":"Glass Knife","floor":16},{"not_picked":["Eviscerate+1","Slice","Expertise"],"picked":"Leg Sweep","floor":18},{"not_picked":["Backstab","All Out Attack","Catalyst"],"picked":"Crippling Poison","floor":19}],"player_experience":842902,"relics_obtained":[{"floor":8,"key":"Sundial"},{"floor":9,"key":"Orichalcum"},{"floor":10,"key":"FossilizedHelix"},{"floor":13,"key":"Question Card"}],"event_choices":[{"damage_healed":0,"gold_gain":0,"player_choice":"Ignored","damage_taken":0,"max_hp_gain":0,"max_hp_loss":0,"event_name":"Liars Game","floor":2,"gold_loss":0},{"damage_healed":0,"gold_gain":275,"player_choice":"Desecrate","damage_taken":0,"max_hp_gain":0,"max_hp_loss":0,"event_name":"Golden Shrine","floor":4,"gold_loss":0,"cards_obtained":["Regret"]},{"damage_healed":0,"gold_gain":0,"player_choice":"Obtained Relic","damage_taken":0,"relics_obtained":["Snake Skull"],"max_hp_gain":0,"max_hp_loss":0,"event_name":"Addict","floor":20,"gold_loss":85},{"cards_removed":["Glass Knife"],"damage_healed":26,"gold_gain":0,"player_choice":"Offered Rare","damage_taken":0,"max_hp_gain":10,"max_hp_loss":0,"event_name":"Bonfire Elementals","floor":21,"gold_loss":0}],"is_beta":false,"boss_relics":[{"not_picked":["Tiny House","Runic Dome"],"picked":"Eternal Feather"}],"items_purged_floors":[5,22],"is_endless":false,"potions_floor_spawned":[1,3,16,18],"killed_by":"Gremlin Leader","ascension_level":20}