{"gold_per_floor":[114,164,175,175,14,75,75,94,176,202,216,216,229,260,260,260],"floor_reached":16,"playtime":522,"items_purged":["Strike_B"],"score":290,"play_id":"20880f6c-4c98-419d-8395-e9c64852d0ea","local_time":"20190216091447","is_ascension_mode":true,"campfire_choices":[{"data":"Zap","floor":7,"key":"SMITH"},{"floor":12,"key":"REST"},{"floor":15,"key":"REST"}],"neow_cost":"NONE","seed_source_timestamp":171908561143546,"circlet_count":0,"master_deck":["AscendersBane","Strike_B","Strike_B","Strike_B","Defend_B","Defend_B","Defend_B","Defend_B","Zap+1","Dualcast","Ball Lightning","Ball Lightning","Chill","White Noise","Doom and Gloom","Gash","Static Discharge","Buffer","Compile Driver"],"relics":["Cracked Core","NeowsBlessing","Centennial Puzzle","Tiny Chest","Kunai","Orichalcum","Smiling Mask"],"potions_floor_usage":[10,16,16],"damage_taken":[{"damage":0,"enemies":"Cultist","floor":1,"turns":1},{"damage":0,"enemies":"2 Louse","floor":3,"turns":1},{"damage":0,"enemies":"3 Sentries","floor":6,"turns":1},{"damage":2,"enemies":"Jaw Worm","floor":8,"turns":2},{"damage":8,"enemies":"Gremlin Nob","floor":10,"turns":3},{"damage":27,"enemies":"Exordium Thugs","floor":11,"turns":5},{"damage":6,"enemies":"Looter","floor":13,"turns":2},{"damage":14,"enemies":"Lagavulin","floor":14,"turns":6},{"damage":23,"enemies":"The Guardian","floor":16,"turns":6}],"seed_played":"3041854973461215071","potions_obtained":[{"floor":3,"key":"Dexterity Potion"},{"floor":6,"key":"SteroidPotion"},{"floor":10,"key":"SpeedPotion"}],"is_trial":false,"path_per_floor":["M","?","M","?","$","E","R","M","T","E","M","R","M","E","R","B"],"character_chosen":"DEFECT","items_purchased":["Chill"],"campfire_rested":2,"item_purchase_floors":[5],"current_hp_per_floor":[64,64,64,38,38,38,38,36,36,28,1,22,16,2,23,0],"gold":260,"neow_bonus":"THREE_ENEMY_KILL","is_prod":false,"is_daily":false,"chose_seed":false,"campfire_upgraded":1,"win_rate":0,"timestamp":1550326487,"path_taken":["M","?","?","?","?","E","R","M","T","E","M","R","?","E","R","BOSS"],"build_version":"2019-01-23","purchased_purges":1,"victory":false,"max_hp_per_floor":[71,71,71,71,71,71,71,71,71,71,71,71,71,71,71,71],"card_choices":[{"not_picked":["Redo","Steam Power"],"picked":"Ball Lightning","floor":1},{"not_picked":["Sweeping Beam","Blizzard"],"picked":"Ball Lightning","floor":3},{"not_picked":["Coolheaded","Meteor Strike"],"picked":"White Noise","floor":6},{"not_picked":["Melter","Gash"],"picked":"Doom and Gloom","floor":8},{"not_picked":["Compile Driver","Steam"],"picked":"Gash","floor":10},{"not_picked":["Scrape","BootSequence"],"picked":"Static Discharge","floor":11},{"not_picked":["Sunder","Doom and Gloom"],"picked":"Buffer","floor":13},{"not_picked":["Ball Lightning","Rebound"],"picked":"Compile Driver","floor":14}],"player_experience":834281,"relics_obtained":[{"floor":6,"key":"Tiny Chest"},{"floor":9,"key":"Kunai"},{"floor":10,"key":"Orichalcum"},{"floor":14,"key":"Smiling Mask"}],"event_choices":[{"damage_healed":0,"gold_gain":50,"player_choice":"Pray","damage_taken":0,"max_hp_gain":0,"max_hp_loss":0,"event_name":"Golden Shrine","floor":2,"gold_loss":0},{"damage_healed":0,"gold_gain":0,"player_choice":"Success","damage_taken":26,"relics_obtained":["Centennial Puzzle"],"max_hp_gain":0,"max_hp_loss":0,"event_name":"Scrap Ooze","floor":4,"gold_loss":0}],"is_beta":false,"boss_relics":[],"items_purged_floors":[5],"is_endless":false,"potions_floor_spawned":[3,6,10,14],"killed_by":"The Guardian","ascension_level":20}