{"gold_per_floor":[116,129,139,139,139,139,180,180,229,253,297,317,317],"floor_reached":13,"playtime":364,"items_purged":[],"score":185,"play_id":"ab2e21b6-76d8-48d7-bd1c-9f63c21170fc","local_time":"20181105205823","is_ascension_mode":true,"campfire_choices":[{"data":"Static Discharge","floor":6.0,"key":"SMITH"},{"floor":8.0,"key":"REST"}],"neow_cost":"NONE","seed_source_timestamp":0,"circlet_count":0,"master_deck":["AscendersBane","Strike_B","Strike_B","Strike_B","Strike_B","Defend_B","Defend_B","Defend_B","Defend_B","Zap+1","Dualcast","Static Discharge+1","Ball Lightning","Capacitor","Coolheaded","BootSequence","All For One","Conserve Battery"],"special_seed":0,"relics":["Cracked Core","Golden Idol","Vajra","Blood Vial","Shuriken"],"potions_floor_usage":[13],"damage_taken":[{"damage":7.0,"enemies":"Jaw Worm","floor":1.0,"turns":4.0},{"damage":2.0,"enemies":"Cultist","floor":2.0,"turns":4.0},{"damage":7.0,"enemies":"Small Slimes","floor":3.0,"turns":3.0},{"damage":25.0,"enemies":"Lagavulin","floor":7.0,"turns":6.0},{"damage":4.0,"enemies":"Red Slaver","floor":10.0,"turns":3.0},{"damage":31.0,"enemies":"Gremlin Nob","floor":11.0,"turns":4.0},{"damage":14.0,"enemies":"Exordium Wildlife","floor":12.0,"turns":3.0},{"damage":11,"enemies":"3 Sentries","floor":13,"turns":3}],"seed_played":"3843677656019612358","potions_obtained":[{"floor":2.0,"key":"Strength Potion"},{"floor":7.0,"key":"Fire Potion"},{"floor":12.0,"key":"FocusPotion"}],"is_trial":false,"path_per_floor":["M","M","M","?","?","R","E","R","T","M","E","M","E"],"character_chosen":"DEFECT","items_purchased":[],"campfire_rested":1,"item_purchase_floors":[],"current_hp_per_floor":[64,62,55,55,55,55,30,51,51,49,20,8,0],"gold":317,"neow_bonus":"TEN_PERCENT_HP_BONUS","is_prod":false,"is_daily":false,"chose_seed":false,"campfire_upgraded":1,"win_rate":0,"timestamp":1541469503,"path_taken":["M","M","M","?","?","R","E","R","T","M","E","?","E"],"build_version":"2018-11-01","purchased_purges":0,"victory":false,"max_hp_per_floor":[78,78,78,71,71,71,71,71,71,71,71,71,71],"card_choices":[{"not_picked":["Sweeping Beam","Rebound"],"picked":"Static Discharge","floor":1.0},{"not_picked":["Sweeping Beam","Genetic Algorithm"],"picked":"Ball Lightning","floor":2.0},{"not_picked":["Rebound","Force Field"],"picked":"Capacitor","floor":3.0},{"not_picked":["Consume","Fusion"],"picked":"Coolheaded","floor":7.0},{"not_picked":["Genetic Algorithm","Go for the Eyes"],"picked":"BootSequence","floor":10.0},{"not_picked":["Go for the Eyes","Melter"],"picked":"All For One","floor":11.0},{"not_picked":["Compile Driver","Stack"],"picked":"Conserve Battery","floor":12.0}],"player_experience":615363,"relics_obtained":[{"floor":7.0,"key":"Vajra"},{"floor":9.0,"key":"Blood Vial"},{"floor":11.0,"key":"Shuriken"}],"event_choices":[{"damage_healed":0.0,"max_hp_gain":0.0,"max_hp_loss":7.0,"gold_gain":0.0,"event_name":"Golden Idol","player_choice":"Lose Max HP","floor":4.0,"gold_loss":0.0,"damage_taken":0.0,"relics_obtained":["Golden Idol"]},{"damage_healed":0.0,"max_hp_gain":0.0,"max_hp_loss":0.0,"gold_gain":0.0,"event_name":"Upgrade Shrine","player_choice":"Upgraded","floor":5.0,"gold_loss":0.0,"damage_taken":0.0,"cards_upgraded":["Zap"]}],"is_beta":false,"boss_relics":[],"items_purged_floors":[],"is_endless":false,"potions_floor_spawned":[2,7,12],"killed_by":"3 Sentries","ascension_level":19}