{"gold_per_floor":[144,189,234,279,324,324,369,381,381,141,186,186,276,321,321,621,621,666,711,756,56,101,101,101,146,171,216,261,306,351,396,396,696,696,741,816,861,906,906],"floor_reached":39,"playtime":4352,"items_purged":[],"score":549,"play_id":"093fa48a-2e7a-48ea-8f05-daaf962b1584","local_time":"20180702171017","daily_mods":["Insanity","Midas","Vintage"],"is_ascension_mode":false,"campfire_choices":[{"floor":6.0,"key":"REST"},{"floor":15.0,"key":"REST"},{"floor":23.0,"key":"REST"},{"floor":32.0,"key":"REST"}],"neow_cost":"","seed_source_timestamp":0,"circlet_count":0,"master_deck":["Compile Driver","FTL","Barrage","Hologram","Electrodynamics","White Noise","Self Repair","Seek","Blizzard","Chaos","Creative AI","Rebound","Auto Shields","Tempest","Loop","Rainbow","Heatsinks","Rebound","Lockon","Go for the Eyes","Capacitor","Steam Power","Darkness","Double Energy","Leap","Doom and Gloom","Biased Cognition","Defend_B","Darkness","Rebound","Fission","Thunder Strike","Lockon","Force Field","Buffer","Barrage","Amplify","Coolheaded","Lockon","Biased Cognition","Blizzard","Thunder Strike","Sunder","Meteor Strike","Core Surge","Auto Shields","Rainbow","Streamline+1","Reinforced Body","Fusion","Sweeping Beam+1","Go for the Eyes+1","Core Surge+1","Ghostly","Ghostly","Ghostly","Ghostly","Ghostly","Echo Form+1"],"special_seed":17714,"relics":["Cracked Core","Lantern","Anchor","Pear","The Courier","Strawberry","Gremlin Horn","Odd Mushroom","Mercury Hourglass","Turnip","Molten Egg 2","Ornamental Fan","Bottled Lightning","Whetstone","Inserter","Potion Belt","Orichalcum","Centennial Puzzle","Frozen Egg 2","Toolbox","Cables","Bottled Flame","Bottled Tornado","Oddly Smooth Stone","Sundial","Regal Pillow","Darkstone Periapt","Letter Opener","Meat on the Bone","Bag of Marbles","Black Star","Kunai","Tiny Chest","Peace Pipe","Bronze Scales"],"potions_floor_usage":[39],"damage_taken":[{"damage":9.0,"enemies":"Jaw Worm","floor":1.0,"turns":2.0},{"damage":10.0,"enemies":"Small Slimes","floor":2.0,"turns":4.0},{"damage":4.0,"enemies":"Cultist","floor":3.0,"turns":3.0},{"damage":8.0,"enemies":"2 Fungi Beasts","floor":4.0,"turns":3.0},{"damage":0.0,"enemies":"Exordium Thugs","floor":5.0,"turns":3.0},{"damage":7.0,"enemies":"Large Slime","floor":7.0,"turns":4.0},{"damage":0.0,"floor":8.0,"turns":2.0},{"damage":0.0,"enemies":"3 Louse","floor":11.0,"turns":1.0},{"damage":2.0,"enemies":"3 Sentries","floor":13.0,"turns":4.0},{"damage":0.0,"enemies":"Lots of Slimes","floor":14.0,"turns":2.0},{"damage":25.0,"enemies":"Slime Boss","floor":16.0,"turns":9.0},{"damage":19.0,"enemies":"Spheric Guardian","floor":18.0,"turns":4.0},{"damage":22.0,"enemies":"2 Thieves","floor":19.0,"turns":4.0},{"damage":9.0,"enemies":"Snecko","floor":20.0,"turns":3.0},{"damage":2.0,"enemies":"Centurion and Healer","floor":22.0,"turns":5.0},{"damage":15.0,"enemies":"Chosen and Byrds","floor":25.0,"turns":6.0},{"damage":7.0,"enemies":"Snake Plant","floor":27.0,"turns":5.0},{"damage":3.0,"enemies":"Centurion and Healer","floor":28.0,"turns":10.0},{"damage":5.0,"enemies":"Snecko","floor":29.0,"turns":6.0},{"damage":4.0,"enemies":"Snake Plant","floor":30.0,"turns":4.0},{"damage":0.0,"enemies":"Centurion and Healer","floor":31.0,"turns":6.0},{"damage":5.0,"enemies":"Automaton","floor":33.0,"turns":11.0},{"damage":5.0,"enemies":"3 Darklings","floor":35.0,"turns":3.0},{"damage":0.0,"enemies":"Orb Walker","floor":36.0,"turns":1.0},{"damage":0.0,"enemies":"3 Darklings","floor":37.0,"turns":5.0},{"damage":10,"enemies":"Sphere and 2 Shapes","floor":38,"turns":6},{"damage":48,"enemies":"Maw","floor":39,"turns":9}],"seed_played":"9042137749875392319","potions_obtained":[{"floor":2.0,"key":"Explosive Potion"},{"floor":4.0,"key":"SpeedPotion"},{"floor":7.0,"key":"Ancient Potion"},{"floor":11.0,"key":"FocusPotion"},{"floor":18.0,"key":"SteroidPotion"},{"floor":25.0,"key":"SteroidPotion"},{"floor":33.0,"key":"AttackPotion"},{"floor":36.0,"key":"Poison Potion"}],"is_trial":false,"path_per_floor":["M","M","M","M","M","R","M","?","T","$","M","$","E","M","R","B",null,"M","M","M","$","M","R","?","M","T","M","M","M","M","M","R","B",null,"M","M","M","M"],"character_chosen":"DEFECT","items_purchased":["Turnip","Frozen Egg 2","Toolbox","Cables"],"campfire_rested":4,"item_purchase_floors":[],"current_hp_per_floor":[66,56,62,61,68,92,85,85,85,85,92,92,90,90,92,74,92,73,51,42,42,51,78,46,31,31,24,28,34,30,37,46,46,46,41,46,46,36,0],"gold":906,"neow_bonus":"","is_prod":false,"is_daily":true,"chose_seed":false,"campfire_upgraded":0,"win_rate":0,"timestamp":1530526217,"path_taken":["M","M","M","M","M","R","M","?","T","$","M","$","E","M","R","BOSS","M","M","M","$","M","R","?","M","T","M","M","M","?","M","R","BOSS","M","M","M","M","M"],"build_version":"2018-06-28","purchased_purges":0,"victory":false,"max_hp_per_floor":[75,75,85,85,92,92,92,92,92,92,92,92,92,92,92,92,92,92,92,92,92,92,92,46,46,46,46,46,46,46,46,46,46,46,46,46,46,46,46],"card_choices":[{"not_picked":["Compile Driver","Reinforced Body"],"picked":"Sweeping Beam","floor":8.0},{"not_picked":["Auto Shields","Chill"],"picked":"Go for the Eyes+1","floor":13.0},{"not_picked":["Thunder Strike+1","Echo Form"],"picked":"Core Surge+1","floor":16.0},{"not_picked":["Rainbow","Machine Learning+1"],"picked":"Echo Form+1","floor":33.0}],"player_experience":26771,"relics_obtained":[{"floor":1.0,"key":"Lantern"},{"floor":2.0,"key":"Anchor"},{"floor":3.0,"key":"Pear"},{"floor":4.0,"key":"The Courier"},{"floor":5.0,"key":"Strawberry"},{"floor":7.0,"key":"Gremlin Horn"},{"floor":8.0,"key":"Odd Mushroom"},{"floor":9.0,"key":"Mercury Hourglass"},{"floor":11.0,"key":"Molten Egg 2"},{"floor":13.0,"key":"Ornamental Fan"},{"floor":14.0,"key":"Bottled Lightning"},{"floor":16.0,"key":"Whetstone"},{"floor":18.0,"key":"Potion Belt"},{"floor":19.0,"key":"Orichalcum"},{"floor":20.0,"key":"Centennial Puzzle"},{"floor":22.0,"key":"Bottled Flame"},{"floor":25.0,"key":"Bottled Tornado"},{"floor":26.0,"key":"Oddly Smooth Stone"},{"floor":27.0,"key":"Sundial"},{"floor":28.0,"key":"Regal Pillow"},{"floor":29.0,"key":"Darkstone Periapt"},{"floor":30.0,"key":"Letter Opener"},{"floor":31.0,"key":"Meat on the Bone"},{"floor":33.0,"key":"Bag of Marbles"},{"floor":35.0,"key":"Kunai"},{"floor":36.0,"key":"Tiny Chest"},{"floor":37.0,"key":"Peace Pipe"},{"floor":38,"key":"Bronze Scales"}],"event_choices":[{"event_name":"Mushrooms","player_choice":"Fought Mushrooms","floor":8.0,"damage_taken":0.0},{"event_name":"Ghosts","player_choice":"Became a Ghost","floor":24.0,"damage_taken":0.0}],"boss_relics":[{"not_picked":["Orrery","Ectoplasm"],"picked":"Inserter"},{"not_picked":["Astrolabe","Calling Bell"],"picked":"Black Star"}],"items_purged_floors":[],"is_endless":false,"potions_floor_spawned":[2,4,7,11,13,18,25,29,30,33,36],"killed_by":"Maw","ascension_level":0}