{"path_per_floor":["M","?","M","?","M","E","R","E","T","R","?","$","?","M","R","B",null,"M","?","$","M"],"character_chosen":"IRONCLAD","items_purchased":["Metallicize","Omamori"],"gold_per_floor":[112,112,124,124,142,177,177,212,294,294,219,65,140,151,151,222,222,236,236,88,99,99],"floor_reached":22,"campfire_rested":2,"playtime":713,"current_hp_per_floor":[64,59,59,36,40,32,54,32,32,32,32,32,21,27,49,21,62,51,51,51,25,0],"items_purged":["Strike_R"],"gold":99,"score":336,"play_id":"3a2125f7-4669-427b-a6b2-b230b40871a6","local_time":"20180505090645","is_prod":false,"is_daily":false,"chose_seed":false,"is_ascension_mode":true,"campfire_upgraded":1,"timestamp":1525529205,"path_taken":["M","?","M","?","M","E","R","E","T","R","?","$","?","M","R","BOSS","M","?","$","M","?"],"build_version":"2018-05-03","seed_source_timestamp":2841857713362302,"purchased_purges":1,"victory":false,"master_deck":["Strike_R","Strike_R","Strike_R+1","Defend_R+1","Bash+1","AscendersBane","Metallicize+1","Rage","Dropkick","Evolve","Shrug It Off","Metallicize","Reckless Charge","Demon Form","Spot Weakness+1","Pommel Strike+1","Battle Trance+1"],"max_hp_per_floor":[75,75,75,75,75,75,75,75,75,75,75,75,75,75,75,75,75,75,75,75,75,75],"relics":["Burning Blood","Unceasing Top","Prayer Wheel","Happy Flower","Toolbox","Astrolabe","Omamori"],"card_choices":[{"not_picked":["Bloodletting","Entrench"],"picked":"Metallicize","floor":1},{"not_picked":["Perfected Strike","Armaments"],"picked":"Rage","floor":3},{"not_picked":["True Grit","Body Slam"],"picked":"Dropkick","floor":5},{"not_picked":["Perfected Strike","Bludgeon"],"picked":"Evolve","floor":6},{"not_picked":["Flex","Clothesline"],"picked":"Shrug It Off","floor":9},{"not_picked":["Blood for Blood","Shrug It Off"],"picked":"Reckless Charge","floor":14},{"not_picked":["Juggernaut","Exhume"],"picked":"Demon Form","floor":16}],"player_experience":315186,"potions_floor_usage":[6,6,14,16],"damage_taken":[{"damage":10,"enemies":"Small Slimes","floor":1,"turns":3},{"damage":6,"enemies":"2 Louse","floor":3,"turns":3},{"damage":2,"enemies":"Jaw Worm","floor":5,"turns":4},{"damage":14,"enemies":"Lagavulin","floor":6,"turns":8},{"damage":28,"enemies":"Gremlin Nob","floor":8,"turns":5},{"damage":0,"enemies":"Looter","floor":14,"turns":3},{"damage":34,"enemies":"Hexaghost","floor":16,"turns":11},{"damage":17,"enemies":"Shell Parasite","floor":18,"turns":4},{"damage":32,"enemies":"2 Thieves","floor":21,"turns":5},{"damage":32,"enemies":"Snake Plant","floor":22,"turns":2}],"event_choices":[{"event_name":"Scrap Ooze","player_choice":"success","floor":2,"damage_taken":5},{"event_name":"Shining Light","player_choice":"Entered Light","floor":4,"damage_taken":0},{"event_name":"The Cleric","player_choice":"Card Removal","floor":11,"damage_taken":0},{"event_name":"World of Goop","player_choice":"Gather Gold","floor":13,"damage_taken":0},{"event_name":"Drug Dealer","player_choice":"Ignored","floor":19,"damage_taken":0}],"boss_relics":[{"not_picked":["Snecko Eye","Runic Pyramid"],"picked":"Astrolabe"}],"potions_floor_spawned":[1,3,5,8,21],"seed_played":"1484313093847564566","killed_by":"Snake Plant","ascension_level":15,"is_trial":false}