{"gold_per_floor":[114,127,147,165,90,90,118,118,118,118,118,143,143,143],"floor_reached":14,"playtime":368,"items_purged":[],"score":196,"play_id":"e1d3dcfe-78ed-400e-826a-bf1c9fe48b86","local_time":"20181212221620","is_ascension_mode":true,"campfire_choices":[{"data":"Hemokinesis","floor":6,"key":"SMITH"},{"data":"Bludgeon","floor":8,"key":"SMITH"},{"data":"Bash","floor":10,"key":"SMITH"}],"neow_cost":"NONE","seed_source_timestamp":1593114247065835,"circlet_count":0,"master_deck":["AscendersBane","Strike_R","Strike_R","Strike_R","Strike_R","Defend_R","Defend_R","Defend_R","Defend_R","Bash+1","Cleave","Hemokinesis+1","Anger","Ghostly Armor","Bludgeon+1","Corruption"],"relics":["Burning Blood","Bag of Preparation","Pantograph","Dodecahedron"],"potions_floor_usage":[7,7],"damage_taken":[{"damage":19,"enemies":"Jaw Worm","floor":1,"turns":6},{"damage":5,"enemies":"Small Slimes","floor":2,"turns":3},{"damage":4,"enemies":"Cultist","floor":3,"turns":3},{"damage":3,"enemies":"2 Fungi Beasts","floor":4,"turns":4},{"damage":43,"enemies":"3 Sentries","floor":7,"turns":8},{"damage":30,"enemies":"Lagavulin","floor":12,"turns":5},{"damage":31,"enemies":"Gremlin Nob","floor":14,"turns":3}],"seed_played":"-61925423742127742","potions_obtained":[{"floor":1,"key":"PowerPotion"},{"floor":4,"key":"Regen Potion"}],"is_trial":false,"path_per_floor":["M","M","M","M","?","R","E","R","T","R","?","E","T","E"],"character_chosen":"IRONCLAD","items_purchased":[],"campfire_rested":0,"item_purchase_floors":[],"current_hp_per_floor":[62,63,65,68,68,68,46,46,46,46,46,22,22,0],"gold":143,"neow_bonus":"TEN_PERCENT_HP_BONUS","is_prod":false,"is_daily":false,"chose_seed":false,"campfire_upgraded":3,"win_rate":0,"timestamp":1544670980,"path_taken":["M","M","M","M","?","R","E","R","T","R","?","E","?","E"],"build_version":"2018-12-06","purchased_purges":0,"victory":false,"max_hp_per_floor":[82,82,82,82,82,82,82,82,82,82,82,82,82,82],"card_choices":[{"not_picked":["Disarm","Iron Wave"],"picked":"Cleave","floor":1},{"not_picked":["Shrug It Off","Reckless Charge"],"picked":"Hemokinesis","floor":2},{"not_picked":["Twin Strike","Heavy Blade"],"picked":"Anger","floor":3},{"not_picked":["Clash","Pommel Strike"],"picked":"Ghostly Armor","floor":4},{"not_picked":["Battle Trance","Armaments"],"picked":"Bludgeon","floor":7},{"not_picked":["Iron Wave","Burning Pact"],"picked":"Corruption","floor":12}],"player_experience":684448,"relics_obtained":[{"floor":7,"key":"Bag of Preparation"},{"floor":9,"key":"Pantograph"},{"floor":12,"key":"Dodecahedron"}],"event_choices":[{"cards_removed":["Strike_R"],"damage_healed":0,"gold_gain":0,"player_choice":"Card Removal","damage_taken":0,"max_hp_gain":0,"max_hp_loss":0,"event_name":"The Cleric","floor":5,"gold_loss":75},{"damage_healed":0,"gold_gain":0,"player_choice":"Searched \u00270\u0027 times","damage_taken":0,"max_hp_gain":0,"max_hp_loss":0,"event_name":"Dead Adventurer","floor":11,"gold_loss":0}],"is_beta":false,"boss_relics":[],"items_purged_floors":[],"is_endless":false,"potions_floor_spawned":[1,4],"killed_by":"Gremlin Nob","ascension_level":20}