{"gold_per_floor":[113,126,126,126,138,165,165,90,169,180,180],"floor_reached":11,"playtime":592,"items_purged":["Strike_B"],"score":73,"play_id":"78d0e7ea-33a2-4348-aa77-9bffcd88b292","local_time":"20190116145456","is_ascension_mode":false,"campfire_choices":[{"floor":7,"key":"REST"}],"neow_cost":"NONE","seed_source_timestamp":138120641076700,"circlet_count":0,"master_deck":["Strike_B","Strike_B+1","Defend_B","Defend_B","Defend_B","Defend_B","Zap","Dualcast+1","Gash","All For One","All For One","Double Energy"],"relics":["Cracked Core","Omamori","Blue Candle"],"potions_floor_usage":[],"damage_taken":[{"damage":6,"enemies":"Jaw Worm","floor":1,"turns":3},{"damage":2,"enemies":"Small Slimes","floor":2,"turns":3},{"damage":0,"enemies":"Cultist","floor":5,"turns":2},{"damage":51,"enemies":"Gremlin Nob","floor":6,"turns":6},{"damage":6,"enemies":"3 Louse","floor":10,"turns":4},{"damage":18,"enemies":"Lagavulin","floor":11,"turns":2}],"seed_played":"-8792441930944680719","potions_obtained":[{"floor":0,"key":"FearPotion"},{"floor":0,"key":"FocusPotion"},{"floor":0,"key":"EssenceOfSteel"},{"floor":5,"key":"AttackPotion"}],"is_trial":false,"path_per_floor":["M","M","?","?","M","E","R","$","T","M","E"],"character_chosen":"DEFECT","items_purchased":[],"campfire_rested":1,"item_purchase_floors":[],"current_hp_per_floor":[69,67,52,52,52,1,23,23,23,17,0],"gold":180,"neow_bonus":"THREE_SMALL_POTIONS","is_prod":false,"is_daily":false,"chose_seed":false,"campfire_upgraded":0,"win_rate":0.0,"timestamp":1547646896,"path_taken":["M","M","?","?","M","E","R","?","T","?","E"],"build_version":"2019-01-14v2","purchased_purges":1,"victory":false,"max_hp_per_floor":[75,75,75,75,75,75,75,75,75,75,75],"card_choices":[{"not_picked":["Redo","Go for the Eyes"],"picked":"Gash","floor":1},{"not_picked":["Conserve Battery","Cold Snap"],"picked":"All For One","floor":2},{"not_picked":["Sunder","Redo","Cold Snap"],"picked":"SKIP","floor":5},{"not_picked":["Steam","Beam Cell"],"picked":"All For One","floor":6},{"not_picked":["Streamline","Reinforced Body"],"picked":"Double Energy","floor":10}],"player_experience":115393,"relics_obtained":[{"floor":6,"key":"Omamori"},{"floor":9,"key":"Blue Candle"}],"event_choices":[{"damage_healed":0,"gold_gain":0,"player_choice":"Entered Light","damage_taken":15,"max_hp_gain":0,"max_hp_loss":0,"event_name":"Shining Light","floor":3,"gold_loss":0,"cards_upgraded":["Dualcast","Strike_B"]},{"cards_removed":["Strike_B"],"damage_healed":0,"gold_gain":0,"player_choice":"Forget","damage_taken":0,"max_hp_gain":0,"max_hp_loss":0,"event_name":"Living Wall","floor":4,"gold_loss":0}],"is_beta":true,"boss_relics":[],"items_purged_floors":[8],"is_endless":false,"potions_floor_spawned":[5,6],"killed_by":"Lagavulin","ascension_level":0}