{"gold_per_floor":[114,15,28,41,57,57,77,102,176,176,196,196,196,214,214,289,289,304,228,242,67,84,84,119,135,135,135,150,150,179,179,179,253,253,271,271,271,282,298,298,330,330,330,330,330,330],"floor_reached":46,"playtime":2051,"items_purged":["Pain","Strike_R"],"score":907,"play_id":"1f5e2497-7351-465f-88d3-c87dde418a79","local_time":"20190215033934","is_ascension_mode":true,"campfire_choices":[{"data":"Spot Weakness","floor":6.0,"key":"SMITH"},{"data":"Shockwave","floor":10.0,"key":"SMITH"},{"floor":12.0,"key":"DIG"},{"data":"Body Slam","floor":15.0,"key":"SMITH"},{"floor":23.0,"key":"REST"},{"floor":27.0,"key":"REST"},{"floor":32.0,"key":"REST"},{"floor":40.0,"key":"DIG"},{"floor":42,"key":"REST"},{"floor":44,"key":"DIG"}],"neow_cost":"CURSE","seed_source_timestamp":0,"circlet_count":0,"master_deck":["AscendersBane","Strike_R","Strike_R","Defend_R","Defend_R","Defend_R","Defend_R","Bash","Clothesline","Iron Wave","Shrug It Off","Anger","Spot Weakness+1","Body Slam+1","Shockwave+1","Shrug It Off","Dark Embrace","Feel No Pain","Feel No Pain","Flame Barrier","Limit Break","Iron Wave+1","Battle Trance","Body Slam+1","Berserk+1","Ghostly Armor","Armaments+1","Parasite"],"special_seed":0,"relics":["Black Blood","Shovel","Molten Egg 2","Self Forming Clay","Dead Branch","Sozu","Happy Flower","Boot","Shuriken","Frozen Egg 2","Strawberry","Bottled Flame","Juzu Bracelet","Sundial","Nunchaku"],"potions_floor_usage":[],"damage_taken":[{"damage":4.0,"enemies":"Cultist","floor":1.0,"turns":3.0},{"damage":7.0,"enemies":"Jaw Worm","floor":3.0,"turns":4.0},{"damage":13.0,"enemies":"Small Slimes","floor":4.0,"turns":4.0},{"damage":15.0,"enemies":"Red Slaver","floor":5.0,"turns":5.0},{"damage":32.0,"enemies":"Exordium Wildlife","floor":7.0,"turns":6.0},{"damage":12.0,"enemies":"Lagavulin","floor":8.0,"turns":7.0},{"damage":5.0,"enemies":"Blue Slaver","floor":11.0,"turns":3.0},{"damage":3.0,"enemies":"Looter","floor":14.0,"turns":2.0},{"damage":20.0,"enemies":"The Guardian","floor":16.0,"turns":9.0},{"damage":8.0,"enemies":"Chosen","floor":18.0,"turns":5.0},{"damage":10.0,"enemies":"Shell Parasite","floor":20.0,"turns":5.0},{"damage":19.0,"enemies":"Snecko","floor":22.0,"turns":7.0},{"damage":29.0,"enemies":"Book of Stabbing","floor":24.0,"turns":6.0},{"damage":16.0,"enemies":"Shelled Parasite and Fungi","floor":25.0,"turns":5.0},{"damage":8.0,"enemies":"Centurion and Healer","floor":28.0,"turns":6.0},{"damage":36.0,"enemies":"Slavers","floor":30.0,"turns":6.0},{"damage":24.0,"enemies":"Collector","floor":33.0,"turns":6.0},{"damage":7.0,"enemies":"3 Shapes","floor":35.0,"turns":5.0},{"damage":4.0,"enemies":"Orb Walker","floor":38.0,"turns":3.0},{"damage":4.0,"enemies":"Writhing Mass","floor":39.0,"turns":10.0},{"damage":34,"enemies":"Nemesis","floor":41,"turns":9},{"damage":127,"enemies":"Giant Head","floor":46,"turns":10}],"seed_played":"6659576269317397687","potions_obtained":[{"floor":4.0,"key":"Regen Potion"},{"floor":5.0,"key":"Ancient Potion"},{"floor":11.0,"key":"Fire Potion"},{"floor":16.0,"key":"Strength Potion"}],"is_trial":false,"path_per_floor":["M","$","M","M","M","R","M","E","T","R","M","R","?","M","R","B",null,"M","$","M","$","M","R","E","M","T","R","M","T","E","?","R","B",null,"M","T","?","M","M","R","E","R","T","R","?","E"],"character_chosen":"IRONCLAD","items_purchased":["Iron Wave","Feel No Pain","Flame Barrier"],"campfire_rested":4,"item_purchase_floors":[2,19,21],"current_hp_per_floor":[70,70,69,62,53,53,27,36,36,36,37,37,37,40,40,26,63,61,61,57,57,44,66,43,33,33,55,53,53,23,23,45,27,63,66,73,73,79,82,82,58,82,82,82,82,0],"gold":330,"neow_bonus":"ONE_RARE_RELIC","is_prod":false,"is_daily":false,"chose_seed":false,"campfire_upgraded":3,"win_rate":0,"timestamp":1550219974,"path_taken":["M","$","M","M","M","R","M","E","T","R","M","R","?","M","R","BOSS","M","$","M","$","M","R","E","M","T","R","?","?","E","?","R","BOSS","M","?","?","?","M","R","E","R","T","R","?","E"],"build_version":"2019-01-23","purchased_purges":2,"victory":false,"max_hp_per_floor":[75,75,75,75,75,75,75,75,75,75,75,75,75,75,75,75,75,75,75,75,75,75,75,75,75,75,75,75,75,75,75,75,75,75,75,82,82,82,82,82,82,82,82,82,82,82],"card_choices":[{"not_picked":["Pommel Strike","Havoc"],"picked":"Clothesline","floor":1.0},{"not_picked":["Dropkick","Twin Strike"],"picked":"Shrug It Off","floor":3.0},{"not_picked":["Havoc","Iron Wave"],"picked":"Anger","floor":4.0},{"not_picked":["Fire Breathing","Heavy Blade"],"picked":"Spot Weakness","floor":5.0},{"not_picked":["Thunderclap","Flex"],"picked":"Body Slam","floor":7.0},{"not_picked":["Headbutt","Bloodletting"],"picked":"Shockwave","floor":8.0},{"not_picked":["Anger+1","Intimidate","Clothesline+1"],"picked":"SKIP","floor":11.0},{"not_picked":["Rage","Carnage+1","Clash+1"],"picked":"SKIP","floor":14.0},{"not_picked":["Feed+1","Offering"],"picked":"Dark Embrace","floor":16.0},{"not_picked":["Sword Boomerang+1","Thunderclap+1"],"picked":"Feel No Pain","floor":18.0},{"not_picked":["Anger+1","Inflame","Clash+1"],"picked":"SKIP","floor":20.0},{"not_picked":["Thunderclap+1","Twin Strike+1","Anger+1"],"picked":"SKIP","floor":22.0},{"not_picked":["Whirlwind+1","Cleave+1"],"picked":"Limit Break","floor":24.0},{"not_picked":["Hemokinesis+1","Anger+1"],"picked":"Iron Wave+1","floor":25.0},{"not_picked":["Havoc","Combust","Warcry"],"picked":"SKIP","floor":28.0},{"not_picked":["Disarm","Sword Boomerang+1"],"picked":"Battle Trance","floor":30.0},{"not_picked":["Demon Form+1","Dark Embrace+1"],"picked":"Berserk+1","floor":33.0},{"not_picked":["Body Slam+1","Clash+1","Uppercut+1"],"picked":"SKIP","floor":35.0},{"not_picked":["Flame Barrier+1","Clash+1"],"picked":"Armaments+1","floor":38.0},{"not_picked":["Dual Wield+1","Iron Wave+1","Clothesline+1"],"picked":"SKIP","floor":39.0},{"not_picked":["Clash+1","Sword Boomerang+1","True Grit"],"picked":"SKIP","floor":41}],"player_experience":291898,"relics_obtained":[{"floor":8.0,"key":"Molten Egg 2"},{"floor":9.0,"key":"Self Forming Clay"},{"floor":12.0,"key":"Dead Branch"},{"floor":24.0,"key":"Happy Flower"},{"floor":26.0,"key":"Boot"},{"floor":29.0,"key":"Shuriken"},{"floor":30.0,"key":"Frozen Egg 2"},{"floor":36.0,"key":"Strawberry"},{"floor":40.0,"key":"Bottled Flame"},{"floor":41,"key":"Juzu Bracelet"},{"floor":43,"key":"Sundial"},{"floor":44,"key":"Nunchaku"}],"event_choices":[{"damage_healed":0.0,"max_hp_gain":0.0,"max_hp_loss":0.0,"gold_gain":0.0,"cards_transformed":["Strike_R"],"event_name":"Transmorgrifier","player_choice":"Transformed","floor":13.0,"gold_loss":0.0,"damage_taken":0.0,"cards_obtained":["Shrug It Off"]},{"damage_healed":0.0,"max_hp_gain":0.0,"max_hp_loss":0.0,"gold_gain":0.0,"event_name":"Duplicator","player_choice":"Copied","floor":31.0,"gold_loss":0.0,"damage_taken":0.0,"cards_obtained":["Body Slam"]},{"damage_healed":0.0,"max_hp_gain":0.0,"max_hp_loss":0.0,"gold_gain":0.0,"cards_transformed":["Strike_R"],"event_name":"Transmorgrifier","player_choice":"Transformed","floor":37.0,"gold_loss":0.0,"damage_taken":0.0,"cards_obtained":["Ghostly Armor"]},{"damage_healed":0,"gold_gain":0,"player_choice":"Memory 1","damage_taken":0,"max_hp_gain":0,"max_hp_loss":0,"event_name":"SensoryStone","floor":45,"gold_loss":0}],"is_beta":false,"boss_relics":[{"not_picked":["Fusion Hammer","Velvet Choker"],"picked":"Sozu"},{"not_picked":["Lizard Tail","Astrolabe"],"picked":"Black Blood"}],"items_purged_floors":[2,21],"is_endless":false,"potions_floor_spawned":[4,5,11,16,22,25,28,33,39],"killed_by":"Giant Head","ascension_level":17}