{"gold_per_floor":[113,123,24,24,38,38,54,54,54,88,108,142,142,152,152,229,229,248,248,266,280,296,296,32,32,56,90,90,32,48,98,98,177,177,188,207,222,222,97,97,97],"floor_reached":41,"playtime":1686,"items_purged":["Strike_R","Pain","Strike_R"],"score":846,"play_id":"cdc8ca8a-bc8b-4a75-9c6b-d934030605f2","local_time":"20181213103251","is_ascension_mode":true,"campfire_choices":[{"data":"Bash","floor":6,"key":"SMITH"},{"data":"Juggernaut","floor":8,"key":"SMITH"},{"data":"Flame Barrier","floor":15,"key":"SMITH"},{"data":"Havoc","floor":23,"key":"SMITH"},{"data":"Clothesline","floor":25,"key":"SMITH"},{"data":"Limit Break","floor":28,"key":"SMITH"},{"floor":32,"key":"REST"},{"floor":40,"key":"REST"}],"neow_cost":"TEN_PERCENT_HP_LOSS","seed_source_timestamp":1635983601652196,"circlet_count":0,"master_deck":["AscendersBane","Strike_R","Strike_R","Strike_R","Defend_R","Defend_R","Defend_R","Defend_R","Bash+1","Immolate+1","Iron Wave","Whirlwind","Headbutt","Juggernaut+1","Havoc+1","Feel No Pain","Flame Barrier+1","Sentinel","Offering","Clothesline+1","Battle Trance","Limit Break+1","Spot Weakness","Sword Boomerang","Disarm","Fiend Fire","Uppercut+1","Feel No Pain"],"relics":["Burning Blood","Pen Nib","Gremlin Horn","Bag of Preparation","Ancient Tea Set","Philosopher\u0027s Stone","WarpedTongs","Red Skull","Ice Cream","Fusion Hammer"],"potions_floor_usage":[33,41,41],"damage_taken":[{"damage":0,"enemies":"Small Slimes","floor":1,"turns":2},{"damage":7,"enemies":"Cultist","floor":2,"turns":4},{"damage":0,"enemies":"2 Louse","floor":5,"turns":1},{"damage":13,"enemies":"Large Slime","floor":7,"turns":3},{"damage":20,"enemies":"Lagavulin","floor":10,"turns":6},{"damage":11,"enemies":"Exordium Thugs","floor":11,"turns":2},{"damage":10,"enemies":"3 Sentries","floor":12,"turns":3},{"damage":0,"enemies":"Lots of Slimes","floor":14,"turns":1},{"damage":32,"enemies":"The Guardian","floor":16,"turns":9},{"damage":0,"enemies":"3 Byrds","floor":18,"turns":2},{"damage":0,"enemies":"Chosen","floor":20,"turns":2},{"damage":8,"enemies":"Snecko","floor":21,"turns":5},{"damage":16,"enemies":"Centurion and Healer","floor":22,"turns":5},{"damage":19,"enemies":"Gremlin Leader","floor":27,"turns":5},{"damage":5,"enemies":"Sentry and Sphere","floor":30,"turns":4},{"damage":40,"enemies":"Champ","floor":33,"turns":6},{"damage":6,"enemies":"Orb Walker","floor":35,"turns":2},{"damage":18,"enemies":"3 Shapes","floor":36,"turns":5},{"damage":35,"enemies":"Maw","floor":37,"turns":6},{"damage":37,"enemies":"Giant Head","floor":41,"turns":5}],"seed_played":"-8655950833913226411","potions_obtained":[{"floor":7,"key":"SteroidPotion"},{"floor":10,"key":"AttackPotion"},{"floor":12,"key":"PowerPotion"},{"floor":35,"key":"SteroidPotion"}],"is_trial":false,"path_per_floor":["M","M","$","?","M","R","M","R","T","E","M","E","?","M","R","B",null,"M","?","M","M","M","R","$","R","T","E","R","$","M","?","R","B",null,"M","M","M","?","$","R","E"],"character_chosen":"IRONCLAD","items_purchased":["Headbutt","Limit Break","Sword Boomerang"],"campfire_rested":2,"item_purchase_floors":[3,24,29],"current_hp_per_floor":[68,67,67,67,68,68,61,61,61,47,42,38,38,44,44,18,56,62,62,68,66,56,56,56,56,56,43,43,43,44,38,58,24,57,57,45,16,16,16,36,0],"gold":97,"neow_bonus":"THREE_RARE_CARDS","is_prod":false,"is_daily":false,"chose_seed":false,"campfire_upgraded":6,"win_rate":0,"timestamp":1544715171,"path_taken":["M","M","$","?","?","R","M","R","T","E","M","E","?","M","R","BOSS","M","?","M","M","M","R","$","R","T","E","R","?","?","?","R","BOSS","M","M","?","?","$","R","E"],"build_version":"2018-12-06","purchased_purges":3,"victory":false,"max_hp_per_floor":[68,68,68,68,68,68,68,68,68,68,68,68,68,68,68,68,68,68,68,68,68,68,68,68,68,68,68,68,68,68,68,68,68,68,68,68,68,68,68,68,68],"card_choices":[{"not_picked":["Exhume","Bludgeon"],"picked":"Immolate","floor":0},{"not_picked":["Havoc","Perfected Strike"],"picked":"Iron Wave","floor":1},{"not_picked":["Carnage","Entrench"],"picked":"Whirlwind","floor":2},{"not_picked":["Cleave","Wild Strike","Twin Strike"],"picked":"SKIP","floor":5},{"not_picked":["Pommel Strike","Havoc"],"picked":"Juggernaut","floor":7},{"not_picked":["Flex","Clash"],"picked":"Havoc","floor":10},{"not_picked":["Inflame","Perfected Strike"],"picked":"Feel No Pain","floor":11},{"not_picked":["Reckless Charge","Brutality"],"picked":"Flame Barrier","floor":12},{"not_picked":["Infernal Blade","Headbutt"],"picked":"Sentinel","floor":14},{"not_picked":["Bludgeon","Double Tap"],"picked":"Offering","floor":16},{"not_picked":["Clash","Armaments"],"picked":"Clothesline","floor":18},{"not_picked":["Iron Wave","Anger","Fire Breathing"],"picked":"SKIP","floor":20},{"not_picked":["Heavy Blade","Reckless Charge","Perfected Strike"],"picked":"SKIP","floor":21},{"not_picked":["Sentinel","Cleave"],"picked":"Battle Trance","floor":22},{"not_picked":["Headbutt","Entrench"],"picked":"Spot Weakness","floor":27},{"not_picked":["Ghostly Armor","Armaments"],"picked":"Disarm","floor":30},{"not_picked":["Brutality","Double Tap"],"picked":"Fiend Fire","floor":33},{"not_picked":["Wild Strike","Cleave","Seeing Red"],"picked":"SKIP","floor":35},{"not_picked":["Sword Boomerang","Iron Wave"],"picked":"Uppercut+1","floor":36},{"not_picked":["Heavy Blade+1","Carnage"],"picked":"Feel No Pain","floor":37}],"player_experience":688913,"relics_obtained":[{"floor":9,"key":"Pen Nib"},{"floor":10,"key":"Gremlin Horn"},{"floor":12,"key":"Bag of Preparation"},{"floor":26,"key":"Red Skull"},{"floor":27,"key":"Ice Cream"}],"event_choices":[{"damage_healed":0,"gold_gain":0,"player_choice":"Upgraded","damage_taken":0,"max_hp_gain":0,"max_hp_loss":0,"event_name":"Upgrade Shrine","floor":4,"gold_loss":0,"cards_upgraded":["Immolate"]},{"damage_healed":0,"gold_gain":0,"player_choice":"Searched \u00271\u0027 times","damage_taken":0,"relics_obtained":["Ancient Tea Set"],"max_hp_gain":0,"max_hp_loss":0,"event_name":"Dead Adventurer","floor":13,"gold_loss":0},{"damage_healed":0,"gold_gain":0,"player_choice":"Rummage","damage_taken":0,"relics_obtained":["WarpedTongs"],"max_hp_gain":0,"max_hp_loss":0,"event_name":"Accursed Blacksmith","floor":19,"gold_loss":0,"cards_obtained":["Pain"]},{"damage_healed":0,"gold_gain":50,"player_choice":"Touch","damage_taken":6,"max_hp_gain":0,"max_hp_loss":0,"event_name":"FaceTrader","floor":31,"gold_loss":0},{"damage_healed":0,"gold_gain":0,"player_choice":"Ignored","damage_taken":0,"max_hp_gain":0,"max_hp_loss":0,"event_name":"Mysterious Sphere","floor":38,"gold_loss":0}],"is_beta":false,"boss_relics":[{"not_picked":["Eternal Feather","White Beast Statue"],"picked":"Philosopher\u0027s Stone"},{"not_picked":["Cursed Key","Busted Crown"],"picked":"Fusion Hammer"}],"items_purged_floors":[3,24,39],"is_endless":false,"potions_floor_spawned":[7,10,11,12,18,20,30,35],"killed_by":"Giant Head","ascension_level":20}