{"gold_per_floor":[320,90,90,102,102,102,102,133,145,195,226,238,290,322,334,470,482,517,554,46,46,69,108,108,131,131,131,167,167,206,227,227,350,350,368,368,368,391,391,430,454,354,354,389,389,404,404,424,424,424],"floor_reached":51,"playtime":2920,"items_purged":["Strike_G","Strike_G+1"],"score":1327,"play_id":"0eeb3832-4906-4782-9897-4e976ffbb42a","local_time":"20180818194019","is_ascension_mode":true,"campfire_choices":[{"data":"Footwork","floor":6,"key":"SMITH"},{"floor":12,"key":"REST"},{"floor":15,"key":"REST"},{"floor":24,"key":"REST"},{"floor":29,"key":"REST"},{"data":"Catalyst","floor":32,"key":"SMITH"},{"data":"1","floor":45,"key":"LIFT"},{"data":"2","floor":49,"key":"LIFT"}],"neow_cost":"NO_GOLD","seed_source_timestamp":522254003400048,"circlet_count":0,"master_deck":["Defend_G+1","Defend_G+1","Defend_G+1","Defend_G+1","Defend_G+1","Strike_G+1","Strike_G+1","Strike_G+1","Survivor+1","Neutralize+1","AscendersBane","Deadly Poison+1","Footwork+1","Dagger Spray+1","Dodge and Roll+1","Backflip+1","Dodge and Roll+1","Crippling Poison+1","Catalyst+1","Deflect+1","Venomology+1","Crippling Poison+1","Well Laid Plans+1","Dodge and Roll+1","Backflip+1","Blade Dance+1","Poisoned Stab+1","Burst+1","Bouncing Flask+1","Calculated Gamble+1","Doubt","Dodge and Roll","Pain"],"relics":["Ring of the Snake","Old Coin","Golden Idol","Pantograph","MawBank","Centennial Puzzle","Ornamental Fan","Girya","Cursed Key","Paper Crane","ClockworkSouvenir","Enchiridion","Mummified Hand","Ginger","Shuriken","Thread and Needle","Vajra","Runic Dome","Mark of the Bloom","Kunai","Art of War","Turnip","Singing Bowl"],"potions_floor_usage":[8,8,10,10,13,18,22,23,33,33,35,38,44,50,50],"damage_taken":[{"damage":1,"enemies":"2 Louse","floor":1,"turns":4},{"damage":7,"enemies":"Cultist","floor":4,"turns":5},{"damage":10,"enemies":"Lagavulin","floor":8,"turns":10},{"damage":11,"enemies":"Gremlin Nob","floor":10,"turns":5},{"damage":5,"enemies":"Small Slimes","floor":11,"turns":4},{"damage":13,"enemies":"3 Sentries","floor":13,"turns":15},{"damage":1,"enemies":"Blue Slaver","floor":14,"turns":5},{"damage":20,"enemies":"The Guardian","floor":16,"turns":11},{"damage":3,"enemies":"3 Byrds","floor":18,"turns":5},{"damage":10,"enemies":"Chosen","floor":19,"turns":6},{"damage":11,"enemies":"3 Cultists","floor":22,"turns":6},{"damage":19,"enemies":"Gremlin Leader","floor":23,"turns":6},{"damage":0,"enemies":"Snake Plant","floor":25,"turns":5},{"damage":13,"enemies":"Slavers","floor":28,"turns":6},{"damage":7,"enemies":"Gremlin Leader","floor":30,"turns":7},{"damage":0,"enemies":"Cultist and Chosen","floor":31,"turns":7},{"damage":14,"enemies":"Automaton","floor":33,"turns":8},{"damage":2,"enemies":"Orb Walker","floor":35,"turns":5},{"damage":5,"enemies":"Flame Bruiser 1 Orb","floor":38,"turns":5},{"damage":0,"enemies":"Giant Head","floor":40,"turns":6},{"damage":8,"enemies":"Maw","floor":41,"turns":5},{"damage":0,"enemies":"Nemesis","floor":44,"turns":5},{"damage":0,"enemies":"Transient","floor":46,"turns":5},{"damage":3,"enemies":"4 Shapes","floor":48,"turns":4},{"damage":18,"enemies":"Awakened One","floor":50,"turns":15}],"seed_played":"-3560332660044135755","potions_obtained":[{"floor":1,"key":"LiquidBronze"},{"floor":3,"key":"EntropicBrew"},{"floor":11,"key":"GhostInAJar"},{"floor":16,"key":"Regen Potion"},{"floor":30,"key":"Energy Potion"},{"floor":33,"key":"Block Potion"},{"floor":41,"key":"EssenceOfSteel"},{"floor":44,"key":"Dexterity Potion"}],"is_trial":false,"path_per_floor":["M","$","?","M","?","R","?","E","T","E","M","R","E","M","R","B",null,"M","M","$","?","M","E","R","M","T","?","E","R","E","M","R","B",null,"M","?","?","M","?","E","M","$","T","E","R","M","T","M","R","B"],"character_chosen":"THE_SILENT","items_purchased":["Footwork","Dagger Spray","Dodge and Roll","Paper Crane","ClockworkSouvenir","Well Laid Plans"],"campfire_rested":4,"item_purchase_floors":[2,2,2,20,20,20],"current_hp_per_floor":[62,62,62,55,55,55,30,20,20,9,4,23,10,9,28,33,57,54,44,44,28,31,12,31,31,31,31,18,37,30,30,30,41,59,57,57,57,52,52,52,44,44,44,44,44,44,44,41,41,23],"gold":424,"neow_bonus":"ONE_RARE_RELIC","is_prod":false,"is_daily":false,"chose_seed":false,"campfire_upgraded":2,"win_rate":0,"timestamp":1534635619,"path_taken":["M","$","?","M","?","R","?","E","T","E","M","R","E","M","R","BOSS","M","M","$","?","M","E","R","M","T","?","E","R","E","M","R","BOSS","M","?","?","M","?","E","M","$","T","E","R","?","?","M","R","BOSS"],"build_version":"2018-08-16","purchased_purges":2,"victory":true,"max_hp_per_floor":[70,70,70,70,65,65,65,65,65,65,65,65,65,65,65,65,65,65,65,65,65,65,65,65,65,65,65,65,65,65,65,65,65,65,65,62,62,62,62,62,62,62,62,62,62,62,62,64,64,64],"card_choices":[{"not_picked":["Flying Knee","Dodge and Roll"],"picked":"Deadly Poison","floor":1},{"not_picked":["Dagger Spray","Escape Plan","Prepared"],"picked":"SKIP","floor":4},{"not_picked":["Accuracy","Prepared"],"picked":"Backflip","floor":8},{"not_picked":["Backflip","Dagger Throw"],"picked":"Dodge and Roll","floor":10},{"not_picked":["Dagger Spray","Acrobatics"],"picked":"Crippling Poison","floor":11},{"not_picked":["Outmaneuver","Doppelganger"],"picked":"Catalyst","floor":13},{"not_picked":["Acrobatics","Predator"],"picked":"Deflect","floor":14},{"not_picked":["Night Terror","Doppelganger"],"picked":"Venomology","floor":16},{"not_picked":["Infinite Blades","Cloak And Dagger+1"],"picked":"Crippling Poison","floor":18},{"not_picked":["Quick Slash+1","Riddle With Holes","Deflect"],"picked":"SKIP","floor":19},{"not_picked":["Dash","Blade Dance+1"],"picked":"Dodge and Roll","floor":22},{"not_picked":["Quick Slash","Backstab"],"picked":"Backflip","floor":23},{"not_picked":["Quick Slash","Prepared","Deflect"],"picked":"SKIP","floor":25},{"not_picked":["Backflip","Quick Slash"],"picked":"Blade Dance","floor":28},{"not_picked":["Calculated Gamble","PiercingWail","Flechettes+1"],"picked":"SKIP","floor":30},{"not_picked":["Underhanded Strike+1","Dagger Spray"],"picked":"Poisoned Stab+1","floor":31},{"not_picked":["Wraith Form v2","Tools of the Trade"],"picked":"Burst","floor":33},{"not_picked":["Flying Knee","Underhanded Strike+1"],"picked":"Bouncing Flask+1","floor":35},{"not_picked":["Blade Dance","Underhanded Strike+1","Outmaneuver+1"],"picked":"SKIP","floor":38},{"not_picked":["All Out Attack+1","Night Terror"],"picked":"Calculated Gamble+1","floor":40},{"not_picked":["Tactician","Underhanded Strike+1","Prepared"],"picked":"SKIP","floor":41},{"not_picked":["Tactician","Underhanded Strike+1","Prepared"],"picked":"SKIP","floor":41},{"not_picked":["Sucker Punch","Choke+1","All Out Attack+1"],"picked":"SKIP","floor":44},{"not_picked":["Sucker Punch","Choke+1","All Out Attack+1"],"picked":"SKIP","floor":44},{"not_picked":["Underhanded Strike","Bouncing Flask+1"],"picked":"Dodge and Roll","floor":46},{"not_picked":["Dodge and Roll","Outmaneuver+1","Deflect"],"picked":"Singing Bowl","floor":48}],"player_experience":457950,"relics_obtained":[{"floor":8,"key":"MawBank"},{"floor":9,"key":"Centennial Puzzle"},{"floor":10,"key":"Ornamental Fan"},{"floor":13,"key":"Girya"},{"floor":21,"key":"Enchiridion"},{"floor":23,"key":"Mummified Hand"},{"floor":26,"key":"Ginger"},{"floor":28,"key":"Thread and Needle"},{"floor":30,"key":"Vajra"},{"floor":40,"key":"Kunai"},{"floor":43,"key":"Art of War"},{"floor":44,"key":"Turnip"},{"floor":47,"key":"Singing Bowl"}],"event_choices":[{"event_name":"The Lab","player_choice":"Got Potions","floor":3,"damage_taken":0},{"event_name":"Golden Idol","player_choice":"Lose Max HP","floor":5,"damage_taken":0},{"event_name":"Scrap Ooze","player_choice":"success","floor":7,"damage_taken":25},{"event_name":"Cursed Tome","player_choice":"Obtained Book","floor":21,"damage_taken":0},{"event_name":"The Mausoleum","player_choice":"Yes","floor":27,"damage_taken":0},{"event_name":"Fountain of Cleansing","player_choice":"Removed Curse","floor":36,"damage_taken":0},{"event_name":"The Woman in Blue","player_choice":"Bought 0 Potions","floor":37,"damage_taken":0},{"event_name":"MindBloom","player_choice":"Upgrade","floor":39,"damage_taken":0}],"is_beta":false,"boss_relics":[{"not_picked":["Tiny House","Runic Pyramid"],"picked":"Cursed Key"},{"not_picked":["Snecko Eye","Philosopher\u0027s Stone"],"picked":"Runic Dome"}],"items_purged_floors":[2,42],"is_endless":false,"potions_floor_spawned":[1,11,16,23,25,30,33,41,44,48],"ascension_level":11}