{"gold_per_floor":[216,142,153,169,169,169,181,181,233,233,50,50,50,65,65,169,169,186,186,201,221,237,237],"floor_reached":23,"playtime":1684,"items_purged":[],"score":192,"play_id":"e5c31f46-675c-45ba-a2a6-8ca2d79d79ac","local_time":"20190109204230","is_ascension_mode":true,"campfire_choices":[{"data":"Envenom","floor":6.0,"key":"SMITH"},{"data":"Neutralize","floor":10.0,"key":"SMITH"},{"data":"Magnetism","floor":12.0,"key":"SMITH"},{"data":"Blade Dance","floor":15.0,"key":"SMITH"}],"neow_cost":"NONE","seed_source_timestamp":8446937379540,"circlet_count":0,"master_deck":["Defend_G","Defend_G","Defend_G","Defend_G","Defend_G","Strike_G","Strike_G","Strike_G","Strike_G","Survivor","Neutralize+1","Envenom+1","Dash","Dodge and Roll","Deflect","Backflip","Magnetism+1","Blade Dance+1","Night Terror","Blur","Backflip","Blade Dance+1","Dash"],"special_seed":0,"relics":["Ring of the Snake","Happy Flower","WristBlade"],"potions_floor_usage":[21,21,23],"damage_taken":[{"damage":5.0,"enemies":"Jaw Worm","floor":1.0,"turns":4.0},{"damage":4.0,"enemies":"Cultist","floor":3.0,"turns":5.0},{"damage":0.0,"enemies":"2 Louse","floor":4.0,"turns":3.0},{"damage":3.0,"enemies":"Exordium Thugs","floor":7.0,"turns":5.0},{"damage":0.0,"enemies":"Blue Slaver","floor":14.0,"turns":5.0},{"damage":11.0,"enemies":"The Guardian","floor":16.0,"turns":9.0},{"damage":0.0,"enemies":"3 Byrds","floor":18.0,"turns":5.0},{"damage":2.0,"enemies":"Shell Parasite","floor":20.0,"turns":6.0},{"damage":25,"enemies":"Snecko","floor":21,"turns":7},{"damage":17,"enemies":"Centurion and Healer","floor":22,"turns":12},{"damage":42,"enemies":"Gremlin Leader","floor":23,"turns":4}],"seed_played":"-7726925096421174983","potions_obtained":[{"floor":3.0,"key":"Regen Potion"},{"floor":4.0,"key":"Fire Potion"},{"floor":21,"key":"Ancient Potion"},{"floor":22,"key":"GhostInAJar"}],"is_trial":false,"path_per_floor":["M","$","M","M","?","R","M","?","T","R","$","R","?","M","R","B",null,"M","$","M","M","M","E"],"character_chosen":"THE_SILENT","items_purchased":["Envenom","Magnetism"],"campfire_rested":0,"item_purchase_floors":[2,11],"current_hp_per_floor":[65,65,61,61,61,61,58,63,63,63,63,63,56,56,56,45,70,70,70,68,57,40,0],"gold":237,"neow_bonus":"HUNDRED_GOLD","is_prod":false,"is_daily":false,"chose_seed":false,"campfire_upgraded":4,"win_rate":0,"timestamp":1547037750,"path_taken":["M","$","M","M","?","R","?","?","T","R","?","R","?","M","R","BOSS","M","$","M","?","M","E"],"build_version":"2019-01-03v4","purchased_purges":0,"victory":false,"max_hp_per_floor":[70,70,70,70,70,70,70,70,70,70,70,70,70,70,70,70,70,70,70,70,70,70,70],"card_choices":[{"not_picked":["Sucker Punch","Bane"],"picked":"Deflect","floor":1.0},{"not_picked":["Dagger Throw","Slice"],"picked":"Dash","floor":3.0},{"not_picked":["Prepared","Flying Knee"],"picked":"Dodge and Roll","floor":4.0},{"not_picked":["Underhanded Strike","PiercingWail"],"picked":"Backflip","floor":7.0},{"not_picked":["Skewer","Glass Knife"],"picked":"Blade Dance","floor":14.0},{"not_picked":["Venomology","Die Die Die"],"picked":"Night Terror","floor":16.0},{"not_picked":["Slice","Dagger Throw"],"picked":"Blur","floor":18.0},{"not_picked":["Flying Knee+1","Outmaneuver"],"picked":"Backflip","floor":20.0},{"not_picked":["Deadly Poison","Riddle With Holes+1"],"picked":"Blade Dance+1","floor":21},{"not_picked":["Backflip","Infinite Blades"],"picked":"Dash","floor":22}],"player_experience":250291,"relics_obtained":[{"floor":9.0,"key":"Happy Flower"}],"event_choices":[{"damage_healed":0.0,"max_hp_gain":0.0,"max_hp_loss":0.0,"gold_gain":0.0,"cards_transformed":["Strike_G"],"event_name":"Transmorgrifier","player_choice":"Transformed","floor":5.0,"gold_loss":0.0,"damage_taken":0.0,"cards_obtained":["Deflect"]},{"cards_removed":["Deflect"],"damage_healed":5.0,"max_hp_gain":0.0,"max_hp_loss":0.0,"gold_gain":0.0,"event_name":"Bonfire Elementals","player_choice":"Offered Common","floor":8.0,"gold_loss":0.0,"damage_taken":0.0},{"cards_removed":["Deflect"],"damage_healed":5.0,"max_hp_gain":0.0,"max_hp_loss":0.0,"gold_gain":0.0,"event_name":"Bonfire Elementals","player_choice":"Offered Special","floor":8.0,"gold_loss":0.0,"damage_taken":0.0},{"damage_healed":0.0,"max_hp_gain":0.0,"max_hp_loss":0.0,"gold_gain":0.0,"event_name":"Wheel of Change","player_choice":"Damaged","floor":13.0,"gold_loss":0.0,"damage_taken":7.0}],"is_beta":false,"boss_relics":[{"not_picked":["Lizard Tail","Philosopher\u0027s Stone"],"picked":"WristBlade"}],"items_purged_floors":[],"is_endless":false,"potions_floor_spawned":[3,4,21,22],"killed_by":"Gremlin Leader","ascension_level":1}