{"gold_per_floor":[118,118,132,143,161,161,192,192,192,367,292,292,124,140,140,235,235,250,250,250],"floor_reached":20,"playtime":841,"items_purged":["Doubt","Writhe"],"score":172,"play_id":"c5214e71-e63f-4f70-bd06-eed0667d49b2","local_time":"20190212172128","is_ascension_mode":false,"campfire_choices":[{"floor":6,"key":"REST"},{"floor":8,"key":"REST"},{"floor":12,"key":"REST"},{"floor":15,"key":"REST"}],"neow_cost":"CURSE","seed_source_timestamp":8369036632699,"circlet_count":0,"master_deck":["Strike_B+1","Strike_B","Strike_B","Strike_B","Defend_B","Defend_B","Defend_B","Defend_B","Zap","Dualcast","Thunder Strike+1","Capacitor","Lockon","Defragment"],"relics":["Cracked Core","Whetstone","Eternal Feather"],"potions_floor_usage":[7,7],"damage_taken":[{"damage":1,"enemies":"Cultist","floor":1,"turns":3},{"damage":1,"enemies":"2 Louse","floor":3,"turns":3},{"damage":8,"enemies":"Jaw Worm","floor":4,"turns":3},{"damage":30,"enemies":"Exordium Wildlife","floor":5,"turns":5},{"damage":40,"enemies":"Lagavulin","floor":7,"turns":8},{"damage":15,"enemies":"Looter","floor":14,"turns":3},{"damage":64,"enemies":"The Guardian","floor":16,"turns":11},{"damage":31,"enemies":"Spheric Guardian","floor":18,"turns":5},{"damage":45,"enemies":"Masked Bandits","floor":20,"turns":3}],"seed_played":"5754969709066120703","potions_obtained":[{"floor":1,"key":"SteroidPotion"},{"floor":4,"key":"PowerPotion"},{"floor":5,"key":"PowerPotion"},{"floor":16,"key":"Swift Potion"}],"is_trial":false,"path_per_floor":["M","?","M","M","M","R","E","R","T","?","$","R","$","M","R","B",null,"M","$","?"],"character_chosen":"DEFECT","items_purchased":["Defragment"],"campfire_rested":4,"item_purchase_floors":[13],"current_hp_per_floor":[74,74,73,65,35,57,17,39,39,39,39,61,61,46,68,4,75,44,44,0],"gold":250,"neow_bonus":"THREE_RARE_CARDS","is_prod":false,"is_daily":false,"chose_seed":false,"campfire_upgraded":0,"win_rate":0,"timestamp":1549988488,"path_taken":["M","?","M","?","M","R","E","R","T","?","$","R","$","M","R","BOSS","M","$","?"],"build_version":"2019-02-06","purchased_purges":2,"victory":false,"max_hp_per_floor":[75,75,75,75,75,75,75,75,75,75,75,75,75,75,75,75,75,75,75,75],"card_choices":[{"not_picked":["Fission","Seek"],"picked":"Thunder Strike","floor":0},{"not_picked":["Beam Cell","Streamline","Genetic Algorithm"],"picked":"SKIP","floor":1},{"not_picked":["Beam Cell","Auto Shields"],"picked":"Capacitor","floor":3},{"not_picked":["Turbo","Hologram","Steam"],"picked":"SKIP","floor":4},{"not_picked":["Redo","Beam Cell","Self Repair"],"picked":"SKIP","floor":5},{"not_picked":["Darkness","Force Field"],"picked":"Lockon","floor":7},{"not_picked":["Redo","Streamline","Beam Cell"],"picked":"SKIP","floor":14},{"not_picked":["Rebound","Chaos","Doom and Gloom"],"picked":"SKIP","floor":18}],"player_experience":217171,"relics_obtained":[{"floor":7,"key":"Whetstone"}],"event_choices":[{"damage_healed":0,"gold_gain":0,"player_choice":"0 cards matched","damage_taken":0,"max_hp_gain":0,"max_hp_loss":0,"event_name":"Match and Keep!","floor":2,"gold_loss":0,"cards_obtained":[]},{"damage_healed":0,"gold_gain":175,"player_choice":"AGREE","damage_taken":0,"max_hp_gain":0,"max_hp_loss":0,"event_name":"Liars Game","floor":10,"gold_loss":0,"cards_obtained":["Doubt"]},{"damage_healed":0,"gold_gain":0,"player_choice":"Fought Bandits","damage_taken":0,"max_hp_gain":0,"max_hp_loss":0,"event_name":"Masked Bandits","floor":20,"gold_loss":0}],"is_beta":true,"boss_relics":[{"not_picked":["Busted Crown","Philosopher\u0027s Stone"],"picked":"Eternal Feather"}],"items_purged_floors":[11,13],"is_endless":false,"potions_floor_spawned":[1,4,5,16],"killed_by":"Masked Bandits","ascension_level":0}