{"gold_per_floor":[118,129,142,142,152,152,176,204,228,228,242,259,259,294,294,398,398,415,415,415,429,126,151,151,186,198,244,274,286,317,344,356,470,482,506,518,1529,1616,1642,1654,1666,724,724,741,24,24,43,59,59,59],"floor_reached":51,"playtime":2046,"items_purged":["Strike_G+1","Strike_G+1","Strike_G+1"],"score":792,"play_id":"fa04f952-5f22-4f3a-adcb-a4d82c1f68af","local_time":"20181116175422","is_ascension_mode":false,"campfire_choices":[{"data":"Dash","floor":6,"key":"SMITH"},{"data":"Cloak And Dagger","floor":10,"key":"SMITH"},{"floor":15,"key":"REST"},{"data":"Noxious Fumes","floor":24,"key":"SMITH"},{"data":"Poisoned Stab","floor":29,"key":"SMITH"},{"floor":32,"key":"REST"},{"data":"Storm of Steel","floor":40,"key":"SMITH"},{"data":"Deadly Poison","floor":46,"key":"SMITH"},{"data":"Caltrops","floor":49,"key":"SMITH"}],"neow_cost":"NONE","seed_source_timestamp":878504561720184,"circlet_count":0,"master_deck":["Defend_G+1","Defend_G+1","Defend_G+1","Defend_G+1","Defend_G+1","Strike_G+1","Survivor","Neutralize+1","Masterful Stab","Dash+1","Choke","Cloak And Dagger","Cloak And Dagger+1","Well Laid Plans","Corpse Explosion","Noxious Fumes+1","Catalyst+1","Infinite Blades","Poisoned Stab+1","Flying Knee","Deflect","Storm of Steel+1","Grand Finale","Caltrops+1","Dagger Spray","Deadly Poison+1","Concentrate"],"relics":["Ring of the Snake","Bag of Preparation","Omamori","War Paint","Vajra","Ninja Scroll","Runic Pyramid","TwistedFunnel","Potion Belt","MawBank","Question Card","Regal Pillow","Eternal Feather","ClockworkSouvenir","The Specimen","Sundial","Dodecahedron","HandDrill","Nunchaku"],"potions_floor_usage":[11,14,23,25,50,50,50,50,50,50,50,50,50,50],"damage_taken":[{"damage":1,"enemies":"Cultist","floor":1,"turns":6},{"damage":0,"enemies":"Jaw Worm","floor":2,"turns":3},{"damage":0,"enemies":"2 Louse","floor":3,"turns":2},{"damage":0,"enemies":"Blue Slaver","floor":5,"turns":3},{"damage":12,"enemies":"Gremlin Nob","floor":8,"turns":4},{"damage":0,"enemies":"Exordium Thugs","floor":11,"turns":3},{"damage":0,"enemies":"Red Slaver","floor":12,"turns":2},{"damage":12,"enemies":"Lagavulin","floor":14,"turns":5},{"damage":14,"enemies":"Slime Boss","floor":16,"turns":10},{"damage":4,"enemies":"Spheric Guardian","floor":18,"turns":4},{"damage":7,"enemies":"3 Byrds","floor":21,"turns":4},{"damage":11,"enemies":"Gremlin Leader","floor":23,"turns":6},{"damage":11,"enemies":"Book of Stabbing","floor":25,"turns":4},{"damage":0,"enemies":"Gremlin Leader","floor":27,"turns":6},{"damage":6,"enemies":"Snake Plant","floor":28,"turns":3},{"damage":0,"enemies":"Centurion and Healer","floor":30,"turns":2},{"damage":1,"enemies":"Snecko","floor":31,"turns":4},{"damage":25,"enemies":"Champ","floor":33,"turns":11},{"damage":0,"enemies":"3 Darklings","floor":35,"turns":2},{"damage":7,"enemies":"Orb Walker","floor":39,"turns":3},{"damage":0,"enemies":"Spire Growth","floor":44,"turns":4},{"damage":0,"enemies":"Maw","floor":47,"turns":6},{"damage":12,"enemies":"3 Darklings","floor":48,"turns":5},{"damage":56,"enemies":"Time Eater","floor":50,"turns":11}],"seed_played":"3489169121450545311","potions_obtained":[{"floor":2,"key":"Fruit Juice"},{"floor":3,"key":"AttackPotion"},{"floor":8,"key":"FearPotion"},{"floor":16,"key":"Swift Potion"},{"floor":18,"key":"Regen Potion"},{"floor":21,"key":"Poison Potion"},{"floor":33,"key":"SneckoOil"},{"floor":39,"key":"FairyPotion"},{"floor":41,"key":"Swift Potion"},{"floor":41,"key":"Ancient Potion"},{"floor":44,"key":"EssenceOfSteel"}],"is_trial":false,"path_per_floor":["M","M","M","?","M","R","T","E","T","R","M","M","?","E","R","B",null,"M","?","?","M","$","E","R","E","T","E","M","R","M","M","R","B",null,"M","?","?","?","M","R","?","$","T","M","$","R","M","M","R","B",null],"character_chosen":"THE_SILENT","items_purchased":["TwistedFunnel","Infinite Blades","ClockworkSouvenir","The Specimen","Sundial","Deadly Poison","Dexterity Potion","HandDrill","Nunchaku","EntropicBrew"],"campfire_rested":2,"item_purchase_floors":[22,22,42,42,42,42,42,45,45,45],"current_hp_per_floor":[69,69,69,62,62,62,62,50,50,50,50,50,38,26,47,33,70,66,66,66,59,59,53,53,42,42,42,36,36,36,35,72,47,75,75,75,75,68,61,75,75,75,75,75,75,75,75,63,75,19],"gold":59,"neow_bonus":"UPGRADE_CARD","is_prod":false,"is_daily":false,"chose_seed":false,"campfire_upgraded":7,"win_rate":0,"timestamp":1542408862,"path_taken":["M","?","M","?","M","R","?","E","T","R","M","?","?","E","R","BOSS","M","?","?","?","?","E","R","E","T","E","M","R","?","M","R","BOSS","M","?","?","?","?","R","?","$","T","M","$","R","M","M","R","BOSS"],"build_version":"2018-11-15","purchased_purges":3,"victory":true,"max_hp_per_floor":[70,70,70,70,70,70,70,70,70,70,70,70,70,70,70,70,70,70,70,70,70,70,75,75,75,75,75,75,75,75,75,75,75,75,75,75,75,75,75,75,75,75,75,75,75,75,75,75,75,75],"card_choices":[{"not_picked":["Sucker Punch","Bane"],"picked":"Masterful Stab","floor":1},{"not_picked":["Dodge and Roll","Backflip"],"picked":"Dash","floor":2},{"not_picked":["Distraction","Expertise"],"picked":"Choke","floor":3},{"not_picked":["Backflip","Escape Plan"],"picked":"Cloak And Dagger","floor":5},{"not_picked":["Storm of Steel","Blade Dance"],"picked":"Cloak And Dagger","floor":8},{"not_picked":["Outmaneuver","Dagger Throw","Deadly Poison"],"picked":"SKIP","floor":11},{"not_picked":["Riddle With Holes","Predator","Prepared"],"picked":"SKIP","floor":12},{"not_picked":["Concentrate","Eviscerate"],"picked":"Well Laid Plans","floor":14},{"not_picked":["Phantasmal Killer","After Image"],"picked":"Corpse Explosion","floor":16},{"not_picked":["Bane","Poisoned Stab"],"picked":"Noxious Fumes","floor":18},{"not_picked":["Bane","Leg Sweep"],"picked":"Catalyst+1","floor":21},{"not_picked":["Dagger Throw","Underhanded Strike+1","Expertise+1"],"picked":"SKIP","floor":23},{"not_picked":["Endless Agony+1","Backstab","Terror"],"picked":"SKIP","floor":25},{"not_picked":["Escape Plan","Choke","Blade Dance"],"picked":"Poisoned Stab","floor":27},{"not_picked":["Bane","Backflip","Slice"],"picked":"Flying Knee","floor":28},{"not_picked":["Dagger Throw","Backflip","Slice"],"picked":"Deflect","floor":30},{"not_picked":["Acrobatics+1","Blade Dance+1","Bane"],"picked":"Storm of Steel","floor":31},{"not_picked":["A Thousand Cuts","Glass Knife","Die Die Die"],"picked":"Grand Finale","floor":33},{"not_picked":["Reflex","Choke","Heel Hook"],"picked":"Caltrops","floor":35},{"not_picked":["PiercingWail+1","Skewer+1","Sucker Punch+1"],"picked":"Dagger Spray","floor":39},{"not_picked":["Backstab+1","Flying Knee+1","Prepared+1","Infinite Blades+1"],"picked":"SKIP","floor":44},{"not_picked":["Calculated Gamble","Backflip","Slice"],"picked":"Concentrate","floor":47},{"not_picked":["Predator+1","Dodge and Roll","Deflect","Choke+1"],"picked":"SKIP","floor":48}],"player_experience":640928,"relics_obtained":[{"floor":7,"key":"Bag of Preparation"},{"floor":8,"key":"Omamori"},{"floor":9,"key":"War Paint"},{"floor":14,"key":"Ninja Scroll"},{"floor":23,"key":"Potion Belt"},{"floor":25,"key":"MawBank"},{"floor":26,"key":"Question Card"},{"floor":27,"key":"Regal Pillow"},{"floor":43,"key":"Dodecahedron"}],"event_choices":[{"cards_removed":["Strike_G"],"damage_healed":0,"gold_gain":0,"player_choice":"Card Removal","damage_taken":7,"max_hp_gain":0,"max_hp_loss":0,"event_name":"Golden Wing","floor":4,"gold_loss":0},{"damage_healed":0,"gold_gain":0,"player_choice":"Success","damage_taken":12,"relics_obtained":["Vajra"],"max_hp_gain":0,"max_hp_loss":0,"event_name":"Scrap Ooze","floor":13,"gold_loss":0},{"damage_healed":0,"gold_gain":0,"player_choice":"Simplicity","damage_taken":0,"max_hp_gain":0,"max_hp_loss":0,"event_name":"Back to Basics","floor":19,"gold_loss":0,"cards_upgraded":["Defend_G","Defend_G","Defend_G","Strike_G","Strike_G","Strike_G","Strike_G"]},{"damage_healed":0,"gold_gain":0,"player_choice":"Bought 0 Potions","damage_taken":0,"max_hp_gain":0,"max_hp_loss":0,"event_name":"The Woman in Blue","floor":20,"gold_loss":0},{"damage_healed":0,"gold_gain":0,"player_choice":"Ignored","damage_taken":0,"max_hp_gain":0,"max_hp_loss":0,"event_name":"Tomb of Lord Red Mask","floor":36,"gold_loss":0},{"damage_healed":0,"gold_gain":999,"player_choice":"Gold","damage_taken":0,"max_hp_gain":0,"max_hp_loss":0,"event_name":"MindBloom","floor":37,"gold_loss":0,"cards_obtained":["Normality","Normality"]},{"damage_healed":0,"gold_gain":75,"player_choice":"Touch","damage_taken":7,"max_hp_gain":0,"max_hp_loss":0,"event_name":"FaceTrader","floor":38,"gold_loss":0},{"damage_healed":0,"gold_gain":0,"player_choice":"Got Potions","damage_taken":0,"max_hp_gain":0,"max_hp_loss":0,"event_name":"Lab","floor":41,"gold_loss":0}],"is_beta":false,"boss_relics":[{"not_picked":["Philosopher\u0027s Stone","Runic Dome"],"picked":"Runic Pyramid"},{"not_picked":["Calling Bell","Ring of the Serpent"],"picked":"Eternal Feather"}],"items_purged_floors":[22,42,45],"is_endless":false,"potions_floor_spawned":[2,3,8,16,18,21,33,39,44],"ascension_level":0}