{"gold_per_floor":[113,124,139,139,149,149,179,199,224,257,257,102,102,136,136,234,264,284,284,302,318,318],"floor_reached":22,"playtime":1147,"items_purged":[],"score":206,"play_id":"d054c3fb-8f65-4a28-a2bf-b3aaf6526bea","local_time":"20190205175956","is_ascension_mode":false,"campfire_choices":[{"floor":6,"key":"RECALL"},{"floor":13,"key":"REST"},{"floor":15,"key":"REST"}],"neow_cost":"TEN_PERCENT_HP_LOSS","seed_source_timestamp":654264832039200,"circlet_count":0,"master_deck":["Strike_R","Strike_R","Strike_R","Strike_R","Strike_R","Defend_R","Defend_R","Defend_R","Defend_R","Bash","Twin Strike","Cleave","Flex","Demon Form","Limit Break","Parasite","Limit Break","Spot Weakness"],"relics":["Burning Blood","Meat on the Bone","Omamori","Mummified Hand","Art of War","Strawberry","Calling Bell","Tiny Chest","Blue Candle","Turnip"],"potions_floor_usage":[10,22],"damage_taken":[{"damage":5,"enemies":"2 Louse","floor":1,"turns":3},{"damage":4,"enemies":"Cultist","floor":2,"turns":4},{"damage":1,"enemies":"Jaw Worm","floor":3,"turns":3},{"damage":11,"enemies":"Blue Slaver","floor":5,"turns":6},{"damage":54,"enemies":"Lagavulin","floor":7,"turns":8},{"damage":0,"enemies":"Exordium Wildlife","floor":8,"turns":3},{"damage":19,"enemies":"3 Sentries","floor":10,"turns":7},{"damage":40,"enemies":"Lagavulin","floor":14,"turns":6},{"damage":46,"enemies":"Hexaghost","floor":16,"turns":8},{"damage":45,"enemies":"3 Byrds","floor":18,"turns":7},{"damage":26,"enemies":"Spheric Guardian","floor":20,"turns":4},{"damage":36,"enemies":"Centurion and Healer","floor":21,"turns":8},{"damage":46,"enemies":"Shelled Parasite and Fungi","floor":22,"turns":4}],"seed_played":"2364991642777627407","potions_obtained":[{"floor":2,"key":"Strength Potion"},{"floor":7,"key":"SkillPotion"},{"floor":8,"key":"Swift Potion"},{"floor":10,"key":"Dexterity Potion"}],"is_trial":false,"path_per_floor":["M","M","M","?","M","R","E","M","T","E","T","$","R","E","R","B",null,"M","?","M","M","M"],"character_chosen":"IRONCLAD","items_purchased":["Art of War"],"campfire_rested":2,"item_purchase_floors":[12],"current_hp_per_floor":[72,72,72,82,77,77,29,47,47,46,46,46,70,55,81,53,89,62,62,54,36,0],"gold":318,"neow_bonus":"THREE_RARE_CARDS","is_prod":false,"is_daily":false,"chose_seed":false,"campfire_upgraded":0,"win_rate":0,"timestamp":1549385996,"path_taken":["M","M","M","?","?","R","E","M","T","E","?","?","R","E","R","BOSS","M","?","M","M","M"],"build_version":"2019-01-23","purchased_purges":0,"victory":false,"max_hp_per_floor":[72,72,72,82,82,82,82,82,82,82,82,82,82,89,89,89,89,89,89,89,89,89],"card_choices":[{"not_picked":["Double Tap","Bludgeon"],"picked":"Reaper","floor":0},{"not_picked":["Anger","Power Through"],"picked":"Twin Strike","floor":1},{"not_picked":["Disarm","Pommel Strike","Power Through"],"picked":"SKIP","floor":2},{"not_picked":["True Grit","Dropkick","Rampage"],"picked":"SKIP","floor":3},{"not_picked":["True Grit","Shrug It Off"],"picked":"Cleave","floor":5},{"not_picked":["Dark Embrace","Rupture"],"picked":"Flex","floor":7},{"not_picked":["Flex","Dropkick","Burning Pact"],"picked":"SKIP","floor":8},{"not_picked":["Heavy Blade","Blood for Blood"],"picked":"Demon Form","floor":10},{"not_picked":["Clothesline","Havoc","Flame Barrier"],"picked":"SKIP","floor":14},{"not_picked":["Impervious","Double Tap"],"picked":"Limit Break","floor":16},{"not_picked":["Perfected Strike+1","Iron Wave","Flex"],"picked":"SKIP","floor":18},{"not_picked":["Clash","Whirlwind"],"picked":"Limit Break","floor":20},{"not_picked":["Feel No Pain","Flex+1"],"picked":"Spot Weakness","floor":21}],"player_experience":182482,"relics_obtained":[{"floor":7,"key":"Meat on the Bone"},{"floor":10,"key":"Omamori"},{"floor":11,"key":"Mummified Hand"},{"floor":14,"key":"Strawberry"},{"floor":17,"key":"Tiny Chest"},{"floor":17,"key":"Blue Candle"},{"floor":17,"key":"Turnip"}],"event_choices":[{"cards_removed":["Reaper"],"damage_healed":0,"gold_gain":0,"player_choice":"Offered Rare","damage_taken":0,"max_hp_gain":10,"max_hp_loss":0,"event_name":"Bonfire Elementals","floor":4,"gold_loss":0},{"damage_healed":0,"gold_gain":0,"player_choice":"Ignored","damage_taken":0,"max_hp_gain":0,"max_hp_loss":0,"event_name":"Vampires","floor":19,"gold_loss":0}],"is_beta":true,"boss_relics":[{"not_picked":["Tiny House","Lizard Tail"],"picked":"Calling Bell"}],"items_purged_floors":[],"is_endless":false,"potions_floor_spawned":[2,7,8,10,18],"killed_by":"Shelled Parasite and Fungi","ascension_level":0}