{"gold_per_floor":[115,190,14,31,31,72,72,105,105,118,139,139],"floor_reached":12,"playtime":258,"items_purged":[],"score":226,"play_id":"fead7a10-ed80-4513-bc65-70f5f120e512","local_time":"20181212133259","is_ascension_mode":true,"campfire_choices":[{"data":"Noxious Fumes","floor":7,"key":"SMITH"}],"neow_cost":"NONE","seed_source_timestamp":1561823511049135,"circlet_count":0,"master_deck":["AscendersBane","Defend_G","Defend_G","Defend_G","Defend_G","Defend_G","Strike_G","Strike_G","Strike_G","Strike_G","Strike_G","Survivor","Neutralize","Dagger Throw","Noxious Fumes+1","Crippling Poison","Deadly Poison","Footwork","All Out Attack"],"relics":["Ring of the Snake","NeowsBlessing","Golden Idol","Bronze Scales","Anchor","Gremlin Horn"],"potions_floor_usage":[12,12],"damage_taken":[{"damage":0,"enemies":"Small Slimes","floor":1,"turns":2},{"damage":0,"enemies":"Jaw Worm","floor":4,"turns":1},{"damage":0,"enemies":"Gremlin Nob","floor":6,"turns":1},{"damage":27,"enemies":"Lagavulin","floor":8,"turns":7},{"damage":0,"enemies":"2 Louse","floor":10,"turns":2},{"damage":6,"enemies":"Looter","floor":11,"turns":4},{"damage":24,"enemies":"Gremlin Nob","floor":12,"turns":3}],"seed_played":"-7113823318018061969","potions_obtained":[{"floor":4,"key":"Explosive Potion"}],"is_trial":false,"path_per_floor":["M","?","$","M","?","E","R","E","T","M","M","E"],"character_chosen":"THE_SILENT","items_purchased":["Noxious Fumes","Crippling Poison","AttackPotion"],"campfire_rested":0,"item_purchase_floors":[3,3,3],"current_hp_per_floor":[59,48,48,48,48,48,48,21,21,21,15,0],"gold":139,"neow_bonus":"THREE_ENEMY_KILL","is_prod":false,"is_daily":false,"chose_seed":false,"campfire_upgraded":1,"win_rate":0,"timestamp":1544639579,"path_taken":["M","?","$","M","?","E","R","E","T","M","M","E"],"build_version":"2018-12-06","purchased_purges":0,"victory":false,"max_hp_per_floor":[66,66,66,66,60,60,60,60,60,60,60,60],"card_choices":[{"not_picked":["Leg Sweep","PiercingWail"],"picked":"Dagger Throw","floor":1},{"not_picked":["Dagger Throw","Accuracy","Blur"],"picked":"SKIP","floor":4},{"not_picked":["Cloak And Dagger","All Out Attack"],"picked":"Deadly Poison","floor":6},{"not_picked":["Noxious Fumes","Acrobatics"],"picked":"Footwork","floor":8},{"not_picked":["Accuracy","Concentrate","Underhanded Strike"],"picked":"SKIP","floor":10},{"not_picked":["Flying Knee","Slice"],"picked":"All Out Attack","floor":11}],"player_experience":682957,"relics_obtained":[{"floor":6,"key":"Bronze Scales"},{"floor":8,"key":"Anchor"},{"floor":9,"key":"Gremlin Horn"}],"event_choices":[{"damage_healed":0,"gold_gain":75,"player_choice":"Gather Gold","damage_taken":11,"max_hp_gain":0,"max_hp_loss":0,"event_name":"World of Goop","floor":2,"gold_loss":0},{"damage_healed":0,"gold_gain":0,"player_choice":"Lose Max HP","damage_taken":0,"relics_obtained":["Golden Idol"],"max_hp_gain":0,"max_hp_loss":6,"event_name":"Golden Idol","floor":5,"gold_loss":0}],"is_beta":false,"boss_relics":[],"items_purged_floors":[],"is_endless":false,"potions_floor_spawned":[4,8],"killed_by":"Gremlin Nob","ascension_level":20}