{"gold_per_floor":[115,132,132,153,153,153,189,189,215,235,314,163,194,219,219,343,343,368,493,508,508,508,508,533,533,611,631,631,642,671,681,681,777,777,796,810,810,810,582,608,608,645,719,761,761,523,549,549,549,549,549,549,310,362,362],"floor_reached":55,"playtime":2742,"items_purged":["Strike_R","Perfected Strike"],"score":773,"play_id":"fba17c85-cc0f-4149-9e8c-3bbe87a7a7b9","local_time":"20190211044027","is_ascension_mode":false,"campfire_choices":[{"floor":6,"key":"REST"},{"floor":15,"key":"RECALL"},{"data":"Uppercut","floor":23,"key":"SMITH"},{"data":"Uppercut","floor":25,"key":"SMITH"},{"data":"Metallicize","floor":28,"key":"SMITH"},{"data":"Flame Barrier","floor":32,"key":"SMITH"},{"data":"Double Tap","floor":41,"key":"SMITH"},{"data":"Madness","floor":45,"key":"SMITH"},{"data":"Madness","floor":49,"key":"SMITH"},{"data":"Defend_R","floor":52,"key":"SMITH"}],"neow_cost":"NONE","seed_source_timestamp":230956715435700,"circlet_count":0,"master_deck":["Defend_R+1","Defend_R","Defend_R+1","Defend_R+1","Bash+1","Uppercut+1","Uppercut+1","Flame Barrier+1","Metallicize+1","Bludgeon+1","Immolate+1","Bite+1","Bite+1","Bite+1","Bite+1","Bite+1","Bludgeon+1","Double Tap+1","Madness+1","Madness+1","HandOfGreed+1","Immolate+1"],"relics":["Burning Blood","Whetstone","Bloody Idol","War Paint","Omamori","PreservedInsect","Anchor","Molten Egg 2","Velvet Choker","Ice Cream","The Courier","Champion Belt","Gremlin Horn","Charon\u0027s Ashes","Cursed Key","Shuriken","HandDrill","Pantograph","Centennial Puzzle","StoneCalendar"],"potions_floor_usage":[16,16,20,20,30,50,50,55,55],"damage_taken":[{"damage":4,"enemies":"2 Louse","floor":1,"turns":3},{"damage":0,"enemies":"Small Slimes","floor":2,"turns":3},{"damage":1,"enemies":"Jaw Worm","floor":4,"turns":3},{"damage":31,"enemies":"Lagavulin","floor":7,"turns":5},{"damage":0,"enemies":"2 Fungi Beasts","floor":10,"turns":4},{"damage":0,"enemies":"Gremlin Nob","floor":11,"turns":3},{"damage":1,"enemies":"3 Sentries","floor":13,"turns":8},{"damage":1,"enemies":"Large Slime","floor":14,"turns":11},{"damage":45,"enemies":"Slime Boss","floor":16,"turns":22},{"damage":14,"enemies":"3 Byrds","floor":18,"turns":5},{"damage":2,"enemies":"Colosseum Slavers","floor":19,"turns":5},{"damage":25,"enemies":"Colosseum Nobs","floor":19,"turns":5},{"damage":0,"enemies":"2 Thieves","floor":20,"turns":2},{"damage":14,"enemies":"Slavers","floor":24,"turns":3},{"damage":0,"enemies":"Snecko","floor":27,"turns":3},{"damage":0,"enemies":"3 Cultists","floor":29,"turns":4},{"damage":6,"enemies":"Gremlin Leader","floor":30,"turns":3},{"damage":0,"enemies":"Chosen and Byrds","floor":31,"turns":4},{"damage":43,"enemies":"Collector","floor":33,"turns":9},{"damage":0,"enemies":"3 Darklings","floor":35,"turns":3},{"damage":0,"enemies":"3 Shapes","floor":36,"turns":4},{"damage":2,"enemies":"Nemesis","floor":40,"turns":3},{"damage":10,"enemies":"Writhing Mass","floor":42,"turns":3},{"damage":0,"enemies":"Sphere and 2 Shapes","floor":44,"turns":2},{"damage":23,"enemies":"Reptomancer","floor":47,"turns":3},{"damage":52,"enemies":"Donu and Deca","floor":50,"turns":7},{"damage":25,"enemies":"Shield and Spear","floor":54,"turns":3},{"damage":54,"enemies":"The Heart","floor":55,"turns":3}],"seed_played":"-4966428217011924148","potions_obtained":[{"floor":1,"key":"Block Potion"},{"floor":4,"key":"Energy Potion"},{"floor":13,"key":"Poison Potion"},{"floor":14,"key":"FearPotion"},{"floor":16,"key":"GamblersBrew"},{"floor":19,"key":"Fire Potion"},{"floor":29,"key":"PowerPotion"},{"floor":30,"key":"Dexterity Potion"},{"floor":31,"key":"Fire Potion"},{"floor":36,"key":"Swift Potion"},{"floor":40,"key":"AttackPotion"},{"floor":54,"key":"EssenceOfSteel"}],"is_trial":false,"path_per_floor":["M","M","?","M","?","R","E","?","T","M","?","$","E","M","R","B",null,"M","?","M","?","?","R","E","R","T","M","R","M","E","M","R","B",null,"M","M","?","?","$","E","R","M","T","M","R","$","E","$","R","B",null,"R","$","E","B"],"character_chosen":"IRONCLAD","items_purchased":["Metallicize","HandOfGreed+1","HandDrill","SneckoOil","Centennial Puzzle","Immolate+1"],"campfire_rested":1,"item_purchase_floors":[12,39,46,46,53,53],"current_hp_per_floor":[80,80,74,74,49,71,46,39,39,45,51,51,56,61,61,22,74,66,51,57,57,51,51,51,51,51,51,51,51,51,51,51,22,51,51,51,51,45,45,51,51,51,51,51,51,51,39,39,39,23,51,51,51,42,0],"gold":362,"neow_bonus":"RANDOM_COMMON_RELIC","is_prod":false,"is_daily":false,"chose_seed":false,"campfire_upgraded":8,"win_rate":0,"timestamp":1549856427,"path_taken":["M","M","?","M","?","R","E","?","T","M","?","?","E","?","R","BOSS","M","?","M","?","?","R","E","R","T","M","R","M","E","?","R","BOSS","M","M","?","?","$","E","R","M","T","?","R","$","E","?","R","BOSS","R","$","E","BOSS"],"build_version":"2019-02-06","purchased_purges":2,"victory":false,"max_hp_per_floor":[80,80,74,74,74,74,74,74,74,74,74,74,74,74,74,74,74,74,74,74,74,51,51,51,51,51,51,51,51,51,51,51,51,51,51,51,51,51,51,51,51,51,51,51,51,51,51,51,51,51,51,51,51,51,51],"card_choices":[{"not_picked":["Power Through","Pummel"],"picked":"Uppercut","floor":1},{"not_picked":["Wild Strike","Iron Wave","Flex"],"picked":"SKIP","floor":2},{"not_picked":["Sentinel","Rupture"],"picked":"Perfected Strike","floor":4},{"not_picked":["Fire Breathing","Havoc","Dual Wield"],"picked":"SKIP","floor":7},{"not_picked":["Warcry","Pummel"],"picked":"Uppercut","floor":10},{"not_picked":["Corruption","Seeing Red"],"picked":"Flame Barrier","floor":11},{"not_picked":["Body Slam","Rage","Pummel"],"picked":"SKIP","floor":13},{"not_picked":["Flex","Sentinel","Havoc"],"picked":"SKIP","floor":14},{"not_picked":["Demon Form","Feed+1"],"picked":"Bludgeon+1","floor":16},{"not_picked":["Armaments","Seeing Red","Iron Wave+1"],"picked":"SKIP","floor":18},{"not_picked":["Sword Boomerang+1","Pommel Strike+1"],"picked":"Immolate+1","floor":20},{"not_picked":["Clothesline+1","Burning Pact+1","Anger+1"],"picked":"SKIP","floor":24},{"not_picked":["Intimidate","Disarm","Blood for Blood+1"],"picked":"SKIP","floor":27},{"not_picked":["Sword Boomerang+1","Perfected Strike+1","Burning Pact"],"picked":"SKIP","floor":29},{"not_picked":["Reckless Charge+1","Havoc"],"picked":"Bludgeon+1","floor":30},{"not_picked":["Wild Strike+1","Anger+1","Flex"],"picked":"SKIP","floor":31},{"not_picked":["Offering","Barricade"],"picked":"Double Tap","floor":33},{"not_picked":["Iron Wave+1","Twin Strike+1","Pummel+1"],"picked":"SKIP","floor":35},{"not_picked":["Spot Weakness","Headbutt+1","True Grit+1"],"picked":"SKIP","floor":36},{"not_picked":["Heavy Blade+1","Thunderclap+1","Rampage+1"],"picked":"SKIP","floor":40},{"not_picked":["Twin Strike+1","Dropkick+1","Havoc+1"],"picked":"SKIP","floor":42},{"not_picked":["Whirlwind+1","Havoc","Cleave+1"],"picked":"SKIP","floor":44},{"not_picked":["Reckless Charge+1","Dropkick+1","Rupture"],"picked":"SKIP","floor":47},{"not_picked":["Disarm+1","Pummel+1","Infernal Blade"],"picked":"SKIP","floor":54}],"player_experience":194757,"relics_obtained":[{"floor":7,"key":"Omamori"},{"floor":9,"key":"PreservedInsect"},{"floor":11,"key":"Anchor"},{"floor":13,"key":"Molten Egg 2"},{"floor":19,"key":"Ice Cream"},{"floor":19,"key":"The Courier"},{"floor":24,"key":"Champion Belt"},{"floor":26,"key":"Gremlin Horn"},{"floor":30,"key":"Charon\u0027s Ashes"},{"floor":40,"key":"Shuriken"},{"floor":47,"key":"Pantograph"},{"floor":54,"key":"StoneCalendar"}],"event_choices":[{"damage_healed":0,"gold_gain":0,"player_choice":"Lose Max HP","damage_taken":0,"relics_obtained":["Golden Idol"],"max_hp_gain":0,"max_hp_loss":6,"event_name":"Golden Idol","floor":3,"gold_loss":0},{"damage_healed":0,"gold_gain":0,"player_choice":"Success","damage_taken":25,"relics_obtained":["War Paint"],"max_hp_gain":0,"max_hp_loss":0,"event_name":"Scrap Ooze","floor":5,"gold_loss":0},{"cards_removed":["Strike_R"],"damage_healed":0,"gold_gain":0,"player_choice":"Card Removal","damage_taken":7,"max_hp_gain":0,"max_hp_loss":0,"event_name":"Golden Wing","floor":8,"gold_loss":0},{"damage_healed":0,"gold_gain":0,"player_choice":"Searched \u00271\u0027 times","damage_taken":0,"max_hp_gain":0,"max_hp_loss":0,"event_name":"Dead Adventurer","floor":11,"gold_loss":0},{"damage_healed":0,"gold_gain":0,"player_choice":"Fight","damage_taken":0,"max_hp_gain":0,"max_hp_loss":0,"event_name":"Colosseum","floor":19,"gold_loss":0},{"damage_healed":0,"gold_gain":0,"player_choice":"Fought Nobs","damage_taken":0,"max_hp_gain":0,"max_hp_loss":0,"event_name":"Colosseum","floor":19,"gold_loss":0},{"damage_healed":0,"gold_gain":0,"player_choice":"Gave Idol","damage_taken":0,"relics_obtained":["Bloody Idol"],"max_hp_gain":0,"max_hp_loss":0,"event_name":"Forgotten Altar","floor":21,"relics_lost":["Golden Idol"],"gold_loss":0},{"damage_healed":0,"gold_gain":0,"player_choice":"Became a vampire","damage_taken":0,"max_hp_gain":0,"max_hp_loss":23,"event_name":"Vampires","floor":22,"gold_loss":0,"cards_obtained":["Bite","Bite","Bite","Bite","Bite"]},{"damage_healed":0,"gold_gain":0,"player_choice":"Ignored","damage_taken":0,"max_hp_gain":0,"max_hp_loss":0,"event_name":"Tomb of Lord Red Mask","floor":37,"gold_loss":0},{"damage_healed":0,"gold_gain":0,"player_choice":"Embrace Madness","damage_taken":6,"max_hp_gain":0,"max_hp_loss":0,"event_name":"Winding Halls","floor":38,"gold_loss":0,"cards_obtained":["Madness","Madness"]}],"is_beta":true,"boss_relics":[{"not_picked":["Astrolabe","Sozu"],"picked":"Velvet Choker"},{"not_picked":["Philosopher\u0027s Stone","Empty Cage"],"picked":"Cursed Key"}],"items_purged_floors":[12,39],"is_endless":false,"potions_floor_spawned":[1,4,13,14,16,19,29,30,31,36,40,44,47,54],"killed_by":"The Heart","ascension_level":0}