{"gold_per_floor":[113,113,125,125,143,143,157,157,157,171,199,199,213,233,233,305,305,323,148,148,164,181,181,196,222,248,248],"floor_reached":27,"playtime":1180,"items_purged":["Strike_G"],"score":560,"play_id":"286f790d-6f8f-4ed8-85b7-dafef626da76","local_time":"20181103003130","is_ascension_mode":true,"campfire_choices":[{"data":"Dagger Spray","floor":6,"key":"SMITH"},{"data":"Neutralize","floor":8,"key":"SMITH"},{"data":"Deadly Poison","floor":12,"key":"SMITH"},{"data":"Footwork","floor":15,"key":"SMITH"},{"data":"Noxious Fumes","floor":23,"key":"SMITH"}],"neow_cost":"NONE","seed_source_timestamp":566343242721887,"circlet_count":0,"master_deck":["AscendersBane","Defend_G","Defend_G","Defend_G","Defend_G","Defend_G","Strike_G","Strike_G","Survivor","Neutralize+1","Dagger Spray+1","Infinite Blades","Deadly Poison+1","Backflip","Backstab","Dodge and Roll","Footwork+1","Glass Knife","Footwork","Noxious Fumes+1","PiercingWail","Calculated Gamble+1","Blade Dance","Well Laid Plans","Venomology"],"relics":["Ring of the Snake","Anchor","Gremlin Horn","Vajra","Bottled Flame","WristBlade","Frozen Egg 2","Dream Catcher"],"potions_floor_usage":[25,25,27],"damage_taken":[{"damage":3,"enemies":"Cultist","floor":1,"turns":4},{"damage":1,"enemies":"Small Slimes","floor":3,"turns":4},{"damage":2,"enemies":"Jaw Worm","floor":5,"turns":4},{"damage":0,"enemies":"Blue Slaver","floor":7,"turns":5},{"damage":0,"enemies":"Exordium Wildlife","floor":10,"turns":3},{"damage":25,"enemies":"Lagavulin","floor":11,"turns":8},{"damage":0,"enemies":"Looter","floor":13,"turns":2},{"damage":0,"enemies":"Exordium Thugs","floor":14,"turns":3},{"damage":0,"enemies":"The Guardian","floor":16,"turns":11},{"damage":5,"enemies":"2 Thieves","floor":18,"turns":4},{"damage":1,"enemies":"Shell Parasite","floor":21,"turns":6},{"damage":1,"enemies":"Centurion and Healer","floor":22,"turns":8},{"damage":0,"enemies":"Snake Plant","floor":24,"turns":4},{"damage":46,"enemies":"Slavers","floor":25,"turns":6},{"damage":9,"enemies":"Snecko","floor":27,"turns":2}],"seed_played":"5787136253821209836","potions_obtained":[{"floor":5,"key":"Swift Potion"},{"floor":11,"key":"FairyPotion"},{"floor":24,"key":"Weak Potion"}],"is_trial":false,"path_per_floor":["M","?","M","?","M","R","M","R","T","M","E","R","M","M","R","B",null,"M","$","?","M","M","R","M","E","T","M"],"character_chosen":"THE_SILENT","items_purchased":["Noxious Fumes","PiercingWail"],"campfire_rested":0,"item_purchase_floors":[19,19],"current_hp_per_floor":[56,49,48,48,46,46,46,46,46,46,21,21,21,21,21,21,55,50,50,50,49,48,48,48,2,2,0],"gold":248,"neow_bonus":"RANDOM_COMMON_RELIC","is_prod":false,"is_daily":false,"chose_seed":false,"campfire_upgraded":5,"win_rate":0,"timestamp":1541219490,"path_taken":["M","?","M","?","M","R","?","R","T","M","E","R","?","M","R","BOSS","M","?","?","?","M","R","M","E","T","?"],"build_version":"2018-11-01","purchased_purges":1,"victory":false,"max_hp_per_floor":[66,66,66,66,66,66,66,66,66,66,66,66,66,66,66,66,66,66,66,66,66,66,66,66,66,66,66],"card_choices":[{"not_picked":["Underhanded Strike","Catalyst"],"picked":"Dagger Spray","floor":1},{"not_picked":["Blade Dance","PiercingWail"],"picked":"Infinite Blades","floor":3},{"not_picked":["Prepared","Outmaneuver","Concentrate"],"picked":"SKIP","floor":5},{"not_picked":["Bane","Prepared"],"picked":"Deadly Poison","floor":7},{"not_picked":["Catalyst","Predator"],"picked":"Backflip","floor":10},{"not_picked":["Finisher","Choke"],"picked":"Backstab","floor":11},{"not_picked":["Outmaneuver","Masterful Stab"],"picked":"Dodge and Roll","floor":13},{"not_picked":["Deadly Poison","Deflect"],"picked":"Footwork","floor":14},{"not_picked":["Die Die Die","Tools of the Trade"],"picked":"Glass Knife","floor":16},{"not_picked":["Dagger Throw","Poisoned Stab"],"picked":"Footwork","floor":18},{"not_picked":["Bane","Blur+1"],"picked":"Calculated Gamble+1","floor":21},{"not_picked":["Deadly Poison","Predator"],"picked":"Blade Dance","floor":22},{"not_picked":["Choke","Phantasmal Killer"],"picked":"Well Laid Plans","floor":24},{"not_picked":["Finisher","Flying Knee"],"picked":"Venomology","floor":25}],"player_experience":610826,"relics_obtained":[{"floor":4,"key":"Gremlin Horn"},{"floor":9,"key":"Vajra"},{"floor":11,"key":"Bottled Flame"},{"floor":25,"key":"Frozen Egg 2"},{"floor":26,"key":"Dream Catcher"}],"event_choices":[{"cards_removed":["Strike_G"],"damage_healed":0,"gold_gain":0,"player_choice":"Card Removal","damage_taken":7,"max_hp_gain":0,"max_hp_loss":0,"event_name":"Golden Wing","floor":2,"gold_loss":0},{"damage_healed":0,"gold_gain":0,"player_choice":"Relic","damage_taken":0,"max_hp_gain":0,"max_hp_loss":0,"event_name":"Wheel of Change","floor":4,"gold_loss":0},{"cards_removed":["Strike_G"],"damage_healed":0,"gold_gain":0,"player_choice":"Offered Basic","damage_taken":0,"max_hp_gain":0,"max_hp_loss":0,"event_name":"Bonfire Elementals","floor":20,"gold_loss":0}],"is_beta":false,"boss_relics":[{"not_picked":["Snecko Eye","HoveringKite"],"picked":"WristBlade"}],"items_purged_floors":[19],"is_endless":false,"potions_floor_spawned":[5,11,14,16,21,24],"killed_by":"Snecko","ascension_level":19}