{"gold_per_floor":[115,130,145,145,159,159,159,194,273,288,318,318,343,360,360,435,435,435,21,21,21,21,21],"floor_reached":23,"playtime":1124,"items_purged":["Strike_R"],"score":401,"play_id":"406dc137-4a52-46fc-9521-727d31fed558","local_time":"20180930123822","is_ascension_mode":true,"campfire_choices":[{"data":"Demon Form","floor":6,"key":"SMITH"},{"data":"Fiend Fire","floor":12,"key":"SMITH"},{"data":"Limit Break","floor":15,"key":"SMITH"}],"neow_cost":"NONE","seed_source_timestamp":584399858843391,"circlet_count":0,"master_deck":["Strike_R","Strike_R+1","Strike_R","Strike_R","Defend_R","Defend_R","Defend_R","Defend_R","Bash+1","AscendersBane","Rampage","Iron Wave+1","Shrug It Off+1","Demon Form+1","Limit Break+1","True Grit","Fiend Fire+1","Sword Boomerang","Shockwave","Immolate","Sword Boomerang","Ghostly Armor","Havoc"],"relics":["Burning Blood","Torii","Whetstone","Meat on the Bone","Blood Vial","Oddly Smooth Stone","Ectoplasm","PreservedInsect","Omamori","Girya","Bottled Flame"],"potions_floor_usage":[5,11,20,20],"damage_taken":[{"damage":2,"enemies":"2 Louse","floor":1,"turns":3},{"damage":6,"enemies":"Cultist","floor":2,"turns":3},{"damage":14,"enemies":"Small Slimes","floor":3,"turns":3},{"damage":7,"enemies":"Exordium Thugs","floor":5,"turns":3},{"damage":25,"enemies":"3 Sentries","floor":8,"turns":13},{"damage":2,"enemies":"3 Louse","floor":10,"turns":5},{"damage":31,"enemies":"Gremlin Nob","floor":11,"turns":4},{"damage":16,"enemies":"Lagavulin","floor":13,"turns":6},{"damage":0,"enemies":"Large Slime","floor":14,"turns":3},{"damage":12,"enemies":"Slime Boss","floor":16,"turns":8},{"damage":14,"enemies":"Spheric Guardian","floor":18,"turns":5},{"damage":39,"enemies":"Colosseum Slavers","floor":20,"turns":4},{"damage":24,"enemies":"Colosseum Nobs","floor":20,"turns":4},{"damage":15,"enemies":"Shell Parasite","floor":22,"turns":5},{"damage":42,"enemies":"Book of Stabbing","floor":23,"turns":3}],"seed_played":"745131567218555270","potions_obtained":[{"floor":2,"key":"Ancient Potion"},{"floor":3,"key":"Fire Potion"},{"floor":8,"key":"SteroidPotion"},{"floor":11,"key":"FearPotion"},{"floor":14,"key":"PowerPotion"}],"is_trial":false,"path_per_floor":["M","M","M","?","M","R","?","E","T","M","E","R","E","M","R","B",null,"M","$","?","?","M"],"character_chosen":"IRONCLAD","items_purchased":["PreservedInsect","Omamori"],"campfire_rested":0,"item_purchase_floors":[19,19],"current_hp_per_floor":[72,72,64,38,37,37,37,18,18,34,21,21,25,45,45,53,70,64,64,41,30,35,0],"gold":21,"neow_bonus":"UPGRADE_CARD","is_prod":false,"is_daily":false,"chose_seed":false,"campfire_upgraded":3,"win_rate":0,"timestamp":1538325502,"path_taken":["M","M","M","?","?","R","?","E","T","M","E","R","E","M","R","BOSS","M","$","?","?","M","E"],"build_version":"2018-09-27","purchased_purges":1,"victory":false,"max_hp_per_floor":[75,75,75,75,75,75,75,75,75,75,75,75,75,75,75,75,75,75,75,75,75,75,75],"card_choices":[{"not_picked":["Anger","Armaments"],"picked":"Rampage","floor":1},{"not_picked":["Sever Soul","Body Slam"],"picked":"Iron Wave","floor":2},{"not_picked":["Pommel Strike","Sentinel"],"picked":"Shrug It Off","floor":3},{"not_picked":["Thunderclap","Armaments"],"picked":"Demon Form","floor":5},{"not_picked":["Pommel Strike","Warcry"],"picked":"Limit Break","floor":8},{"not_picked":["Perfected Strike","Clash"],"picked":"True Grit","floor":10},{"not_picked":["Body Slam","Perfected Strike"],"picked":"Fiend Fire","floor":11},{"not_picked":["Searing Blow","Wild Strike"],"picked":"Sword Boomerang","floor":13},{"not_picked":["True Grit","Ghostly Armor"],"picked":"Shockwave","floor":14},{"not_picked":["Barricade","Demon Form"],"picked":"Immolate","floor":16},{"not_picked":["Warcry","Anger"],"picked":"Sword Boomerang","floor":18},{"not_picked":["Dual Wield","Shrug It Off"],"picked":"Ghostly Armor","floor":20},{"not_picked":["Sword Boomerang","Perfected Strike"],"picked":"Havoc","floor":22}],"player_experience":525130,"relics_obtained":[{"floor":8,"key":"Whetstone"},{"floor":9,"key":"Meat on the Bone"},{"floor":11,"key":"Blood Vial"},{"floor":13,"key":"Oddly Smooth Stone"},{"floor":20,"key":"Girya"},{"floor":20,"key":"Bottled Flame"}],"event_choices":[{"event_name":"Scrap Ooze","player_choice":"success","floor":4,"damage_taken":26},{"event_name":"Living Wall","player_choice":"Grow","floor":7,"damage_taken":0},{"event_name":"Colosseum","player_choice":"Fight","floor":20,"damage_taken":0},{"event_name":"Colosseum","player_choice":"Fought Nobs","floor":20,"damage_taken":0},{"event_name":"Wheel of Change","player_choice":"Damage","floor":21,"damage_taken":0}],"is_beta":false,"boss_relics":[{"not_picked":["Orrery","Lizard Tail"],"picked":"Ectoplasm"}],"items_purged_floors":[19],"is_endless":false,"potions_floor_spawned":[2,3,8,11,14,18,20],"killed_by":"Book of Stabbing","ascension_level":18}