{"gold_per_floor":[362,377,392,467,162,162,196,220,268,268,282,312,312,343,343,414,414,428,428,448,448,462,462,31,31],"floor_reached":25,"playtime":1020,"items_purged":["Pain","Strike_B"],"score":438,"play_id":"9eaba5fb-0656-4727-a075-5b2de86324f4","local_time":"20190122210329","is_ascension_mode":true,"campfire_choices":[{"floor":6,"key":"REST"},{"floor":10,"key":"REST"},{"data":"Beam Cell","floor":13,"key":"SMITH"},{"floor":15,"key":"REST"},{"floor":23,"key":"REST"}],"neow_cost":"CURSE","seed_source_timestamp":487077427351687,"circlet_count":0,"master_deck":["AscendersBane","Strike_B","Strike_B+1","Defend_B","Defend_B","Defend_B","Defend_B","Zap","Dualcast","Rip and Tear","BootSequence","Conserve Battery","Hyperbeam","Compile Driver","Beam Cell+1","FTL","Core Surge+1","Static Discharge","Rebound"],"relics":["Cracked Core","Blood Vial","Odd Mushroom","Centennial Puzzle","Gremlin Horn","Torii","Eternal Feather","Omamori","Whetstone"],"potions_floor_usage":[12,14,14,25],"damage_taken":[{"damage":16,"enemies":"Small Slimes","floor":1,"turns":3},{"damage":7,"enemies":"2 Louse","floor":2,"turns":3},{"damage":3,"enemies":"Cultist","floor":3,"turns":3},{"damage":65,"enemies":"Gremlin Nob","floor":7,"turns":6},{"damage":0,"enemies":"The Mushroom Lair","floor":8,"turns":1},{"damage":3,"enemies":"3 Louse","floor":11,"turns":2},{"damage":10,"enemies":"3 Sentries","floor":12,"turns":3},{"damage":13,"enemies":"Lagavulin","floor":14,"turns":5},{"damage":15,"enemies":"Hexaghost","floor":16,"turns":9},{"damage":30,"enemies":"3 Byrds","floor":18,"turns":4},{"damage":1,"enemies":"Chosen","floor":20,"turns":3},{"damage":40,"enemies":"Snake Plant","floor":22,"turns":5},{"damage":41,"enemies":"Book of Stabbing","floor":25,"turns":4}],"seed_played":"-7981653696183139159","potions_obtained":[{"floor":2,"key":"FairyPotion"},{"floor":7,"key":"Poison Potion"},{"floor":12,"key":"GamblersBrew"},{"floor":14,"key":"Dexterity Potion"},{"floor":20,"key":"SteroidPotion"}],"is_trial":false,"path_per_floor":["M","M","M","?","$","R","E","?","T","R","M","E","R","E","R","B",null,"M","?","M","?","M","R","$","E"],"character_chosen":"DEFECT","items_purchased":["PowerPotion","Hyperbeam","Omamori","Whetstone"],"campfire_rested":4,"item_purchase_floors":[5,5,24,24],"current_hp_per_floor":[48,41,38,27,27,48,4,6,6,27,26,18,18,7,28,15,57,29,29,30,44,6,39,39,0],"gold":31,"neow_bonus":"TWO_FIFTY_GOLD","is_prod":false,"is_daily":false,"chose_seed":false,"campfire_upgraded":1,"win_rate":0,"timestamp":1548209009,"path_taken":["M","M","M","?","$","R","E","?","T","R","M","E","R","E","R","BOSS","M","?","?","?","M","R","$","E"],"build_version":"2019-01-17v2","purchased_purges":2,"victory":false,"max_hp_per_floor":[71,71,71,71,71,71,71,71,71,71,71,71,71,71,71,71,71,71,71,71,71,71,71,71,71],"card_choices":[{"not_picked":["Darkness","Blizzard"],"picked":"Rip and Tear","floor":1},{"not_picked":["Rebound","Streamline"],"picked":"BootSequence","floor":2},{"not_picked":["Hello World","Turbo"],"picked":"Conserve Battery","floor":3},{"not_picked":["Fusion","Defragment","Redo"],"picked":"SKIP","floor":7},{"not_picked":["Chaos","Conserve Battery"],"picked":"Compile Driver","floor":8},{"not_picked":["Auto Shields","Loop"],"picked":"Beam Cell","floor":11},{"not_picked":["Cold Snap","Hello World"],"picked":"FTL","floor":12},{"not_picked":["Rip and Tear","Melter","Ball Lightning"],"picked":"SKIP","floor":14},{"not_picked":["Buffer","Creative AI"],"picked":"Core Surge","floor":16},{"not_picked":["Rebound","Redo+1"],"picked":"Static Discharge","floor":18},{"not_picked":["Rebound","Consume","Reprogram+1"],"picked":"SKIP","floor":20},{"not_picked":["Cold Snap","Compile Driver","Hello World"],"picked":"SKIP","floor":22}],"player_experience":750929,"relics_obtained":[{"floor":7,"key":"Blood Vial"},{"floor":8,"key":"Odd Mushroom"},{"floor":9,"key":"Centennial Puzzle"},{"floor":12,"key":"Gremlin Horn"},{"floor":14,"key":"Torii"}],"event_choices":[{"damage_healed":0,"gold_gain":75,"player_choice":"Gather Gold","damage_taken":11,"max_hp_gain":0,"max_hp_loss":0,"event_name":"World of Goop","floor":4,"gold_loss":0},{"damage_healed":0,"gold_gain":0,"player_choice":"Fought Mushrooms","damage_taken":0,"max_hp_gain":0,"max_hp_loss":0,"event_name":"Mushrooms","floor":8,"gold_loss":0},{"damage_healed":0,"gold_gain":0,"cards_transformed":["Strike_B"],"player_choice":"Transformed","damage_taken":0,"max_hp_gain":0,"max_hp_loss":0,"event_name":"Transmorgrifier","floor":19,"gold_loss":0,"cards_obtained":["Rebound"]},{"damage_healed":14,"gold_gain":0,"player_choice":"Heal","damage_taken":0,"max_hp_gain":0,"max_hp_loss":0,"event_name":"The Library","floor":21,"gold_loss":0}],"is_beta":false,"boss_relics":[{"not_picked":["Coffee Dripper","Lizard Tail"],"picked":"Eternal Feather"}],"items_purged_floors":[5,24],"is_endless":false,"potions_floor_spawned":[2,7,12,14,20,22],"killed_by":"Book of Stabbing","ascension_level":20}