{"gold_per_floor":[114,133,150,167,167,167,201,212,212,212,212],"floor_reached":11,"playtime":350,"items_purged":[],"score":139,"play_id":"85f240d1-bd73-4c7f-8b2e-cf76d7970125","local_time":"20181010115713","is_ascension_mode":true,"campfire_choices":[{"data":"Streamline","floor":6,"key":"SMITH"}],"neow_cost":"NONE","seed_source_timestamp":215563566832146,"circlet_count":0,"master_deck":["Strike_B","Strike_B","Strike_B","Strike_B","Defend_B","Defend_B","Defend_B","Defend_B","Zap","Dualcast","AscendersBane","Multi-Cast","Ball Lightning","Auto Shields","Streamline+1","White Noise","Compile Driver","Melter","Compile Driver"],"relics":["Cracked Core","Du-Vu Doll","PreservedInsect","Golden Idol"],"potions_floor_usage":[],"damage_taken":[{"damage":14,"enemies":"2 Louse","floor":1,"turns":3},{"damage":1,"enemies":"Cultist","floor":2,"turns":3},{"damage":7,"enemies":"Jaw Worm","floor":3,"turns":3},{"damage":1,"enemies":"Looter","floor":4,"turns":3},{"damage":30,"enemies":"Lagavulin","floor":7,"turns":8},{"damage":2,"enemies":"Large Slime","floor":8,"turns":4},{"damage":9,"enemies":"2 Fungi Beasts","floor":11,"turns":1}],"seed_played":"-5897982513683002576","potions_obtained":[{"floor":4,"key":"Dexterity Potion"},{"floor":7,"key":"Ancient Potion"}],"is_trial":false,"path_per_floor":["M","M","M","M","?","R","E","M","T","?"],"character_chosen":"DEFECT","items_purchased":[],"campfire_rested":0,"item_purchase_floors":[],"current_hp_per_floor":[50,49,42,41,41,41,11,9,9,9,0],"gold":212,"neow_bonus":"ONE_RANDOM_RARE_CARD","is_prod":false,"is_daily":false,"chose_seed":false,"campfire_upgraded":1,"win_rate":0,"timestamp":1539187033,"path_taken":["M","M","M","M","?","R","E","?","T","?","M"],"build_version":"2018-10-04v2","purchased_purges":0,"victory":false,"max_hp_per_floor":[71,71,71,71,71,71,71,71,71,64,64],"card_choices":[{"not_picked":["Steam","Lockon"],"picked":"Ball Lightning","floor":1},{"not_picked":["Melter","Undo"],"picked":"Auto Shields","floor":2},{"not_picked":["Gash","Heatsinks","Redo"],"picked":"SKIP","floor":3},{"not_picked":["Recycle","Sweeping Beam"],"picked":"Streamline","floor":4},{"not_picked":["Rainbow","Reprogram"],"picked":"Melter","floor":7},{"not_picked":["Hello World","Loop"],"picked":"Compile Driver","floor":8}],"player_experience":542457,"relics_obtained":[{"floor":7,"key":"Du-Vu Doll"},{"floor":9,"key":"PreservedInsect"}],"event_choices":[{"event_name":"Match and Keep!","player_choice":"2 cards matched","floor":5,"damage_taken":0},{"event_name":"Golden Idol","player_choice":"Lose Max HP","floor":10,"damage_taken":0}],"is_beta":false,"boss_relics":[],"items_purged_floors":[],"is_endless":false,"potions_floor_spawned":[4,7],"killed_by":"2 Fungi Beasts","ascension_level":17}