{"gold_per_floor":[368,368,67,67,67,67,98,98,123,123,137,137,147,163,163,260,260,271,271,371,286,306,306],"floor_reached":23,"playtime":782,"items_purged":["Doubt"],"score":290,"play_id":"8434c315-2631-4ad9-bb1d-8399e6a3814f","local_time":"20180718212033","is_ascension_mode":true,"campfire_choices":[{"data":"White Noise","floor":6,"key":"SMITH"},{"data":"Storm","floor":8,"key":"SMITH"},{"floor":12,"key":"REST"},{"data":"Reprogram","floor":15,"key":"SMITH"}],"neow_cost":"CURSE","seed_source_timestamp":2085885782371302,"circlet_count":0,"master_deck":["Zap+1","Dualcast","AscendersBane","Conserve Battery","Storm+1","White Noise+1","Cold Snap","Reprogram+1","Ball Lightning","Ball Lightning","Buffer","Reinforced Body","Conserve Battery","Redo","Compile Driver","Cold Snap","Steam","Heatsinks","Beam Cell","Defragment"],"relics":["Cracked Core","Whetstone","Symbiotic Virus","Bottled Lightning","DataDisk","Shuriken","Pandora\u0027s Box","Lantern"],"potions_floor_usage":[16,18],"damage_taken":[{"damage":6,"enemies":"Small Slimes","floor":1,"turns":3},{"damage":10,"enemies":"3 Sentries","floor":7,"turns":6},{"damage":4,"enemies":"Jaw Worm","floor":11,"turns":3},{"damage":0,"enemies":"Cultist","floor":13,"turns":2},{"damage":1,"enemies":"Blue Slaver","floor":14,"turns":2},{"damage":24,"enemies":"The Guardian","floor":16,"turns":8},{"damage":7,"enemies":"Shell Parasite","floor":18,"turns":3},{"damage":6,"enemies":"Chosen","floor":22,"turns":3},{"damage":52,"enemies":"Gremlin Leader","floor":23,"turns":8}],"seed_played":"1421906031866274141","potions_obtained":[{"floor":7,"key":"GamblersBrew"},{"floor":13,"key":"GamblersBrew"},{"floor":14,"key":"Ancient Potion"}],"is_trial":false,"path_per_floor":["M","?","$","?","?","R","E","R","T","T","M","R","M","M","R","B",null,"M","?","?","?","M"],"character_chosen":"DEFECT","items_purchased":["Whetstone","Storm"],"campfire_rested":1,"item_purchase_floors":[3,3],"current_hp_per_floor":[62,62,62,50,50,50,40,40,40,40,36,58,58,57,57,33,65,58,58,58,58,52,0],"gold":306,"neow_bonus":"TWO_FIFTY_GOLD","is_prod":false,"is_daily":false,"chose_seed":false,"campfire_upgraded":3,"win_rate":0,"timestamp":1531966833,"path_taken":["M","?","$","?","?","R","E","R","T","?","M","R","M","M","R","BOSS","M","?","?","?","?","E"],"build_version":"2018-07-12","purchased_purges":1,"victory":false,"max_hp_per_floor":[75,75,75,75,75,75,75,75,75,75,75,75,75,75,75,75,75,75,75,75,75,75,75],"card_choices":[{"not_picked":["Go for the Eyes","Tempest"],"picked":"Conserve Battery","floor":1},{"not_picked":["Hologram","Darkness"],"picked":"Cold Snap","floor":7},{"not_picked":["Cold Snap","Steam Power"],"picked":"Reprogram","floor":11},{"not_picked":["Coolheaded","Scrape"],"picked":"Ball Lightning","floor":13},{"not_picked":["Turbo","Hologram"],"picked":"Ball Lightning","floor":14},{"not_picked":["Amplify","Hyperbeam"],"picked":"Buffer","floor":16},{"not_picked":["Gash","Steam"],"picked":"Beam Cell","floor":18},{"not_picked":["Genetic Algorithm+1","Skim"],"picked":"Defragment","floor":22}],"player_experience":432471,"relics_obtained":[{"floor":7,"key":"Bottled Lightning"},{"floor":9,"key":"DataDisk"},{"floor":10,"key":"Shuriken"}],"event_choices":[{"event_name":"Living Wall","player_choice":"Grow","floor":2,"damage_taken":0},{"event_name":"Scrap Ooze","player_choice":"success","floor":4,"damage_taken":12},{"event_name":"Match and Keep!","player_choice":"1 cards matched","floor":5,"damage_taken":0},{"event_name":"Back to Basics","player_choice":"Elegance","floor":19,"damage_taken":0},{"event_name":"Golden Shrine","player_choice":"Pray","floor":20,"damage_taken":0},{"event_name":"Addict","player_choice":"Obtained Relic","floor":21,"damage_taken":0}],"boss_relics":[{"not_picked":["Velvet Choker","Philosopher\u0027s Stone"],"picked":"Pandora\u0027s Box"}],"items_purged_floors":[3],"is_endless":false,"potions_floor_spawned":[7,13,14],"killed_by":"Gremlin Leader","ascension_level":11}