{"gold_per_floor":[112,131,151,167,181,181,214,232,258,289,299,299,299,324,324,401,401,412,422,422,439,1,1,21,21],"floor_reached":25,"playtime":1118,"items_purged":[],"score":420,"play_id":"1bba6676-dd1f-4593-9282-edb00c71e065","local_time":"20181010114050","is_ascension_mode":true,"campfire_choices":[{"data":"Streamline","floor":6,"key":"SMITH"},{"floor":13,"key":"REST"},{"floor":15,"key":"REST"},{"floor":23,"key":"REST"}],"neow_cost":"","seed_source_timestamp":213812155354775,"circlet_count":0,"master_deck":["Strike_B","Strike_B","Strike_B","Strike_B","Defend_B+1","Defend_B","Defend_B","Defend_B","Zap","Dualcast","AscendersBane","Streamline+1","Darkness+1","Glacier","Barrage","Conserve Battery","Go for the Eyes","Conserve Battery","Ball Lightning","Multi-Cast","All For One","Leap","Decay","Compile Driver","Defragment","Hologram"],"relics":["Cracked Core","Matryoshka","Question Card","Anchor","Juzu Bracelet","Art of War","Sozu","Runic Capacitor","Potion Belt"],"potions_floor_usage":[14],"damage_taken":[{"damage":2,"enemies":"Cultist","floor":1,"turns":4},{"damage":4,"enemies":"Jaw Worm","floor":2,"turns":4},{"damage":0,"enemies":"2 Louse","floor":3,"turns":2},{"damage":12,"enemies":"Large Slime","floor":4,"turns":6},{"damage":1,"enemies":"2 Fungi Beasts","floor":5,"turns":3},{"damage":11,"enemies":"Lagavulin","floor":7,"turns":7},{"damage":0,"enemies":"Blue Slaver","floor":8,"turns":4},{"damage":7,"enemies":"3 Sentries","floor":10,"turns":8},{"damage":0,"enemies":"3 Louse","floor":11,"turns":3},{"damage":5,"enemies":"Lagavulin","floor":14,"turns":6},{"damage":37,"enemies":"The Guardian","floor":16,"turns":11},{"damage":21,"enemies":"Shell Parasite","floor":18,"turns":6},{"damage":26,"enemies":"3 Byrds","floor":19,"turns":6},{"damage":1,"enemies":"Centurion and Healer","floor":21,"turns":6},{"damage":23,"enemies":"Shelled Parasite and Fungi","floor":24,"turns":6},{"damage":0,"enemies":"Snake Plant","floor":25,"turns":1}],"seed_played":"6833154932925696331","potions_obtained":[{"floor":3,"key":"SteroidPotion"},{"floor":7,"key":"Dexterity Potion"},{"floor":16,"key":"Weak Potion"}],"is_trial":false,"path_per_floor":["M","M","M","M","M","R","E","M","T","E","M","?","R","E","R","B",null,"M","M","?","M","$","R","M"],"character_chosen":"DEFECT","items_purchased":["Defragment","Runic Capacitor","Potion Belt"],"campfire_rested":3,"item_purchase_floors":[22,22,22],"current_hp_per_floor":[62,58,58,46,45,45,34,34,34,27,27,6,27,22,43,6,55,34,8,8,7,7,28,5,5],"gold":21,"neow_bonus":"","is_prod":false,"is_daily":false,"chose_seed":false,"campfire_upgraded":1,"win_rate":0,"timestamp":1539186050,"path_taken":["M","M","M","M","M","R","E","M","T","E","M","?","R","E","R","BOSS","M","M","?","M","$","R","M","M"],"build_version":"2018-10-04v2","purchased_purges":0,"victory":false,"max_hp_per_floor":[71,71,71,71,71,71,71,71,71,71,71,71,71,71,71,71,71,71,71,71,71,71,71,71,71],"card_choices":[{"not_picked":["Redo","Compile Driver"],"picked":"Streamline","floor":1},{"not_picked":["Gash","Barrage"],"picked":"Darkness","floor":2},{"not_picked":["Compile Driver","Rainbow"],"picked":"Glacier","floor":3},{"not_picked":["Double Energy","Leap"],"picked":"Barrage","floor":4},{"not_picked":["Hello World","Hologram"],"picked":"Conserve Battery","floor":5},{"not_picked":["Beam Cell","Reboot"],"picked":"Go for the Eyes","floor":7},{"not_picked":["Aggregate","Barrage"],"picked":"Conserve Battery","floor":8},{"not_picked":["Steam","Meteor Strike","Redo","Sunder"],"picked":"SKIP","floor":10},{"not_picked":["Beam Cell","Conserve Battery","Self Repair"],"picked":"Ball Lightning","floor":11},{"not_picked":["Skim","Barrage","Hologram"],"picked":"Multi-Cast","floor":14},{"not_picked":["Thunder Strike","Rainbow","Amplify"],"picked":"All For One","floor":16},{"not_picked":["Self Repair","Stack","Redo"],"picked":"Leap","floor":18},{"not_picked":["Coolheaded","Rebound","Doom and Gloom","Beam Cell"],"picked":"SKIP","floor":19},{"not_picked":["Streamline","Beam Cell","Reinforced Body"],"picked":"Compile Driver","floor":21},{"not_picked":["Redo","Ball Lightning","Chaos"],"picked":"Hologram","floor":24}],"player_experience":540728,"relics_obtained":[{"floor":7,"key":"Matryoshka"},{"floor":9,"key":"Question Card"},{"floor":9,"key":"Anchor"},{"floor":10,"key":"Juzu Bracelet"},{"floor":14,"key":"Art of War"}],"event_choices":[{"event_name":"Shining Light","player_choice":"Entered Light","floor":12,"damage_taken":0},{"event_name":"Forgotten Altar","player_choice":"Smashed Altar","floor":20,"damage_taken":0}],"is_beta":false,"boss_relics":[{"not_picked":["Empty Cage","Eternal Feather"],"picked":"Sozu"}],"items_purged_floors":[],"is_endless":false,"potions_floor_spawned":[3,7,8,10,11,16,21,24],"killed_by":"Snake Plant","ascension_level":17}