{"path_per_floor":["M","?","?","?","?","R","M","E","T","M","M","M","$","M","R","B",null,"M","?","M","?","?","E","R"],"character_chosen":"IRONCLAD","items_purchased":["Gambling Chip"],"gold_per_floor":[109,109,184,184,184,184,207,250,250,269,283,303,18,42,42,131,131,144,144,165,165,165,199,199,199],"floor_reached":25,"campfire_rested":2,"playtime":753,"current_hp_per_floor":[55,32,21,21,21,43,43,21,31,31,19,16,16,6,31,11,67,33,33,33,33,33,29,29,0],"items_purged":[],"gold":199,"score":412,"play_id":"667024ba-0dde-4e1b-8bc9-94a14a6f7fce","local_time":"20180503135949","is_prod":false,"is_daily":false,"chose_seed":false,"is_ascension_mode":true,"campfire_upgraded":1,"timestamp":1525373989,"path_taken":["M","?","?","?","?","R","?","E","T","M","?","?","?","?","R","BOSS","M","?","M","?","?","E","R","E"],"build_version":"2018-04-28v2","seed_source_timestamp":2686604308426604,"purchased_purges":0,"victory":false,"master_deck":["Bash","AscendersBane","Sword Boomerang","Carnage","Blood for Blood","Body Slam","Shrug It Off+1","Cleave","Evolve+1","Rampage","Iron Wave","Fire Breathing","Metallicize","Thunderclap","Double Tap+1","Seeing Red","Immolate","Shrug It Off","Ghostly","Ghostly","Ghostly","Ghostly","Ghostly","Perfected Strike"],"max_hp_per_floor":[75,75,75,75,75,75,75,75,85,85,85,85,85,85,85,85,85,85,85,85,42,42,42,42,42],"relics":["Pandora\u0027s Box","Golden Idol","Gremlin Horn","Pear","Gambling Chip","Philosopher\u0027s Stone","Juzu Bracelet"],"card_choices":[{"not_picked":["Flex","Infernal Blade"],"picked":"Iron Wave","floor":1},{"not_picked":["Armaments","Corruption"],"picked":"Fire Breathing","floor":7},{"not_picked":["Clothesline","Thunderclap"],"picked":"Metallicize","floor":8},{"not_picked":["Clash","Perfected Strike"],"picked":"Thunderclap","floor":10},{"not_picked":["Corruption","Cleave"],"picked":"Double Tap","floor":12},{"not_picked":["Shrug It Off","Second Wind"],"picked":"Seeing Red","floor":14},{"not_picked":["Dark Embrace","Barricade"],"picked":"Immolate","floor":16},{"not_picked":["Sword Boomerang","Clash"],"picked":"Shrug It Off","floor":18}],"player_experience":307822,"potions_floor_usage":[16,16,25],"damage_taken":[{"damage":13,"enemies":"2 Louse","floor":1,"turns":3},{"damage":0,"enemies":"Small Slimes","floor":7,"turns":2},{"damage":22,"enemies":"3 Sentries","floor":8,"turns":4},{"damage":0,"enemies":"Cultist","floor":10,"turns":2},{"damage":12,"enemies":"Large Slime","floor":11,"turns":5},{"damage":3,"enemies":"Looter","floor":12,"turns":3},{"damage":10,"enemies":"Gremlin Gang","floor":14,"turns":2},{"damage":20,"enemies":"Slime Boss","floor":16,"turns":8},{"damage":34,"enemies":"2 Thieves","floor":18,"turns":3},{"damage":0,"enemies":"Chosen","floor":20,"turns":3},{"damage":4,"enemies":"Gremlin Leader","floor":23,"turns":7},{"damage":30,"enemies":"Book of Stabbing","floor":25,"turns":5}],"event_choices":[{"event_name":"Shining Light","player_choice":"Entered Light","floor":2,"damage_taken":0},{"event_name":"World of Goop","player_choice":"Gather Gold","floor":3,"damage_taken":0},{"event_name":"Liars Game","player_choice":"disagreed","floor":4,"damage_taken":0},{"event_name":"Golden Idol","player_choice":"Take Wound","floor":5,"damage_taken":0},{"event_name":"Back to Basics","player_choice":"Elegance","floor":19,"damage_taken":0},{"event_name":"Ghosts","player_choice":"Became a Ghost","floor":21,"damage_taken":0},{"event_name":"Transmorgrifier","player_choice":"Transform","floor":22,"damage_taken":0}],"boss_relics":[{"not_picked":["Calling Bell","Cursed Key"],"picked":"Philosopher\u0027s Stone"}],"potions_floor_spawned":[1,12,14,18,23],"seed_played":"3011635299973190365","killed_by":"Book of Stabbing","ascension_level":15,"is_trial":false}