{"gold_per_floor":[112,112,112,124,136,136,136,176,176,176,143,196,222,234],"floor_reached":14,"playtime":441,"items_purged":[],"score":196,"play_id":"a922302a-57fc-4789-9693-94aaf2a2ee97","local_time":"20190127124012","is_ascension_mode":true,"campfire_choices":[{"data":"Bash","floor":6,"key":"SMITH"},{"floor":10,"key":"DIG"}],"neow_cost":"TEN_PERCENT_HP_LOSS","seed_source_timestamp":386904790518660,"circlet_count":0,"master_deck":["AscendersBane","Strike_R","Strike_R","Strike_R","Strike_R","Strike_R","Defend_R","Defend_R","Defend_R","Defend_R","Bash+1","Offering","Anger","Clash","Evolve","Exhume","Sword Boomerang","Perfected Strike"],"relics":["Burning Blood","GremlinMask","Golden Idol","Darkstone Periapt","Shovel","MawBank","Potion Belt"],"potions_floor_usage":[8,12],"damage_taken":[{"damage":6,"enemies":"Small Slimes","floor":1,"turns":2},{"damage":7,"enemies":"Cultist","floor":4,"turns":3},{"damage":7,"enemies":"2 Louse","floor":5,"turns":4},{"damage":31,"enemies":"3 Sentries","floor":8,"turns":8},{"damage":36,"enemies":"Lagavulin","floor":12,"turns":6},{"damage":8,"enemies":"Looter","floor":13,"turns":3},{"damage":20,"enemies":"Large Slime","floor":14,"turns":2}],"seed_played":"-8219622196552266929","potions_obtained":[{"floor":1,"key":"Explosive Potion"},{"floor":8,"key":"Fire Potion"}],"is_trial":false,"path_per_floor":["M","?","?","M","M","R","?","E","T","R","?","E","M","M"],"character_chosen":"IRONCLAD","items_purchased":[],"campfire_rested":0,"item_purchase_floors":[],"current_hp_per_floor":[68,73,73,72,71,71,66,41,41,41,41,11,9,0],"gold":234,"neow_bonus":"THREE_RARE_CARDS","is_prod":false,"is_daily":false,"chose_seed":false,"campfire_upgraded":1,"win_rate":0,"timestamp":1548610812,"path_taken":["M","?","?","M","?","R","?","E","T","R","?","E","M","M"],"build_version":"2019-01-23","purchased_purges":0,"victory":false,"max_hp_per_floor":[68,73,73,73,73,73,66,66,66,66,66,66,66,66],"card_choices":[{"not_picked":["Juggernaut","Barricade"],"picked":"Offering","floor":0},{"not_picked":["Shockwave","Warcry"],"picked":"Anger","floor":1},{"not_picked":["Corruption","Twin Strike"],"picked":"Clash","floor":4},{"not_picked":["Twin Strike","True Grit"],"picked":"Evolve","floor":5},{"not_picked":["Warcry","Sever Soul"],"picked":"Exhume","floor":8},{"not_picked":["Flex","Dark Embrace"],"picked":"Sword Boomerang","floor":12},{"not_picked":["Havoc","Twin Strike"],"picked":"Perfected Strike","floor":13}],"player_experience":765530,"relics_obtained":[{"floor":8,"key":"Darkstone Periapt"},{"floor":9,"key":"Shovel"},{"floor":10,"key":"MawBank"},{"floor":12,"key":"Potion Belt"}],"event_choices":[{"damage_healed":0,"gold_gain":0,"player_choice":"Donut","damage_taken":0,"max_hp_gain":5,"max_hp_loss":0,"event_name":"Big Fish","floor":2,"gold_loss":0},{"damage_healed":0,"gold_gain":0,"player_choice":"Trade","damage_taken":0,"relics_obtained":["GremlinMask"],"max_hp_gain":0,"max_hp_loss":0,"event_name":"FaceTrader","floor":3,"gold_loss":0},{"damage_healed":0,"gold_gain":0,"player_choice":"Lose Max HP","damage_taken":0,"relics_obtained":["Golden Idol"],"max_hp_gain":0,"max_hp_loss":7,"event_name":"Golden Idol","floor":7,"gold_loss":0},{"damage_healed":0,"gold_gain":0,"player_choice":"Left Gold","damage_taken":0,"max_hp_gain":0,"max_hp_loss":0,"event_name":"World of Goop","floor":11,"gold_loss":45}],"is_beta":false,"boss_relics":[],"items_purged_floors":[],"is_endless":false,"potions_floor_spawned":[1,8],"killed_by":"Large Slime","ascension_level":20}