{"path_per_floor":["M","M","?","?","?","R","?","E","T","M","$","E","M","M","R","B",null,"M","$","M","M","$"],"character_chosen":"THE_SILENT","items_purchased":["Deadly Poison","Strength Potion","Bouncing Flask","Bandage Up"],"gold_per_floor":[111,128,128,128,128,128,78,109,109,127,24,63,76,99,99,224,224,249,56,71,85,35],"floor_reached":23,"campfire_rested":0,"playtime":1299,"current_hp_per_floor":[70,70,65,65,65,65,65,49,49,49,49,41,41,38,38,16,65,62,62,63,59,59],"items_purged":["Strike_G","Defend_G"],"gold":35,"score":201,"play_id":"bf5bc90e-8f04-415f-861c-b0b5d61577b1","is_prod":false,"is_daily":false,"is_ascension_mode":false,"campfire_upgraded":2,"path_taken":["M","M","?","?","?","R","?","E","T","M","$","E","M","M","R","BOSS","M","$","M","M","$","E"],"build_version":"2018-02-08-PROD1","purchased_purges":3,"victory":false,"master_deck":["Defend_G","Defend_G","Defend_G","Defend_G","Strike_G","Strike_G","Strike_G","Strike_G","Survivor","Neutralize+1","Bane+1","Dagger Throw","Leg Sweep","Catalyst","Deadly Poison","Crippling Poison","Poisoned Stab","Adrenaline","Noxious Fumes","Bouncing Flask","Bandage Up","Quick Slash+1","Backflip"],"max_hp_per_floor":[70,70,65,65,65,65,65,65,65,65,65,65,65,65,65,65,65,65,65,65,65,65],"relics":["Velvet Choker","Golden Idol","Orichalcum","Bag of Marbles","Smiling Mask","Gremlin Horn","Runic Pyramid"],"card_choices":[{"not_picked":["Deflect","PiercingWail"],"picked":"Bane"},{"not_picked":["Finisher","PiercingWail"],"picked":"Dagger Throw"},{"not_picked":["Dodge and Roll","Acrobatics"],"picked":"Leg Sweep"},{"not_picked":["Acrobatics","Underhanded Strike"],"picked":"Catalyst"},{"not_picked":["Choke","Dodge and Roll"],"picked":"Crippling Poison"},{"not_picked":["Dodge and Roll","PiercingWail"],"picked":"Poisoned Stab"},{"not_picked":["Tactician","Night Terror"],"picked":"Adrenaline"},{"not_picked":["Dagger Spray","Well Laid Plans"],"picked":"Noxious Fumes"},{"not_picked":["Bane","Slice"],"picked":"Quick Slash"},{"not_picked":["Dodge and Roll","Quick Slash"],"picked":"Backflip"}],"player_experience":49621,"potions_floor_usage":[12,16,16],"damage_taken":[{"damage":0,"enemies":"Cultist","floor":1,"turns":5},{"damage":0,"enemies":"2 Louse","floor":2,"turns":3},{"damage":16,"enemies":"3 Sentries","floor":8,"turns":9},{"damage":0,"enemies":"Small Slimes","floor":10,"turns":3},{"damage":8,"enemies":"Lagavulin","floor":12,"turns":5},{"damage":0,"enemies":"3 Louse","floor":13,"turns":2},{"damage":3,"enemies":"Exordium Wildlife","floor":14,"turns":4},{"damage":22,"enemies":"Slime Boss","floor":16,"turns":14},{"damage":3,"enemies":"3 Byrds","floor":18,"turns":5},{"damage":3,"enemies":"Chosen","floor":20,"turns":6},{"damage":6,"enemies":"Sentry and Sphere","floor":21,"turns":5},{"damage":68,"enemies":"Gremlin Leader","floor":23,"turns":4}],"event_choices":[{"event_name":"Golden Idol","player_choice":"Lose Max HP","floor":3,"damage_taken":0},{"event_name":"Big Fish","player_choice":"Box","floor":4,"damage_taken":0},{"event_name":"Liars Game","player_choice":"disagreed","floor":5,"damage_taken":0},{"event_name":"The Cleric","player_choice":"Card Removal","floor":7,"damage_taken":0}],"boss_relics":[{"not_picked":["Ectoplasm","Runic Dome"],"picked":"Runic Pyramid"}],"potions_floor_spawned":[12,13,16,20],"seed_played":"4768325428203106063","killed_by":"Gremlin Leader","ascension_level":0,"is_trial":false}