{"gold_per_floor":[114,114,133,152,2,2,21,59,109,128,166,64,83,102,102,227,227,246,146,165,184,203,203],"floor_reached":23,"playtime":1545,"items_purged":["Doubt","Injury"],"score":207,"play_id":"1da936ef-3f73-4db4-94af-68e6a3532e7a","local_time":"20180630093452","daily_mods":["Heirloom","Cursed Run","Terminal"],"is_ascension_mode":false,"campfire_choices":[{"data":"Dualcast","floor":6,"key":"SMITH"},{"data":"Defragment","floor":15,"key":"SMITH"}],"neow_cost":"","seed_source_timestamp":726057598577434,"circlet_count":0,"master_deck":["Strike_B","Strike_B","Strike_B","Strike_B","Defend_B","Defend_B","Defend_B","Defend_B","Zap","Dualcast+1","Darkness","Conserve Battery","Beam Cell","Ball Lightning","White Noise","Capacitor","Recycle","Barrage","Defragment+1","Hologram","Clumsy","Amplify","Static Discharge","Skim+1","Rebound","Capacitor+1"],"special_seed":17712,"relics":["Cursed Key","Darkstone Periapt","Du-Vu Doll","Torii","Golden Idol","Strawberry","Emotion Chip","Dream Catcher","Vajra","Sozu"],"potions_floor_usage":[8,11,11,11,16,16,16,16,18],"damage_taken":[{"damage":0,"enemies":"Cultist","floor":1,"turns":3},{"damage":0,"enemies":"2 Louse","floor":3,"turns":3},{"damage":1,"enemies":"Jaw Worm","floor":4,"turns":3},{"damage":2,"enemies":"Lots of Slimes","floor":7,"turns":4},{"damage":7,"enemies":"3 Sentries","floor":8,"turns":7},{"damage":0,"enemies":"Red Slaver","floor":10,"turns":4},{"damage":1,"enemies":"Gremlin Nob","floor":11,"turns":3},{"damage":1,"enemies":"Gremlin Gang","floor":13,"turns":4},{"damage":0,"enemies":"3 Louse","floor":14,"turns":4},{"damage":7,"enemies":"The Guardian","floor":16,"turns":6},{"damage":13,"enemies":"3 Byrds","floor":18,"turns":5},{"damage":7,"enemies":"Shell Parasite","floor":20,"turns":4},{"damage":17,"enemies":"Centurion and Healer","floor":21,"turns":5},{"damage":33,"enemies":"Slaver and Parasite","floor":22,"turns":4},{"damage":20,"floor":23,"turns":2}],"seed_played":"-1755974802296634168","potions_obtained":[{"floor":3,"key":"GamblersBrew"},{"floor":4,"key":"Weak Potion"},{"floor":8,"key":"FocusPotion"},{"floor":10,"key":"SkillPotion"},{"floor":14,"key":"EntropicBrew"},{"floor":16,"key":"GamblersBrew"}],"is_trial":false,"path_per_floor":["M","?","M","M","$","R","M","E","T","M","E","$","M","M","R","B",null,"M","$","M","M","M"],"character_chosen":"DEFECT","items_purchased":["Strawberry","Barrage"],"campfire_rested":0,"item_purchase_floors":[5,12],"current_hp_per_floor":[73,78,77,76,82,81,79,72,78,78,77,77,76,76,76,75,82,69,69,62,45,12,0],"gold":203,"neow_bonus":"","is_prod":false,"is_daily":true,"chose_seed":false,"campfire_upgraded":2,"win_rate":0,"timestamp":1530326092,"path_taken":["M","?","M","?","$","R","M","E","T","M","E","?","M","M","R","BOSS","M","$","M","?","M","?"],"build_version":"2018-06-28","purchased_purges":2,"victory":false,"max_hp_per_floor":[73,78,77,76,82,81,80,79,84,83,82,81,80,79,78,83,82,81,80,79,78,77,77],"card_choices":[{"not_picked":["Turbo","Coolheaded"],"picked":"Darkness","floor":1},{"not_picked":["Go for the Eyes","Streamline"],"picked":"Conserve Battery","floor":3},{"not_picked":["Biased Cognition","Go for the Eyes"],"picked":"Beam Cell","floor":4},{"not_picked":["Go for the Eyes","Skim"],"picked":"Ball Lightning","floor":7},{"not_picked":["Rebound","Gash"],"picked":"White Noise","floor":8},{"not_picked":["Glacier","Leap"],"picked":"Capacitor","floor":10},{"not_picked":["Redo","Reinforced Body"],"picked":"Recycle","floor":11},{"not_picked":["Turbo","Compile Driver"],"picked":"Defragment","floor":13},{"not_picked":["Thunder Strike","Steam"],"picked":"Hologram","floor":14},{"not_picked":["Machine Learning","Hyperbeam"],"picked":"Amplify","floor":16},{"not_picked":["Cold Snap","Hello World"],"picked":"Static Discharge","floor":18},{"not_picked":["Ball Lightning","Chill"],"picked":"Skim+1","floor":20},{"not_picked":["Cold Snap","Streamline"],"picked":"Rebound","floor":21},{"not_picked":["Barrage","Coolheaded"],"picked":"Capacitor+1","floor":22}],"player_experience":11858,"relics_obtained":[{"floor":8,"key":"Emotion Chip"},{"floor":9,"key":"Dream Catcher"},{"floor":11,"key":"Vajra"}],"event_choices":[{"event_name":"Golden Idol","player_choice":"Take Wound","floor":2,"damage_taken":0},{"event_name":"Masked Bandits","player_choice":"Fought over 203 gold","floor":23,"damage_taken":0}],"boss_relics":[{"not_picked":["Astrolabe","Orrery"],"picked":"Sozu"}],"items_purged_floors":[12,19],"is_endless":false,"potions_floor_spawned":[3,4,8,10,14,16,21],"ascension_level":0}