{"gold_per_floor":[15,26,37,49,49,74,74,99,122,149,74,74,88,100,100,176,176,192,211,261,280,205,205],"floor_reached":23,"playtime":1042,"items_purged":["Strike_R"],"score":426,"play_id":"076a6a24-70a1-4489-855a-bd63d8e18cd8","local_time":"20181210122857","is_ascension_mode":true,"campfire_choices":[{"data":"Bash","floor":7,"key":"SMITH"},{"floor":12,"key":"REST"},{"data":"Disarm","floor":15,"key":"SMITH"}],"neow_cost":"NO_GOLD","seed_source_timestamp":1384402277480530,"circlet_count":0,"master_deck":["AscendersBane","Strike_R","Strike_R+1","Strike_R","Defend_R","Defend_R+1","Defend_R","Defend_R","Bash+1","Twin Strike","Spot Weakness","Clothesline","Headbutt","Iron Wave","Feel No Pain","Demon Form","Disarm+1","Cleave","True Grit","Exhume","Shrug It Off","True Grit+1","Flame Barrier","Combust","Disarm"],"relics":["Burning Blood","Prayer Wheel","Regal Pillow","Oddly Smooth Stone","Vajra","Fusion Hammer"],"potions_floor_usage":[8,23,23],"damage_taken":[{"damage":7,"enemies":"Jaw Worm","floor":1,"turns":5},{"damage":4,"enemies":"Small Slimes","floor":2,"turns":4},{"damage":0,"enemies":"Cultist","floor":3,"turns":2},{"damage":12,"enemies":"3 Louse","floor":4,"turns":4},{"damage":26,"enemies":"Gremlin Nob","floor":6,"turns":4},{"damage":30,"enemies":"Lagavulin","floor":8,"turns":7},{"damage":10,"enemies":"3 Sentries","floor":10,"turns":9},{"damage":7,"enemies":"Blue Slaver","floor":13,"turns":4},{"damage":15,"enemies":"Exordium Wildlife","floor":14,"turns":4},{"damage":8,"enemies":"Hexaghost","floor":16,"turns":7},{"damage":18,"enemies":"Chosen","floor":18,"turns":5},{"damage":19,"enemies":"Shell Parasite","floor":19,"turns":6},{"damage":4,"enemies":"Snecko","floor":21,"turns":8},{"damage":62,"enemies":"Slavers","floor":23,"turns":4}],"seed_played":"7227033282041930870","potions_obtained":[{"floor":2,"key":"Swift Potion"},{"floor":3,"key":"BloodPotion"},{"floor":10,"key":"BloodPotion"},{"floor":14,"key":"Regen Potion"},{"floor":21,"key":"Block Potion"}],"is_trial":false,"path_per_floor":["M","M","M","M","?","E","R","E","T","E","?","R","M","M","R","B",null,"M","M","?","M","$","E"],"character_chosen":"IRONCLAD","items_purchased":[],"campfire_rested":1,"item_purchase_floors":[],"current_hp_per_floor":[81,83,89,83,56,36,36,20,20,16,16,57,56,47,47,45,78,66,53,53,55,55,0],"gold":205,"neow_bonus":"TWENTY_PERCENT_HP_BONUS","is_prod":false,"is_daily":false,"chose_seed":false,"campfire_upgraded":2,"win_rate":0,"timestamp":1544462937,"path_taken":["M","M","M","M","?","E","R","E","T","E","?","R","M","M","R","BOSS","M","M","?","M","?","E"],"build_version":"2018-12-06","purchased_purges":1,"victory":false,"max_hp_per_floor":[89,89,89,89,89,89,89,89,89,89,89,89,89,89,89,89,89,89,89,89,89,89,89],"card_choices":[{"not_picked":["Clash","Evolve"],"picked":"Twin Strike","floor":1},{"not_picked":["Power Through","Burning Pact"],"picked":"Spot Weakness","floor":2},{"not_picked":["Cleave","Searing Blow"],"picked":"Clothesline","floor":3},{"not_picked":["Wild Strike","Corruption"],"picked":"Headbutt","floor":4},{"not_picked":["Havoc","Rampage"],"picked":"Iron Wave","floor":6},{"not_picked":["Anger","Heavy Blade"],"picked":"Feel No Pain","floor":8},{"not_picked":["Hemokinesis","Whirlwind"],"picked":"Demon Form","floor":10},{"not_picked":["Rage","Sword Boomerang"],"picked":"Disarm","floor":13},{"not_picked":["Second Wind","Havoc"],"picked":"Cleave","floor":13},{"not_picked":["Clothesline","Fire Breathing"],"picked":"True Grit","floor":14},{"not_picked":["Sentinel","Anger","Clothesline"],"picked":"SKIP","floor":14},{"not_picked":["Demon Form","Barricade"],"picked":"Exhume","floor":16},{"not_picked":["Iron Wave+1","Reckless Charge"],"picked":"Shrug It Off","floor":18},{"not_picked":["Havoc","Perfected Strike","True Grit"],"picked":"SKIP","floor":18},{"not_picked":["Dropkick","Infernal Blade"],"picked":"True Grit+1","floor":19},{"not_picked":["Dual Wield","Seeing Red"],"picked":"Flame Barrier","floor":19},{"not_picked":["Anger","Armaments"],"picked":"Combust","floor":21},{"not_picked":["Havoc","Iron Wave"],"picked":"Disarm","floor":21}],"player_experience":670929,"relics_obtained":[{"floor":6,"key":"Prayer Wheel"},{"floor":8,"key":"Regal Pillow"},{"floor":9,"key":"Oddly Smooth Stone"},{"floor":10,"key":"Vajra"}],"event_choices":[{"damage_healed":0,"gold_gain":0,"player_choice":"Entered Light","damage_taken":27,"max_hp_gain":0,"max_hp_loss":0,"event_name":"Shining Light","floor":5,"gold_loss":0,"cards_upgraded":["Defend_R","Strike_R"]},{"cards_removed":["Strike_R"],"damage_healed":0,"gold_gain":0,"player_choice":"Card Removal","damage_taken":0,"max_hp_gain":0,"max_hp_loss":0,"event_name":"The Cleric","floor":11,"gold_loss":75},{"damage_healed":0,"gold_gain":50,"player_choice":"Pray","damage_taken":0,"max_hp_gain":0,"max_hp_loss":0,"event_name":"Golden Shrine","floor":20,"gold_loss":0}],"is_beta":false,"boss_relics":[{"not_picked":["Coffee Dripper","Black Blood"],"picked":"Fusion Hammer"}],"items_purged_floors":[22],"is_endless":false,"potions_floor_spawned":[2,3,10,13,14,16,21],"killed_by":"Slavers","ascension_level":20}