{"gold_per_floor":[109,59,59,78,97,126,126,136,161,161,176,190,190,202,202,301,301,316,316,27,40,58,58],"floor_reached":23,"playtime":874,"items_purged":["Strike_B"],"score":224,"play_id":"b30c4454-3610-415c-8ed7-d92be068b164","local_time":"20190122135148","is_ascension_mode":true,"campfire_choices":[{"floor":7,"key":"REST"},{"floor":10,"key":"REST"},{"floor":15,"key":"REST"}],"neow_cost":"NONE","seed_source_timestamp":5808896148627,"circlet_count":0,"master_deck":["Strike_B","Defend_B","Defend_B","Defend_B","Defend_B","Zap","Dualcast","Conserve Battery","Blizzard","White Noise","Cold Snap","Tempest","Barrage","Zap","Hello World","Self Repair","Echo Form","Consume+1","Capacitor","Glacier"],"relics":["Fusion Hammer","Pen Nib","Orichalcum","Sozu","Ornamental Fan","Ancient Tea Set"],"potions_floor_usage":[12,23,23],"damage_taken":[{"damage":12,"enemies":"Jaw Worm","floor":1,"turns":4},{"damage":0,"enemies":"Small Slimes","floor":4,"turns":4},{"damage":0,"enemies":"Cultist","floor":5,"turns":4},{"damage":56,"enemies":"3 Sentries","floor":6,"turns":14},{"damage":3,"enemies":"2 Fungi Beasts","floor":8,"turns":3},{"damage":15,"enemies":"Gremlin Gang","floor":11,"turns":7},{"damage":7,"enemies":"Red Slaver","floor":12,"turns":3},{"damage":6,"enemies":"3 Louse","floor":14,"turns":5},{"damage":30,"enemies":"The Guardian","floor":16,"turns":13},{"damage":15,"enemies":"3 Byrds","floor":18,"turns":4},{"damage":6,"enemies":"Chosen","floor":21,"turns":6},{"damage":48,"enemies":"Snake Plant","floor":22,"turns":5},{"damage":40,"enemies":"Gremlin Leader","floor":23,"turns":4}],"seed_played":"-3750274435648209580","potions_obtained":[{"floor":1,"key":"Energy Potion"},{"floor":6,"key":"Swift Potion"},{"floor":11,"key":"SkillPotion"},{"floor":16,"key":"Weak Potion"}],"is_trial":false,"path_per_floor":["M","?","?","M","M","E","R","M","T","R","M","M","?","M","R","B",null,"M","T","$","M","M","E"],"character_chosen":"DEFECT","items_purchased":["Capacitor","Ancient Tea Set"],"campfire_rested":3,"item_purchase_floors":[20,20],"current_hp_per_floor":[63,63,63,63,63,7,29,26,26,48,33,26,26,20,42,19,75,67,67,67,75,34,0],"gold":58,"neow_bonus":"BOSS_RELIC","is_prod":false,"is_daily":false,"chose_seed":false,"campfire_upgraded":0,"win_rate":0,"timestamp":1548183108,"path_taken":["M","?","?","?","M","E","R","M","T","R","M","M","?","?","R","BOSS","M","?","$","M","M","E"],"build_version":"2019-01-17v2","purchased_purges":1,"victory":false,"max_hp_per_floor":[75,75,75,75,75,75,75,75,75,75,75,75,75,75,75,75,75,75,75,75,75,75,75],"card_choices":[{"not_picked":["Auto Shields","Ball Lightning"],"picked":"Conserve Battery","floor":1},{"not_picked":["Ball Lightning","Leap"],"picked":"Blizzard","floor":4},{"not_picked":["Stack","Storm","Undo"],"picked":"SKIP","floor":5},{"not_picked":["Fission","Beam Cell"],"picked":"White Noise","floor":6},{"not_picked":["Conserve Battery","Redo"],"picked":"Cold Snap","floor":8},{"not_picked":["Compile Driver","Steam Power"],"picked":"Tempest","floor":11},{"not_picked":["Chaos","Sweeping Beam"],"picked":"Barrage","floor":12},{"not_picked":["Blizzard","Redo"],"picked":"Self Repair","floor":14},{"not_picked":["Meteor Strike","Multi-Cast"],"picked":"Echo Form","floor":16},{"not_picked":["Sweeping Beam","Recycle"],"picked":"Consume+1","floor":18},{"not_picked":["Gash+1","Go for the Eyes","Lockon+1"],"picked":"SKIP","floor":21},{"not_picked":["Scrape","Cold Snap"],"picked":"Glacier","floor":22}],"player_experience":108911,"relics_obtained":[{"floor":6,"key":"Pen Nib"},{"floor":9,"key":"Orichalcum"},{"floor":19,"key":"Ornamental Fan"}],"event_choices":[{"cards_removed":["Strike_B"],"damage_healed":0,"gold_gain":0,"player_choice":"Card Removal","damage_taken":0,"max_hp_gain":0,"max_hp_loss":0,"event_name":"The Cleric","floor":2,"gold_loss":50},{"cards_removed":["Strike_B"],"damage_healed":0,"gold_gain":0,"player_choice":"Offered Basic","damage_taken":0,"max_hp_gain":0,"max_hp_loss":0,"event_name":"Bonfire Elementals","floor":3,"gold_loss":0},{"damage_healed":0,"gold_gain":0,"player_choice":"2 cards matched","damage_taken":0,"max_hp_gain":0,"max_hp_loss":0,"event_name":"Match and Keep!","floor":13,"gold_loss":0,"cards_obtained":["Zap","Hello World"]}],"is_beta":false,"boss_relics":[{"not_picked":["Ectoplasm","Velvet Choker"],"picked":"Sozu"}],"items_purged_floors":[20],"is_endless":false,"potions_floor_spawned":[1,6,11,16,21],"killed_by":"Gremlin Leader","ascension_level":3}