{"gold_per_floor":[119,119,132,144,219,219,234,194,264,264,276,295,295,315,315,392,392,408,423,179,139,155,173,173,206,206,33,33],"floor_reached":28,"playtime":1214,"items_purged":[],"score":383,"play_id":"8efaf7ce-de81-4223-a00c-ddd340095d58","local_time":"20190106235752","is_ascension_mode":true,"campfire_choices":[{"data":"Zap","floor":6,"key":"SMITH"},{"data":"Defragment","floor":10,"key":"SMITH"},{"floor":15,"key":"REST"},{"floor":24,"key":"REST"}],"neow_cost":"NONE","seed_source_timestamp":100979770543378,"circlet_count":0,"master_deck":["AscendersBane","Strike_B","Strike_B+1","Strike_B","Strike_B","Defend_B","Defend_B","Defend_B","Defend_B","Zap+1","Dualcast","Cold Snap","Melter","BootSequence","Darkness","Defragment+1","Hologram+1","Cold Snap","Conserve Battery+1","Electrodynamics+1","Conserve Battery+1","Compile Driver+1","Redo+1","Creative AI","BootSequence+1","Apotheosis+1"],"relics":["Cracked Core","NeowsBlessing","Toxic Egg 2","White Beast Statue","Kunai","Orichalcum","Torii"],"potions_floor_usage":[18,22,22,22,23,23,23,23,28,28],"damage_taken":[{"damage":0,"enemies":"Jaw Worm","floor":1,"turns":1},{"damage":0,"enemies":"Cultist","floor":3,"turns":1},{"damage":0,"enemies":"Small Slimes","floor":4,"turns":1},{"damage":4,"enemies":"Looter","floor":7,"turns":4},{"damage":7,"enemies":"2 Fungi Beasts","floor":11,"turns":4},{"damage":11,"enemies":"Gremlin Gang","floor":12,"turns":5},{"damage":8,"enemies":"Red Slaver","floor":14,"turns":4},{"damage":21,"enemies":"Slime Boss","floor":16,"turns":13},{"damage":0,"enemies":"Chosen","floor":18,"turns":4},{"damage":0,"enemies":"Spheric Guardian","floor":19,"turns":3},{"damage":27,"enemies":"Snake Plant","floor":22,"turns":4},{"damage":11,"enemies":"Chosen and Byrds","floor":23,"turns":7},{"damage":43,"enemies":"Slavers","floor":25,"turns":3},{"damage":9,"enemies":"Snecko","floor":28,"turns":3}],"seed_played":"6165243372262247366","potions_obtained":[{"floor":2,"key":"SneckoOil"},{"floor":2,"key":"EntropicBrew"},{"floor":2,"key":"FocusPotion"},{"floor":18,"key":"SteroidPotion"},{"floor":22,"key":"AttackPotion"},{"floor":23,"key":"SneckoOil"},{"floor":25,"key":"EssenceOfSteel"}],"is_trial":false,"path_per_floor":["M","?","M","M","?","R","M","$","T","R","M","M","?","M","R","B",null,"M","M","$","?","M","M","R","E","T","$","M"],"character_chosen":"DEFECT","items_purchased":["Defragment","Kunai","Apotheosis+1"],"campfire_rested":2,"item_purchase_floors":[8,20,27],"current_hp_per_floor":[68,68,68,68,57,57,53,53,53,53,46,35,35,27,49,28,63,63,63,63,63,36,25,47,4,4,4,0],"gold":33,"neow_bonus":"THREE_ENEMY_KILL","is_prod":false,"is_daily":false,"chose_seed":false,"campfire_upgraded":2,"win_rate":0,"timestamp":1546790272,"path_taken":["M","?","M","?","?","R","M","$","T","R","M","M","?","M","R","BOSS","M","M","$","?","?","M","R","E","T","?","M"],"build_version":"2019-01-03v4","purchased_purges":0,"victory":false,"max_hp_per_floor":[75,75,75,75,75,75,75,75,75,75,75,75,75,75,75,75,75,75,75,75,75,75,75,75,75,75,75,75],"card_choices":[{"not_picked":["Turbo","Beam Cell"],"picked":"Cold Snap","floor":1},{"not_picked":["Leap","Turbo"],"picked":"Melter","floor":3},{"not_picked":["Loop","Coolheaded"],"picked":"BootSequence","floor":4},{"not_picked":["Loop","Stack"],"picked":"Darkness","floor":7},{"not_picked":["Thunder Strike","Streamline"],"picked":"Hologram+1","floor":11},{"not_picked":["Undo+1","Streamline"],"picked":"Cold Snap","floor":12},{"not_picked":["Static Discharge","Beam Cell"],"picked":"Conserve Battery+1","floor":14},{"not_picked":["Reboot+1","All For One"],"picked":"Electrodynamics","floor":16},{"not_picked":["Rebound","Recycle+1"],"picked":"Conserve Battery+1","floor":18},{"not_picked":["Sunder","Gash"],"picked":"Compile Driver+1","floor":19},{"not_picked":["Coolheaded+1","Melter"],"picked":"Redo+1","floor":22},{"not_picked":["Stack+1","Melter"],"picked":"Creative AI","floor":23},{"not_picked":["Cold Snap","Compile Driver"],"picked":"BootSequence+1","floor":25}],"player_experience":246652,"relics_obtained":[{"floor":9,"key":"Toxic Egg 2"},{"floor":25,"key":"Orichalcum"},{"floor":26,"key":"Torii"}],"event_choices":[{"damage_healed":0,"gold_gain":0,"player_choice":"Got Potions","damage_taken":0,"max_hp_gain":0,"max_hp_loss":0,"event_name":"Lab","floor":2,"gold_loss":0},{"damage_healed":0,"gold_gain":75,"player_choice":"Gather Gold","damage_taken":11,"max_hp_gain":0,"max_hp_loss":0,"event_name":"World of Goop","floor":5,"gold_loss":0},{"damage_healed":0,"gold_gain":0,"player_choice":"Fled","damage_taken":0,"max_hp_gain":0,"max_hp_loss":0,"event_name":"Scrap Ooze","floor":13,"gold_loss":0},{"damage_healed":0,"gold_gain":0,"player_choice":"Upgraded Two","damage_taken":0,"max_hp_gain":0,"max_hp_loss":0,"event_name":"Designer","floor":21,"gold_loss":40,"cards_upgraded":["Electrodynamics","Strike_B"]}],"is_beta":false,"boss_relics":[{"not_picked":["Snecko Eye","Fusion Hammer"],"picked":"White Beast Statue"}],"items_purged_floors":[],"is_endless":false,"potions_floor_spawned":[4,12,14,18,19,22,23,25],"killed_by":"Snecko","ascension_level":13}