{"gold_per_floor":[116,132,132,147,166,204,204,222,248,248,8,72,72,87,87,208,208,233,249,274,293,318,318,332,332,359,359,359,377,63,78,78,199,199,223,247,372,372,385,385,420,420],"floor_reached":42,"playtime":2170,"items_purged":["Pain"],"score":444,"play_id":"b36d8f8a-4620-470d-bd69-08f2088668c4","local_time":"20190126043044","is_ascension_mode":false,"campfire_choices":[{"floor":7,"key":"RECALL"},{"floor":10,"key":"REST"},{"floor":15,"key":"REST"},{"floor":23,"key":"REST"},{"floor":25,"key":"REST"},{"floor":27,"key":"REST"},{"floor":32,"key":"REST"},{"floor":40,"key":"REST"}],"neow_cost":"NONE","seed_source_timestamp":337542277649300,"circlet_count":0,"master_deck":["Defend_G","Defend_G","Defend_G","Defend_G","Defend_G","Strike_G","Strike_G","Strike_G","Strike_G","Strike_G","Survivor","Neutralize","Deadly Poison","Bouncing Flask","Poisoned Stab","Escape Plan","Apotheosis","Deadly Poison","Dash","Deadly Poison","Poisoned Stab","Bane","Corpse Explosion","Malaise","Escape Plan","Madness","Madness","Backflip","Parasite"],"relics":["Sozu","Golden Idol","Ninja Scroll","Tiny Chest","WarpedTongs","Philosopher\u0027s Stone","Pen Nib","CultistMask","Paper Crane","Black Star","Unceasing Top","Art of War","The Specimen"],"potions_floor_usage":[],"damage_taken":[{"damage":4,"enemies":"Jaw Worm","floor":1,"turns":4},{"damage":0,"enemies":"Cultist","floor":2,"turns":4},{"damage":2,"enemies":"2 Louse","floor":4,"turns":3},{"damage":1,"enemies":"Lots of Slimes","floor":5,"turns":5},{"damage":26,"enemies":"Gremlin Nob","floor":6,"turns":5},{"damage":4,"enemies":"2 Fungi Beasts","floor":8,"turns":3},{"damage":15,"enemies":"Lagavulin","floor":12,"turns":7},{"damage":4,"enemies":"Blue Slaver","floor":14,"turns":2},{"damage":34,"enemies":"Hexaghost","floor":16,"turns":7},{"damage":26,"enemies":"2 Thieves","floor":18,"turns":4},{"damage":4,"enemies":"Chosen","floor":19,"turns":4},{"damage":3,"enemies":"Shelled Parasite and Fungi","floor":20,"turns":5},{"damage":3,"enemies":"Cultist and Chosen","floor":21,"turns":4},{"damage":27,"enemies":"Centurion and Healer","floor":22,"turns":7},{"damage":16,"enemies":"Snake Plant","floor":24,"turns":3},{"damage":13,"enemies":"Snecko","floor":29,"turns":4},{"damage":0,"enemies":"Chosen and Byrds","floor":31,"turns":3},{"damage":32,"enemies":"Automaton","floor":33,"turns":9},{"damage":2,"enemies":"3 Shapes","floor":35,"turns":4},{"damage":3,"enemies":"Orb Walker","floor":36,"turns":5},{"damage":6,"enemies":"Mind Bloom Boss Battle","floor":37,"turns":7},{"damage":10,"enemies":"Transient","floor":39,"turns":5},{"damage":47,"enemies":"Giant Head","floor":41,"turns":9},{"damage":8,"enemies":"Writhing Mass","floor":42,"turns":4}],"seed_played":"-3323012003501708120","potions_obtained":[],"is_trial":false,"path_per_floor":["M","M","?","M","M","E","R","M","T","R","$","E","?","M","R","B",null,"M","M","M","M","M","R","M","R","T","R","?","M","$","M","R","B",null,"M","M","?","?","M","R","E","M"],"character_chosen":"THE_SILENT","items_purchased":["Apotheosis","Deadly Poison","Paper Crane"],"campfire_rested":7,"item_purchase_floors":[11,11,30],"current_hp_per_floor":[66,66,65,63,62,36,36,32,32,51,51,36,36,32,51,17,65,39,35,32,29,2,21,5,24,24,43,43,30,30,30,49,17,65,63,60,54,46,36,55,8,0],"gold":420,"neow_bonus":"BOSS_RELIC","is_prod":false,"is_daily":false,"chose_seed":false,"campfire_upgraded":0,"win_rate":0,"timestamp":1548473444,"path_taken":["M","M","?","M","M","E","R","M","T","R","$","E","?","M","R","BOSS","M","?","M","?","M","R","M","R","T","R","?","?","$","M","R","BOSS","M","M","?","?","M","R","E","M"],"build_version":"2019-01-23","purchased_purges":1,"victory":false,"max_hp_per_floor":[70,70,65,65,65,65,65,65,65,65,65,65,65,65,65,65,65,65,65,65,65,65,65,65,65,65,65,65,65,65,65,65,65,65,65,65,65,65,65,65,65,65],"card_choices":[{"not_picked":["Heel Hook","PiercingWail"],"picked":"Deadly Poison","floor":1},{"not_picked":["Flying Knee","Terror"],"picked":"Bouncing Flask","floor":2},{"not_picked":["Outmaneuver","Blade Dance"],"picked":"Poisoned Stab","floor":4},{"not_picked":["Tools of the Trade","Riddle With Holes","Blur"],"picked":"SKIP","floor":5},{"not_picked":["Dodge and Roll","Distraction","Blur"],"picked":"SKIP","floor":6},{"not_picked":["Setup","Cloak And Dagger"],"picked":"Escape Plan","floor":8},{"not_picked":["Dagger Throw","Die Die Die","Riddle With Holes"],"picked":"SKIP","floor":12},{"not_picked":["Underhanded Strike","Predator","Slice"],"picked":"SKIP","floor":14},{"not_picked":["Cloak And Dagger","Flying Knee+1"],"picked":"Dash","floor":18},{"not_picked":["Dagger Spray","Backstab"],"picked":"Deadly Poison","floor":19},{"not_picked":["Infinite Blades","Accuracy"],"picked":"Poisoned Stab","floor":20},{"not_picked":["Prepared","Sucker Punch","All Out Attack+1"],"picked":"SKIP","floor":21},{"not_picked":["Sucker Punch","PiercingWail+1"],"picked":"Bane","floor":22},{"not_picked":["Sucker Punch+1","Underhanded Strike","Prepared"],"picked":"SKIP","floor":24},{"not_picked":["Prepared+1","Blade Dance"],"picked":"Corpse Explosion","floor":29},{"not_picked":["Deadly Poison","Dodge and Roll","Finisher"],"picked":"SKIP","floor":31},{"not_picked":["Burst","Tools of the Trade"],"picked":"Malaise","floor":33},{"not_picked":["Blur","Leg Sweep","Heel Hook+1"],"picked":"SKIP","floor":35},{"not_picked":["Acrobatics+1","Poisoned Stab+1","All Out Attack"],"picked":"SKIP","floor":36},{"not_picked":["PiercingWail","Backstab+1"],"picked":"Escape Plan","floor":37},{"not_picked":["Dagger Throw+1","Skewer+1"],"picked":"Backflip","floor":39},{"not_picked":["Flechettes+1","Cloak And Dagger","Dagger Spray+1"],"picked":"SKIP","floor":41}],"player_experience":161125,"relics_obtained":[{"floor":6,"key":"Ninja Scroll"},{"floor":12,"key":"Tiny Chest"},{"floor":26,"key":"Pen Nib"},{"floor":37,"key":"Unceasing Top"},{"floor":41,"key":"Art of War"},{"floor":41,"key":"The Specimen"}],"event_choices":[{"damage_healed":0,"gold_gain":0,"player_choice":"Lose Max HP","damage_taken":0,"relics_obtained":["Golden Idol"],"max_hp_gain":0,"max_hp_loss":5,"event_name":"Golden Idol","floor":3,"gold_loss":0},{"damage_healed":0,"gold_gain":0,"player_choice":"Rummage","damage_taken":0,"relics_obtained":["WarpedTongs"],"max_hp_gain":0,"max_hp_loss":0,"event_name":"Accursed Blacksmith","floor":13,"gold_loss":0,"cards_obtained":["Pain"]},{"damage_healed":0,"gold_gain":0,"player_choice":"Trade","damage_taken":0,"relics_obtained":["CultistMask"],"max_hp_gain":0,"max_hp_loss":0,"event_name":"FaceTrader","floor":28,"gold_loss":0},{"damage_healed":0,"gold_gain":0,"player_choice":"Fight","damage_taken":0,"max_hp_gain":0,"max_hp_loss":0,"event_name":"MindBloom","floor":37,"gold_loss":0},{"damage_healed":0,"gold_gain":0,"player_choice":"Embrace Madness","damage_taken":8,"max_hp_gain":0,"max_hp_loss":0,"event_name":"Winding Halls","floor":38,"gold_loss":0,"cards_obtained":["Madness","Madness"]}],"is_beta":true,"boss_relics":[{"not_picked":["Lizard Tail","Busted Crown"],"picked":"Philosopher\u0027s Stone"},{"not_picked":["Orrery","Snecko Eye"],"picked":"Black Star"}],"items_purged_floors":[30],"is_endless":false,"potions_floor_spawned":[1,2,6,12,18,21,24,29,35,39],"killed_by":"Writhing Mass","ascension_level":0}