{"gold_per_floor":[116,116,133,110,127,127,142,174,201,219,239,256,256,206,206,305,305,323,323],"floor_reached":19,"playtime":889,"items_purged":[],"score":274,"play_id":"94e62b08-e69c-4517-b504-a8ce68b5fa9a","local_time":"20181216013206","is_ascension_mode":true,"campfire_choices":[{"data":"Zap","floor":6,"key":"SMITH"},{"data":"Redo","floor":15,"key":"SMITH"}],"neow_cost":"NONE","seed_source_timestamp":10867953331848,"circlet_count":0,"master_deck":["AscendersBane","Strike_B","Strike_B+1","Strike_B+1","Strike_B","Defend_B","Defend_B","Defend_B","Defend_B","Zap+1","Dualcast","Sunder","Darkness","Leap","Redo+1","BootSequence","Loop","Capacitor","Compile Driver","Redo","Amplify","Melter"],"relics":["Cracked Core","NeowsBlessing","Whetstone","Vajra","Cursed Key"],"potions_floor_usage":[],"damage_taken":[{"damage":0,"enemies":"2 Louse","floor":1,"turns":1},{"damage":0,"enemies":"Cultist","floor":3,"turns":1},{"damage":0,"enemies":"Small Slimes","floor":5,"turns":1},{"damage":11,"enemies":"Blue Slaver","floor":7,"turns":4},{"damage":26,"enemies":"Lagavulin","floor":8,"turns":7},{"damage":7,"enemies":"Large Slime","floor":10,"turns":5},{"damage":0,"enemies":"3 Louse","floor":11,"turns":2},{"damage":0,"enemies":"2 Fungi Beasts","floor":12,"turns":3},{"damage":64,"enemies":"Slime Boss","floor":16,"turns":9},{"damage":36,"enemies":"3 Byrds","floor":18,"turns":5},{"damage":23,"enemies":"Shell Parasite","floor":19,"turns":4}],"seed_played":"5051441435802575629","potions_obtained":[{"floor":1,"key":"LiquidBronze"},{"floor":7,"key":"Explosive Potion"},{"floor":10,"key":"Weak Potion"}],"is_trial":false,"path_per_floor":["M","?","M","$","M","R","M","E","T","M","M","M","?","$","R","B",null,"M","M"],"character_chosen":"DEFECT","items_purchased":["Leap","Redo"],"campfire_rested":0,"item_purchase_floors":[4,14],"current_hp_per_floor":[68,68,68,68,68,68,57,31,31,24,24,24,75,75,75,11,59,23,0],"gold":323,"neow_bonus":"THREE_ENEMY_KILL","is_prod":false,"is_daily":false,"chose_seed":false,"campfire_upgraded":2,"win_rate":0,"timestamp":1544898726,"path_taken":["M","?","M","$","?","R","M","E","T","M","M","M","?","?","R","BOSS","M","M"],"build_version":"2018-12-13","purchased_purges":0,"victory":false,"max_hp_per_floor":[75,75,75,75,75,75,75,75,75,75,75,75,75,75,75,75,75,75,75],"card_choices":[{"not_picked":["Tempest","Sweeping Beam"],"picked":"Sunder","floor":1},{"not_picked":["Beam Cell","Turbo"],"picked":"Darkness","floor":3},{"not_picked":["Beam Cell","Reprogram"],"picked":"Redo","floor":5},{"not_picked":["Rip and Tear","Chill"],"picked":"BootSequence","floor":7},{"not_picked":["Force Field","Creative AI"],"picked":"Loop","floor":8},{"not_picked":["Barrage","Hologram"],"picked":"Capacitor","floor":10},{"not_picked":["Hologram","Leap"],"picked":"Compile Driver","floor":11},{"not_picked":["Hologram","Chill"],"picked":"BootSequence","floor":12},{"not_picked":["Hyperbeam","Fission"],"picked":"Amplify","floor":16},{"not_picked":["Hologram","Coolheaded"],"picked":"Melter","floor":18}],"player_experience":238333,"relics_obtained":[{"floor":8,"key":"Whetstone"},{"floor":9,"key":"Vajra"}],"event_choices":[{"damage_healed":0,"gold_gain":0,"player_choice":"Bought 0 Potions","damage_taken":0,"max_hp_gain":0,"max_hp_loss":0,"event_name":"The Woman in Blue","floor":2,"gold_loss":0},{"cards_removed":["BootSequence"],"damage_healed":51,"gold_gain":0,"player_choice":"Offered Uncommon","damage_taken":0,"max_hp_gain":0,"max_hp_loss":0,"event_name":"Bonfire Elementals","floor":13,"gold_loss":0}],"is_beta":false,"boss_relics":[{"not_picked":["Philosopher\u0027s Stone","Empty Cage"],"picked":"Cursed Key"}],"items_purged_floors":[],"is_endless":false,"potions_floor_spawned":[1,7,8,10,18],"killed_by":"Shell Parasite","ascension_level":12}