{"path_per_floor":["M","?","M","M","?","R","E","M","T","M","R","T","$","M","R","B",null,"M","M","M","?","?","R","M","M","T","M","R","M"],"character_chosen":"IRONCLAD","items_purchased":["Iron Wave"],"gold_per_floor":[19,94,104,118,118,118,147,161,186,202,202,255,131,150,150,225,225,239,252,265,188,113,113,126,144,144,158,158,168,168],"floor_reached":30,"campfire_rested":4,"playtime":1358,"current_hp_per_floor":[64,53,52,52,47,47,23,29,29,29,56,56,56,48,78,53,89,73,62,51,51,51,84,53,50,50,20,57,48,0],"items_purged":["Strike_R"],"gold":168,"score":463,"play_id":"ba98a42f-0322-4a44-823e-21dd6fbaea80","local_time":"20180503183338","is_prod":false,"is_daily":false,"chose_seed":false,"is_ascension_mode":true,"campfire_upgraded":1,"timestamp":1525390418,"path_taken":["M","?","M","?","?","R","E","M","T","M","R","?","?","?","R","BOSS","M","M","M","?","?","R","M","M","T","?","R","M","M"],"build_version":"2018-04-28v2","seed_source_timestamp":2702429340090688,"purchased_purges":1,"victory":false,"master_deck":["Strike_R","Strike_R","Strike_R","Strike_R","Defend_R","Defend_R","Defend_R","Bash","AscendersBane","Feed+1","Evolve","Wild Strike","Dual Wield","Spot Weakness","Power Through","Pummel","Ghostly Armor","Shockwave","Iron Wave","Fiend Fire","Warcry+1","True Grit+1","J.A.X.","Inflame+1","Dropkick","Heavy Blade+1","Armaments"],"max_hp_per_floor":[78,78,81,81,81,81,85,89,89,93,93,93,93,101,101,101,101,101,105,113,113,113,113,117,121,121,125,125,125,125],"relics":["Burning Blood","Prayer Wheel","Orichalcum","Omamori","Happy Flower","Mark of Pain","Smiling Mask"],"card_choices":[{"not_picked":["Demon Form","Berserk"],"picked":"Feed","floor":0},{"not_picked":["Clothesline","Rupture"],"picked":"Evolve","floor":1},{"not_picked":["Headbutt","Armaments"],"picked":"Wild Strike","floor":3},{"not_picked":["Anger","Clash"],"picked":"Dual Wield","floor":4},{"not_picked":["Warcry","Dark Embrace"],"picked":"Spot Weakness","floor":7},{"not_picked":["Havoc","Cleave"],"picked":"Power Through","floor":8},{"not_picked":["Disarm","Sword Boomerang"],"picked":"Pummel","floor":9},{"not_picked":["Disarm","Anger"],"picked":"Ghostly Armor","floor":10},{"not_picked":["Body Slam","Evolve"],"picked":"Shockwave","floor":12},{"not_picked":["Berserk","Offering"],"picked":"Fiend Fire","floor":16},{"not_picked":["Shrug It Off","Searing Blow"],"picked":"Warcry","floor":19},{"not_picked":["Thunderclap","Warcry"],"picked":"True Grit","floor":20},{"not_picked":["Clothesline","Cleave"],"picked":"Inflame","floor":24},{"not_picked":["Pommel Strike","Flex"],"picked":"Dropkick","floor":25},{"not_picked":["Spot Weakness","Perfected Strike"],"picked":"Heavy Blade","floor":27},{"not_picked":["Clash","Hemokinesis"],"picked":"Armaments","floor":29}],"player_experience":308575,"potions_floor_usage":[8,10,20,25,27,27],"damage_taken":[{"damage":13,"enemies":"Small Slimes","floor":1,"turns":5},{"damage":10,"enemies":"Jaw Worm","floor":3,"turns":6},{"damage":6,"enemies":"Cultist","floor":4,"turns":4},{"damage":34,"enemies":"3 Sentries","floor":7,"turns":9},{"damage":4,"enemies":"Gremlin Gang","floor":8,"turns":3},{"damage":10,"enemies":"3 Louse","floor":10,"turns":3},{"damage":22,"enemies":"Large Slime","floor":14,"turns":10},{"damage":31,"enemies":"Slime Boss","floor":16,"turns":11},{"damage":22,"enemies":"Spheric Guardian","floor":18,"turns":5},{"damage":21,"enemies":"2 Thieves","floor":19,"turns":4},{"damage":25,"enemies":"3 Cultists","floor":20,"turns":7},{"damage":41,"enemies":"Snake Plant","floor":24,"turns":7},{"damage":13,"enemies":"Centurion and Healer","floor":25,"turns":4},{"damage":52,"enemies":"Sentry and Sphere","floor":27,"turns":7},{"damage":15,"enemies":"Snake Plant","floor":29,"turns":3},{"damage":49,"enemies":"Chosen and Byrds","floor":30,"turns":5}],"event_choices":[{"event_name":"World of Goop","player_choice":"Gather Gold","floor":2,"damage_taken":0},{"event_name":"Scrap Ooze","player_choice":"success","floor":5,"damage_taken":5},{"event_name":"Drug Dealer","player_choice":"Got JAXXED","floor":21,"damage_taken":0},{"event_name":"Beggar","player_choice":"Gave Gold","floor":22,"damage_taken":0}],"boss_relics":[{"not_picked":["Pandora\u0027s Box","Eternal Feather"],"picked":"Mark of Pain"}],"potions_floor_spawned":[4,7,8,16,18,24],"seed_played":"-8342514913374414343","killed_by":"Chosen and Byrds","ascension_level":15,"is_trial":false}