{"gold_per_floor":[116,134,134,134,151,151,165,165,243,243,278,278,305,316,316,392,392,407,422,28,28,28],"floor_reached":22,"playtime":730,"items_purged":["Strike_B"],"score":369,"play_id":"89ad8394-15d7-47a0-83c6-6fec9f6af4b8","local_time":"20181014124845","is_ascension_mode":true,"campfire_choices":[{"data":"Zap","floor":6,"key":"SMITH"},{"data":"Sweeping Beam","floor":8,"key":"SMITH"},{"data":"Conserve Battery","floor":10,"key":"SMITH"},{"floor":15,"key":"REST"}],"neow_cost":"TEN_PERCENT_HP_LOSS","seed_source_timestamp":563856018785575,"circlet_count":0,"master_deck":["Strike_B","Strike_B","Strike_B","Defend_B","Defend_B","Defend_B","Defend_B","Zap+1","Dualcast","AscendersBane","Sweeping Beam+1","Sunder+1","Gash","Conserve Battery+1","Turbo+1","Cold Snap","Ball Lightning","Electrodynamics","FTL+1","White Noise+1","Mayhem","Self Repair","Writhe"],"relics":["Cracked Core","Du-Vu Doll","Bottled Flame","Oddly Smooth Stone","Bird Faced Urn","Runic Pyramid","Mercury Hourglass"],"potions_floor_usage":[13,16,22,22],"damage_taken":[{"damage":0,"enemies":"Cultist","floor":1,"turns":3},{"damage":5,"enemies":"2 Louse","floor":2,"turns":3},{"damage":7,"enemies":"Jaw Worm","floor":5,"turns":2},{"damage":6,"enemies":"2 Fungi Beasts","floor":7,"turns":2},{"damage":20,"enemies":"3 Sentries","floor":11,"turns":5},{"damage":11,"enemies":"Lagavulin","floor":13,"turns":7},{"damage":0,"enemies":"Looter","floor":14,"turns":2},{"damage":14,"enemies":"Hexaghost","floor":16,"turns":7},{"damage":25,"enemies":"Shell Parasite","floor":18,"turns":4},{"damage":0,"enemies":"Spheric Guardian","floor":19,"turns":3},{"damage":11,"enemies":"Colosseum Slavers","floor":22,"turns":3},{"damage":52,"enemies":"Colosseum Nobs","floor":22,"turns":3}],"seed_played":"-8530161596004297448","potions_obtained":[{"floor":1,"key":"Strength Potion"},{"floor":2,"key":"FocusPotion"},{"floor":14,"key":"Strength Potion"},{"floor":19,"key":"Block Potion"}],"is_trial":false,"path_per_floor":["M","M","?","?","M","R","M","R","T","R","E","?","E","M","R","B",null,"M","M","$","?"],"character_chosen":"DEFECT","items_purchased":["Mayhem","Self Repair"],"campfire_rested":1,"item_purchase_floors":[20,20],"current_hp_per_floor":[64,59,59,59,52,52,46,46,46,46,26,26,15,15,34,20,53,28,30,30,30,0],"gold":28,"neow_bonus":"ONE_RARE_RELIC","is_prod":false,"is_daily":false,"chose_seed":false,"campfire_upgraded":3,"win_rate":0,"timestamp":1539535725,"path_taken":["M","M","?","?","M","R","M","R","T","R","E","?","E","M","R","BOSS","M","M","$","?","?"],"build_version":"2018-10-11","purchased_purges":1,"victory":false,"max_hp_per_floor":[64,64,64,64,64,64,64,64,64,64,64,64,64,64,64,64,64,64,64,64,64,64],"card_choices":[{"not_picked":["Steam Power","Compile Driver"],"picked":"Sweeping Beam","floor":1},{"not_picked":["Barrage","Coolheaded"],"picked":"Sunder","floor":2},{"not_picked":["Consume","Blizzard"],"picked":"Gash","floor":5},{"not_picked":["Leap","Sweeping Beam"],"picked":"Conserve Battery","floor":7},{"not_picked":["Compile Driver","Coolheaded"],"picked":"Turbo","floor":11},{"not_picked":["Stack","Redo"],"picked":"Cold Snap","floor":13},{"not_picked":["Sweeping Beam","Steam"],"picked":"Ball Lightning","floor":14},{"not_picked":["Reboot","Fission"],"picked":"Electrodynamics","floor":16},{"not_picked":["Leap","Steam"],"picked":"FTL+1","floor":18},{"not_picked":["Redo","Loop"],"picked":"White Noise+1","floor":19}],"player_experience":563543,"relics_obtained":[{"floor":9,"key":"Bottled Flame"},{"floor":11,"key":"Oddly Smooth Stone"},{"floor":13,"key":"Bird Faced Urn"}],"event_choices":[{"event_name":"Living Wall","player_choice":"Grow","floor":3,"damage_taken":0},{"event_name":"Liars Game","player_choice":"disagreed","floor":4,"damage_taken":0},{"event_name":"Upgrade Shrine","player_choice":"Upgraded","floor":12,"damage_taken":0},{"event_name":"The Mausoleum","player_choice":"Yes","floor":21,"damage_taken":0},{"event_name":"Colosseum","player_choice":"Fight","floor":22,"damage_taken":0},{"event_name":"Colosseum","player_choice":"Fought Nobs","floor":22,"damage_taken":0}],"is_beta":false,"boss_relics":[{"not_picked":["Eternal Feather","Cursed Key"],"picked":"Runic Pyramid"}],"items_purged_floors":[20],"is_endless":false,"potions_floor_spawned":[1,2,5,14,19],"killed_by":"Colosseum Nobs","ascension_level":18}