{"gold_per_floor":[112,112,112,133,147,186,186,210,235,314,349,364,364,403,403,531,531,554,578,602,125,159,159,190,190,190,215,215,233,274,274,274,274],"floor_reached":33,"playtime":1601,"items_purged":[],"score":473,"play_id":"cbcaa3ac-d44f-48b5-a649-a777e8c8ba95","local_time":"20180811005003","is_ascension_mode":true,"campfire_choices":[{"floor":7,"key":"REST"},{"floor":13,"key":"REST"},{"floor":15,"key":"REST"},{"floor":23,"key":"REST"},{"data":"Self Repair","floor":25,"key":"SMITH"},{"data":"Beam Cell","floor":32,"key":"SMITH"}],"neow_cost":"PERCENT_DAMAGE","seed_source_timestamp":525213514576022,"circlet_count":0,"master_deck":["Strike_B","Strike_B","Strike_B","Strike_B","Defend_B+1","Defend_B","Defend_B","Defend_B","Zap","Dualcast","AscendersBane","Stack","Injury","Sweeping Beam","Glacier+1","Biased Cognition","Redo","Beam Cell+1","Undo","Barrage","Core Surge","Go for the Eyes","Undo+1","Mind Blast","Self Repair+1","Compile Driver+1","Beam Cell+1","Reinforced Body","Mind Blast"],"relics":["Cracked Core","Gambling Chip","Blood Vial","Golden Idol","Ancient Tea Set","War Paint","Ornamental Fan","Vajra","Mercury Hourglass","Velvet Choker","DataDisk","Oddly Smooth Stone","Red Mask","Anchor","Turnip","Cables"],"potions_floor_usage":[6,16,22,30,33],"damage_taken":[{"damage":2,"enemies":"Small Slimes","floor":1,"turns":4},{"damage":3,"enemies":"2 Louse","floor":4,"turns":3},{"damage":4,"enemies":"Jaw Worm","floor":5,"turns":3},{"damage":29,"enemies":"Gremlin Nob","floor":6,"turns":5},{"damage":0,"enemies":"2 Fungi Beasts","floor":8,"turns":3},{"damage":30,"enemies":"Lagavulin Event","floor":10,"turns":8},{"damage":9,"enemies":"Lagavulin","floor":11,"turns":6},{"damage":0,"enemies":"Looter","floor":12,"turns":4},{"damage":8,"enemies":"3 Sentries","floor":14,"turns":9},{"damage":13,"enemies":"Slime Boss","floor":16,"turns":11},{"damage":1,"enemies":"3 Byrds","floor":18,"turns":3},{"damage":0,"enemies":"2 Thieves","floor":19,"turns":3},{"damage":34,"enemies":"Centurion and Healer","floor":20,"turns":6},{"damage":0,"floor":22,"turns":3},{"damage":18,"enemies":"Book of Stabbing","floor":24,"turns":6},{"damage":1,"enemies":"Sentry and Sphere","floor":27,"turns":5},{"damage":18,"enemies":"Snecko","floor":29,"turns":4},{"damage":4,"enemies":"Gremlin Leader","floor":30,"turns":5},{"damage":91,"enemies":"Automaton","floor":33,"turns":12}],"seed_played":"-3934034663370628051","potions_obtained":[{"floor":1,"key":"Block Potion"},{"floor":6,"key":"SpeedPotion"},{"floor":8,"key":"Dexterity Potion"},{"floor":11,"key":"GamblersBrew"},{"floor":20,"key":"Explosive Potion"},{"floor":22,"key":"EssenceOfSteel"},{"floor":24,"key":"FocusPotion"}],"is_trial":false,"path_per_floor":["M","?","?","M","M","E","R","M","T","?","E","M","R","E","R","B",null,"M","M","M","$","?","R","E","R","T","M","?","M","E","?","R"],"character_chosen":"DEFECT","items_purchased":["DataDisk","Mind Blast","Oddly Smooth Stone","Self Repair"],"campfire_rested":4,"item_purchase_floors":[21,21,21,21],"current_hp_per_floor":[48,45,45,44,42,15,37,39,39,11,4,6,28,22,44,33,65,66,68,36,36,45,67,51,51,51,62,75,57,65,65,65,0],"gold":274,"neow_bonus":"ONE_RARE_RELIC","is_prod":false,"is_daily":false,"chose_seed":false,"campfire_upgraded":2,"win_rate":0,"timestamp":1533963003,"path_taken":["M","?","?","M","M","E","R","M","T","?","E","?","R","E","R","BOSS","M","M","M","$","?","R","E","R","T","M","?","M","E","?","R","BOSS"],"build_version":"2018-08-09","purchased_purges":0,"victory":false,"max_hp_per_floor":[75,75,75,75,75,75,75,75,75,75,75,75,75,75,75,75,75,75,75,75,75,75,75,75,75,75,75,75,75,75,75,75,75],"card_choices":[{"not_picked":["Capacitor","Reinforced Body"],"picked":"Stack","floor":1},{"not_picked":["Redo","Cold Snap"],"picked":"Sweeping Beam","floor":4},{"not_picked":["Gash","Tempest"],"picked":"Glacier","floor":5},{"not_picked":["Conserve Battery","Steam"],"picked":"Biased Cognition","floor":6},{"not_picked":["Streamline","Turbo"],"picked":"Redo","floor":8},{"not_picked":["Blizzard","Cold Snap"],"picked":"Beam Cell","floor":10},{"not_picked":["Reprogram","Turbo"],"picked":"Undo","floor":11},{"not_picked":["Streamline","Reprogram","Biased Cognition"],"picked":"SKIP","floor":12},{"not_picked":["Leap","Gash"],"picked":"Barrage","floor":14},{"not_picked":["Reboot","Seek"],"picked":"Core Surge","floor":16},{"not_picked":["Beam Cell","Chill"],"picked":"Go for the Eyes","floor":18},{"not_picked":["Rebound","Glacier","BootSequence"],"picked":"SKIP","floor":19},{"not_picked":["Chill","Coolheaded"],"picked":"Undo+1","floor":20},{"not_picked":["Steam+1","Heatsinks"],"picked":"Compile Driver+1","floor":22},{"not_picked":["Coolheaded","Sunder","Storm"],"picked":"SKIP","floor":24},{"not_picked":["Stack+1","Consume+1"],"picked":"Beam Cell+1","floor":27},{"not_picked":["Self Repair+1","Leap+1"],"picked":"Reinforced Body","floor":29},{"not_picked":["Barrage","Steam+1","Undo"],"picked":"SKIP","floor":30}],"player_experience":448496,"relics_obtained":[{"floor":6,"key":"Ancient Tea Set"},{"floor":9,"key":"War Paint"},{"floor":10,"key":"Ornamental Fan"},{"floor":11,"key":"Vajra"},{"floor":14,"key":"Mercury Hourglass"},{"floor":22,"key":"Red Mask"},{"floor":24,"key":"Anchor"},{"floor":26,"key":"Turnip"},{"floor":30,"key":"Cables"}],"event_choices":[{"event_name":"Scrap Ooze","player_choice":"success","floor":2,"damage_taken":3},{"event_name":"Golden Idol","player_choice":"Take Wound","floor":3,"damage_taken":0},{"event_name":"Dead Adventurer","player_choice":"Searched \u00271\u0027 times","floor":10,"damage_taken":0},{"event_name":"Masked Bandits","player_choice":"Fought Bandits","floor":22,"damage_taken":0},{"event_name":"The Library","player_choice":"Heal","floor":28,"damage_taken":0},{"event_name":"Duplicator","player_choice":"One dupe","floor":31,"damage_taken":0}],"is_beta":false,"boss_relics":[{"not_picked":["Eternal Feather","Coffee Dripper"],"picked":"Velvet Choker"}],"items_purged_floors":[],"is_endless":false,"potions_floor_spawned":[1,6,8,11,14,20,22,24,27],"killed_by":"Automaton","ascension_level":11}