{"path_per_floor":["M","?","?","$","?","R","E","M","T","$","M","M","E","?","R","B",null,"M","?","$","T","M","R","$","M","T","R","$","R","M","E","R","B",null,"M","?","M","$","M","R"],"character_chosen":"THE_SILENT","items_purchased":["Dagger Throw","Noxious Fumes","Oddly Smooth Stone"],"gold_per_floor":[115,115,115,15,265,265,294,311,341,11,26,44,74,74,74,172,172,183,183,58,58,77,77,77,96,120,120,120,120,130,162,162,265,265,277,277,290,140,151,151],"floor_reached":41,"campfire_rested":2,"playtime":1912,"current_hp_per_floor":[62,48,48,48,48,48,11,11,11,11,10,10,8,8,29,29,70,55,55,55,55,33,41,41,41,48,56,56,64,42,23,54,2,77,65,65,65,65,53,61],"items_purged":["Decay","Regret","Doubt","Parasite"],"gold":151,"score":500,"play_id":"bfefbfbf-3376-4b6b-98f6-ddca5ad3ba6e","local_time":"20180304171551","is_prod":false,"is_daily":false,"is_ascension_mode":true,"campfire_upgraded":2,"timestamp":1520205351,"path_taken":["M","?","?","$","?","R","E","?","T","$","M","M","E","?","R","BOSS","M","?","$","?","?","R","?","M","T","R","$","R","M","E","R","BOSS","M","?","?","$","M","R","E"],"build_version":"2018-03-01-PROD1","purchased_purges":4,"victory":false,"master_deck":["Defend_G","Defend_G","Defend_G","Defend_G","Defend_G","Strike_G","Strike_G+1","Strike_G","Strike_G","Strike_G","Survivor","Neutralize+1","Malaise+1","Dagger Throw","Tools of the Trade","Noxious Fumes","Accuracy","Poisoned Stab","Tactician","Cloak And Dagger+1","Underhanded Strike","After Image+1","PiercingWail+1","Noxious Fumes+1"],"max_hp_per_floor":[70,70,70,70,70,70,70,70,70,70,70,70,70,70,70,70,70,70,70,70,70,70,70,70,70,77,77,77,77,77,77,77,77,77,77,77,77,74,74,74],"relics":["Calling Bell","Vajra","Kunai","Snake Skull","Ninja Scroll","Tiny Chest","Oddly Smooth Stone","Du-Vu Doll","Eternal Feather","Girya","Strawberry","Art of War","The Specimen"],"card_choices":[{"not_picked":["Dash","Sucker Punch"],"picked":"Malaise"},{"not_picked":["Outmaneuver","Dodge and Roll"],"picked":"Tools of the Trade"},{"not_picked":["Dagger Spray","Poisoned Stab"],"picked":"Accuracy"},{"not_picked":["Masterful Stab","Slice"],"picked":"Poisoned Stab"},{"not_picked":["Doppelganger","Grand Finale"],"picked":"Tactician"},{"not_picked":["Accuracy","Malaise"],"picked":"Cloak And Dagger"},{"not_picked":["Caltrops","Poisoned Stab"],"picked":"Underhanded Strike"},{"not_picked":["Malaise","Underhanded Strike"],"picked":"Heel Hook"},{"not_picked":["Phantasmal Killer","Doppelganger"],"picked":"After Image"},{"not_picked":["Deadly Poison","Sucker Punch"],"picked":"PiercingWail"},{"not_picked":["Masterful Stab","Accuracy"],"picked":"Noxious Fumes"}],"player_experience":170438,"potions_floor_usage":[7,13,16,16,18,25,33,39,39,41],"damage_taken":[{"damage":8,"enemies":"2 Louse","floor":1,"turns":3},{"damage":37,"enemies":"Gremlin Nob","floor":7,"turns":7},{"damage":0,"enemies":"Small Slimes","floor":8,"turns":3},{"damage":1,"enemies":"Jaw Worm","floor":11,"turns":2},{"damage":0,"enemies":"Large Slime","floor":12,"turns":6},{"damage":2,"enemies":"3 Sentries","floor":13,"turns":5},{"damage":0,"enemies":"Hexaghost","floor":16,"turns":9},{"damage":15,"enemies":"2 Thieves","floor":18,"turns":3},{"damage":22,"enemies":"Spheric Guardian","floor":22,"turns":4},{"damage":0,"enemies":"Snake Plant","floor":25,"turns":7},{"damage":22,"enemies":"Cultist and Chosen","floor":30,"turns":7},{"damage":19,"enemies":"Gremlin Leader","floor":31,"turns":5},{"damage":52,"enemies":"Automaton","floor":33,"turns":10},{"damage":12,"enemies":"Orb Walker","floor":35,"turns":3},{"damage":0,"enemies":"3 Shapes","floor":37,"turns":4},{"damage":12,"enemies":"Sphere and 2 Shapes","floor":39,"turns":6},{"damage":87,"enemies":"Giant Head","floor":41,"turns":9}],"event_choices":[{"event_name":"Shining Light","player_choice":"Entered Light","floor":2,"damage_taken":0},{"event_name":"The Woman in Blue","player_choice":"Bought 0 Potions","floor":3,"damage_taken":0},{"event_name":"Golden Shrine","player_choice":"Desecrate","floor":5,"damage_taken":0},{"event_name":"The Lab","player_choice":"Got Potions","floor":14,"damage_taken":0},{"event_name":"Drug Dealer","player_choice":"Ignored","floor":19,"damage_taken":0}],"boss_relics":[{"not_picked":["Runic Dome","Snecko Eye"],"picked":"Eternal Feather"},{"not_picked":["Tiny House","Runic Pyramid"],"picked":"The Specimen"}],"potions_floor_spawned":[1,7,8,13,16,25,31,35,39],"seed_played":"9096221978982920724","killed_by":"Giant Head","ascension_level":4,"is_trial":false}