{"gold_per_floor":[111,127,202,202,219,253,253,278,278,278],"floor_reached":10,"playtime":353,"items_purged":[],"score":152,"play_id":"ad8340a5-a5df-4e93-8887-3af538174bde","local_time":"20181211113549","is_ascension_mode":true,"campfire_choices":[{"floor":7,"key":"REST"}],"neow_cost":"NONE","seed_source_timestamp":1468300146078166,"circlet_count":0,"master_deck":["AscendersBane","Strike_R","Strike_R","Strike_R","Strike_R","Strike_R","Defend_R","Defend_R+1","Defend_R+1","Defend_R","Bash","Shrug It Off","Perfected Strike","Clash","Twin Strike","Armaments+1"],"relics":["Burning Blood","NeowsBlessing","Toxic Egg 2","Sundial","Mummified Hand"],"potions_floor_usage":[6,6,10],"damage_taken":[{"damage":0,"enemies":"Cultist","floor":1,"turns":1},{"damage":0,"enemies":"Jaw Worm","floor":2,"turns":1},{"damage":0,"enemies":"Small Slimes","floor":5,"turns":1},{"damage":45,"enemies":"Gremlin Nob","floor":6,"turns":5},{"damage":23,"enemies":"3 Sentries","floor":8,"turns":10},{"damage":8,"enemies":"Gremlin Nob","floor":10,"turns":3}],"seed_played":"2384757967923032742","potions_obtained":[{"floor":1,"key":"EssenceOfSteel"},{"floor":5,"key":"EntropicBrew"}],"is_trial":false,"path_per_floor":["M","M","?","?","M","E","R","E","T","E"],"character_chosen":"IRONCLAD","items_purchased":[],"campfire_rested":1,"item_purchase_floors":[],"current_hp_per_floor":[74,75,64,41,47,8,30,13,13,5],"gold":278,"neow_bonus":"THREE_ENEMY_KILL","is_prod":false,"is_daily":false,"chose_seed":false,"campfire_upgraded":0,"win_rate":0,"timestamp":1544546149,"path_taken":["M","M","?","?","M","E","R","E","T","E"],"build_version":"2018-12-06","purchased_purges":0,"victory":false,"max_hp_per_floor":[75,75,75,75,75,75,75,75,75,75],"card_choices":[{"not_picked":["Second Wind","Heavy Blade"],"picked":"Shrug It Off","floor":1},{"not_picked":["Heavy Blade","Flame Barrier"],"picked":"Perfected Strike","floor":2},{"not_picked":["Dropkick","Cleave"],"picked":"Clash","floor":5},{"not_picked":["Thunderclap","Hemokinesis"],"picked":"Twin Strike","floor":6},{"not_picked":["Dark Embrace","Intimidate+1"],"picked":"Armaments+1","floor":8}],"player_experience":678197,"relics_obtained":[{"floor":6,"key":"Toxic Egg 2"},{"floor":8,"key":"Sundial"},{"floor":9,"key":"Mummified Hand"}],"event_choices":[{"damage_healed":0,"gold_gain":75,"player_choice":"Gather Gold","damage_taken":11,"max_hp_gain":0,"max_hp_loss":0,"event_name":"World of Goop","floor":3,"gold_loss":0},{"damage_healed":0,"gold_gain":0,"player_choice":"Entered Light","damage_taken":23,"max_hp_gain":0,"max_hp_loss":0,"event_name":"Shining Light","floor":4,"gold_loss":0,"cards_upgraded":["Defend_R","Defend_R"]}],"is_beta":false,"boss_relics":[],"items_purged_floors":[],"is_endless":false,"potions_floor_spawned":[1,5,8],"killed_by":"Gremlin Nob","ascension_level":20}