{"path_per_floor":["M","?","M","?","?","R","M","R","T","R","M","?","?","$","R","B",null,"M","M","?","M","$","E","?","M","T","M","R","M","M","M","R","B",null,"M","M","$","?","?","R","?","R","T","M","?","M","M","M","R","B"],"character_chosen":"IRONCLAD","items_purchased":["Spot Weakness","Mercury Hourglass","War Paint","Dark Shackles"],"gold_per_floor":[114,114,124,124,124,124,141,141,141,141,154,154,154,23,23,120,120,138,152,402,422,21,49,49,61,61,81,81,99,119,134,134,236,236,250,269,130,130,185,185,185,185,185,205,0,17,36,55,55,55],"floor_reached":51,"campfire_rested":4,"playtime":4070,"current_hp_per_floor":[83,83,86,86,74,74,75,75,75,75,80,80,80,80,80,38,98,95,68,68,63,63,51,51,48,48,58,94,83,87,85,122,78,130,116,113,113,113,96,137,137,147,147,145,145,124,128,136,156,98],"items_purged":["Regret","Injury"],"gold":55,"play_id":"0327fcd3-b76a-4f78-b01a-9e16ea1ae7fe","is_prod":false,"is_daily":false,"campfire_rituals":0,"campfire_upgraded":4,"is_hardmode":false,"path_taken":["M","?","M","?","?","R","?","R","T","R","?","?","?","$","R","BOSS","M","?","?","M","$","E","?","M","T","M","R","?","M","?","R","BOSS","M","M","$","?","?","R","?","R","T","?","?","M","M","?","R","BOSS"],"build_version":"2018-01-04-PROD1","purchased_purges":2,"victory":true,"master_deck":["Strike_R","Strike_R","Strike_R","Strike_R","Strike_R","Defend_R","Defend_R","Defend_R","Defend_R","Bash","Feed","Spot Weakness","Heavy Blade","Metallicize","Spot Weakness","Demon Form","Armaments","Dual Wield","Metallicize","Intimidate","Infernal Blade","Pummel","Reaper","Clumsy","Headbutt","Dark Shackles","Thunderclap","Decay","Heavy Blade","Shockwave","Double Tap"],"max_hp_per_floor":[83,83,86,86,86,86,90,90,90,90,94,94,94,94,94,98,98,102,106,106,110,110,114,114,118,118,122,122,122,122,126,126,130,130,130,134,134,134,138,138,138,148,148,148,148,152,152,156,156,160],"relics":["Burning Blood","Smiling Mask","Ancient Tea Set","Shuriken","Cursed Key","Mercury Hourglass","War Paint","Bag of Preparation","Du-Vu Doll","White Beast Statue","Shovel","Pear","Meat on the Bone","Red Mask"],"campfire_meditates":0,"card_choices":[{"not_picked":["Fire Breathing","Thunderclap"],"picked":"Spot Weakness"},{"not_picked":["Flex","Battle Trance"],"picked":"Heavy Blade"},{"not_picked":["Clothesline","Burning Pact"],"picked":"Metallicize"},{"not_picked":["Feed","Berserk"],"picked":"Demon Form"},{"not_picked":["Clothesline","Perfected Strike"],"picked":"Armaments"},{"not_picked":["Blood for Blood","Heavy Blade"],"picked":"Dual Wield"},{"not_picked":["Sword Boomerang","Clash"],"picked":"Metallicize"},{"not_picked":["Rupture","Dropkick"],"picked":"Intimidate"},{"not_picked":["Shrug It Off","Thunderclap"],"picked":"Berserk"},{"not_picked":["Body Slam","Sentinel"],"picked":"Infernal Blade"},{"not_picked":["Pommel Strike","Armaments"],"picked":"Pummel"},{"not_picked":["Immolate","Barricade"],"picked":"Reaper"},{"not_picked":["Dual Wield","Clash"],"picked":"Headbutt"},{"not_picked":["Cleave","Searing Blow"],"picked":"Thunderclap"},{"not_picked":["Iron Wave","Dropkick"],"picked":"Heavy Blade"},{"not_picked":["Twin Strike","Dropkick"],"picked":"Shockwave"},{"not_picked":["Seeing Red","Armaments"],"picked":"Double Tap"}],"player_experience":72456,"potions_floor_usage":[16,21,23,27,27,31,33,33,39,46,47,47,50,50],"damage_taken":[{"damage":2,"enemies":"Small Slimes","floor":1,"turns":4},{"damage":3,"enemies":"2 Louse","floor":3,"turns":3},{"damage":9,"enemies":"Blue Slaver","floor":7,"turns":4},{"damage":5,"enemies":"Looter","floor":11,"turns":2},{"damage":52,"enemies":"The Guardian","floor":16,"turns":12},{"damage":13,"enemies":"Chosen","floor":18,"turns":5},{"damage":37,"enemies":"2 Thieves","floor":19,"turns":4},{"damage":27,"enemies":"Centurion and Healer","floor":21,"turns":7},{"damage":22,"enemies":"Gremlin Leader","floor":23,"turns":8},{"damage":13,"enemies":"3 Cultists","floor":25,"turns":6},{"damage":0,"enemies":"Slaver and Parasite","floor":27,"turns":3},{"damage":17,"enemies":"Snake Plant","floor":29,"turns":3},{"damage":2,"enemies":"Snecko","floor":30,"turns":9},{"damage":12,"enemies":"3 Cultists","floor":31,"turns":5},{"damage":54,"enemies":"Champ","floor":33,"turns":8},{"damage":20,"enemies":"Orb Walker","floor":35,"turns":4},{"damage":13,"enemies":"3 Shapes","floor":36,"turns":5},{"damage":48,"enemies":"Mysterious Sphere","floor":39,"turns":6},{"damage":8,"enemies":"3 Darklings","floor":44,"turns":4},{"damage":43,"enemies":"Sphere and 2 Shapes","floor":46,"turns":6},{"damage":26,"enemies":"4 Shapes","floor":47,"turns":5},{"damage":2,"enemies":"3 Darklings","floor":48,"turns":5},{"damage":80,"enemies":"Awakened One","floor":50,"turns":9}],"event_choices":[{"event_name":"The Cleric","player_choice":"Leave","floor":2,"damage_taken":0},{"event_name":"The Lab","player_choice":"Got Potions","floor":4,"damage_taken":0},{"event_name":"Scrap Ooze","player_choice":"success","floor":5,"damage_taken":12},{"event_name":"Living Wall","player_choice":"Grow","floor":12,"damage_taken":0},{"event_name":"Big Fish","player_choice":"Box","floor":13,"damage_taken":0},{"event_name":"Golden Shrine","player_choice":"Desecrate","floor":20,"damage_taken":0},{"event_name":"Back to Basics","player_choice":"Elegance","floor":24,"damage_taken":0},{"event_name":"Mysterious Sphere","player_choice":"Fight","floor":39,"damage_taken":0},{"event_name":"The Woman in Blue","player_choice":"Bought 0 Potions","floor":41,"damage_taken":0},{"event_name":"Tomb of Lord Red Mask","player_choice":"Paid","floor":45,"damage_taken":0}],"boss_relics":[{"not_picked":["Tiny House","Calling Bell"],"picked":"Cursed Key"},{"not_picked":["Snecko Eye","Astrolabe"],"picked":"White Beast Statue"}],"potions_floor_spawned":[1,7,16,21,25,27,29,30,31,35,36,39,44,46,47,48],"seed_played":"7912164551887348846","is_trial":false}