{"gold_per_floor":[110,110,125,125,137,137,149,149,172,172,186,196,215,81,81,159,159,177,177,177,197,197,197,197],"floor_reached":24,"playtime":976,"items_purged":["Strike_B"],"score":476,"play_id":"957dc728-ab8f-43a5-b2d3-a254154f4fee","local_time":"20190202213035","is_ascension_mode":true,"campfire_choices":[{"data":"Defragment","floor":6,"key":"SMITH"},{"data":"Buffer","floor":8,"key":"SMITH"},{"data":"Loop","floor":10,"key":"SMITH"},{"data":"Capacitor","floor":15,"key":"SMITH"},{"data":"Ghostly","floor":23,"key":"SMITH"}],"neow_cost":"NONE","seed_source_timestamp":936578687100399,"circlet_count":0,"master_deck":["AscendersBane","Defend_B","Defend_B","Defend_B","Defend_B","Zap","Dualcast","Buffer+1","Defragment+1","Coolheaded","Loop+1","Compile Driver","Doom and Gloom","Capacitor+1","Chill","Conserve Battery","Multi-Cast","Sweeping Beam","Ghostly+1","Ghostly","Ghostly"],"relics":["Cracked Core","PreservedInsect","Runic Pyramid"],"potions_floor_usage":[11],"damage_taken":[{"damage":11,"enemies":"Small Slimes","floor":1,"turns":4},{"damage":0,"enemies":"Cultist","floor":3,"turns":3},{"damage":2,"enemies":"2 Louse","floor":5,"turns":3},{"damage":6,"enemies":"Looter","floor":7,"turns":4},{"damage":15,"enemies":"Lots of Slimes","floor":11,"turns":6},{"damage":7,"enemies":"2 Fungi Beasts","floor":12,"turns":4},{"damage":4,"enemies":"Red Slaver","floor":13,"turns":5},{"damage":0,"enemies":"The Guardian","floor":16,"turns":12},{"damage":18,"enemies":"3 Byrds","floor":18,"turns":6},{"damage":2,"enemies":"Chosen","floor":21,"turns":6},{"damage":35,"enemies":"3 Cultists","floor":24,"turns":6}],"seed_played":"4059808496197050573","potions_obtained":[{"floor":1,"key":"Regen Potion"},{"floor":5,"key":"Swift Potion"},{"floor":11,"key":"EssenceOfSteel"}],"is_trial":false,"path_per_floor":["M","?","M","?","M","R","M","R","T","R","M","M","M","$","R","B",null,"M","?","?","M","?","R","M"],"character_chosen":"DEFECT","items_purchased":["Conserve Battery"],"campfire_rested":0,"item_purchase_floors":[14],"current_hp_per_floor":[53,53,53,53,51,51,45,45,45,45,45,38,34,34,34,34,62,44,35,35,33,33,33,0],"gold":197,"neow_bonus":"ONE_RANDOM_RARE_CARD","is_prod":false,"is_daily":false,"chose_seed":false,"campfire_upgraded":5,"win_rate":0,"timestamp":1549161035,"path_taken":["M","?","?","?","M","R","M","R","T","R","M","M","M","?","R","BOSS","M","?","?","?","?","R","M"],"build_version":"2019-01-23","purchased_purges":1,"victory":false,"max_hp_per_floor":[71,71,71,71,71,71,71,71,71,71,71,71,71,71,71,71,71,71,35,35,35,35,35,35],"card_choices":[{"not_picked":["Recycle","Conserve Battery"],"picked":"Defragment","floor":1},{"not_picked":["Chaos","Turbo"],"picked":"Coolheaded","floor":3},{"not_picked":["Steam","Cold Snap"],"picked":"Loop","floor":5},{"not_picked":["Go for the Eyes","Coolheaded"],"picked":"Compile Driver","floor":7},{"not_picked":["Conserve Battery","Genetic Algorithm"],"picked":"Doom and Gloom","floor":11},{"not_picked":["Sweeping Beam","Cold Snap"],"picked":"Capacitor","floor":12},{"not_picked":["Beam Cell","Heatsinks"],"picked":"Chill","floor":13},{"not_picked":["Echo Form","Biased Cognition"],"picked":"Multi-Cast","floor":16},{"not_picked":["Redo","Coolheaded"],"picked":"Sweeping Beam","floor":18},{"not_picked":["Barrage","Auto Shields","Hologram+1"],"picked":"SKIP","floor":21}],"player_experience":794883,"relics_obtained":[{"floor":9,"key":"PreservedInsect"}],"event_choices":[{"damage_healed":0,"gold_gain":0,"cards_transformed":["Strike_B"],"player_choice":"Transformed","damage_taken":0,"max_hp_gain":0,"max_hp_loss":0,"event_name":"Transmorgrifier","floor":2,"gold_loss":0,"cards_obtained":["Redo"]},{"cards_removed":["Redo"],"damage_healed":0,"gold_gain":0,"player_choice":"Purged","damage_taken":0,"max_hp_gain":0,"max_hp_loss":0,"event_name":"Purifier","floor":4,"gold_loss":0},{"damage_healed":0,"gold_gain":0,"player_choice":"Became a Ghost","damage_taken":0,"max_hp_gain":0,"max_hp_loss":36,"event_name":"Ghosts","floor":19,"gold_loss":0,"cards_obtained":["Ghostly","Ghostly","Ghostly"]},{"cards_removed":["Strike_B"],"damage_healed":0,"gold_gain":0,"player_choice":"Purged","damage_taken":0,"max_hp_gain":0,"max_hp_loss":0,"event_name":"Purifier","floor":20,"gold_loss":0},{"cards_removed":["Strike_B"],"damage_healed":0,"gold_gain":0,"player_choice":"Offered Basic","damage_taken":0,"max_hp_gain":0,"max_hp_loss":0,"event_name":"Bonfire Elementals","floor":22,"gold_loss":0}],"is_beta":false,"boss_relics":[{"not_picked":["Snecko Eye","Busted Crown"],"picked":"Runic Pyramid"}],"items_purged_floors":[14],"is_endless":false,"potions_floor_spawned":[1,5,11,13,18,21],"killed_by":"3 Cultists","ascension_level":20}