{"path_per_floor":["M","?","M","M","M","R","M","R","T","M","$","M","R","?","R","B",null,"M","M","?","M","M","R","M","$","T","M","R","$","?","M","R"],"character_chosen":"IRONCLAD","items_purchased":["Metallicize","Shrug It Off","Bag of Marbles"],"gold_per_floor":[119,119,136,149,168,168,183,183,183,202,87,104,104,104,104,200,200,210,221,221,235,245,245,259,34,61,76,76,76,76,93,93],"floor_reached":33,"campfire_rested":2,"playtime":3860,"current_hp_per_floor":[80,80,77,73,60,60,48,72,72,69,69,72,72,72,72,13,80,80,72,56,56,56,56,56,56,56,56,56,56,41,31,50],"items_purged":["Regret"],"gold":93,"play_id":"9949961b-c539-4faf-a7d4-b7952716e1d7","is_prod":false,"is_daily":false,"campfire_rituals":0,"campfire_upgraded":5,"is_hardmode":false,"path_taken":["M","?","?","M","M","R","M","R","T","M","?","M","R","?","R","BOSS","M","?","?","M","M","R","M","$","T","M","R","$","?","M","R","BOSS"],"build_version":"2017-12-21-PROD1","purchased_purges":1,"victory":false,"master_deck":["Defend_R","Defend_R","Defend_R","Defend_R","Bash","Headbutt","Headbutt","Armaments","Armaments","Armaments","Metallicize","Metallicize","Shrug It Off","Barricade","Metallicize","Shrug It Off","Bite_R","Bite_R","Bite_R","Bite_R","Bite_R","Shrug It Off","Seeing Red","Feed","Headbutt"],"max_hp_per_floor":[80,80,80,80,80,80,80,80,80,80,80,80,80,80,80,80,80,80,80,56,56,56,56,56,56,56,56,56,56,61,64,64],"relics":["Burning Blood","Toolbox","Girya","White Beast Statue","Bag of Marbles","Juzu Bracelet"],"campfire_meditates":0,"card_choices":[{"not_picked":["Rupture","Seeing Red"],"picked":"Headbutt"},{"not_picked":["Evolve","Rupture"],"picked":"Headbutt"},{"not_picked":["Battle Trance","Cleave"],"picked":"Armaments"},{"not_picked":["Seeing Red","Clothesline"],"picked":"Armaments"},{"not_picked":["Uppercut","Seeing Red"],"picked":"Armaments"},{"not_picked":["Perfected Strike","True Grit"],"picked":"Metallicize"},{"not_picked":["Impervious","Limit Break"],"picked":"Barricade"},{"not_picked":["Flex","Twin Strike"],"picked":"Metallicize"},{"not_picked":["Disarm","Twin Strike"],"picked":"Shrug It Off"},{"not_picked":["Combust","Rage"],"picked":"Shrug It Off"},{"not_picked":["Heavy Blade","Clash"],"picked":"Seeing Red"},{"not_picked":["Disarm","Cleave"],"picked":"Feed"},{"not_picked":["Second Wind","Sever Soul"],"picked":"Headbutt"}],"player_experience":22077,"potions_floor_usage":[18,21,31,31,31],"damage_taken":[{"damage":6,"enemies":"Jaw Worm","floor":1,"turns":5},{"damage":13,"enemies":"Looter","floor":3,"turns":3},{"damage":10,"enemies":"Blue Slaver","floor":4,"turns":5},{"damage":19,"enemies":"Gremlin Gang","floor":5,"turns":7},{"damage":18,"enemies":"Red Slaver","floor":7,"turns":5},{"damage":9,"enemies":"3 Louse","floor":10,"turns":4},{"damage":3,"enemies":"2 Fungi Beasts","floor":12,"turns":4},{"damage":65,"enemies":"Slime Boss","floor":16,"turns":24},{"damage":4,"enemies":"Shell Parasite","floor":18,"turns":12},{"damage":14,"enemies":"Spheric Guardian","floor":19,"turns":12},{"damage":9,"enemies":"Snake Plant","floor":21,"turns":11},{"damage":25,"enemies":"Slaver and Parasite","floor":22,"turns":17},{"damage":23,"enemies":"Snecko","floor":24,"turns":13},{"damage":7,"enemies":"Snake Plant","floor":27,"turns":9},{"damage":36,"enemies":"3 Cultists","floor":31,"turns":12},{"damage":62,"enemies":"Collector","floor":33,"turns":7}],"event_choices":[{"event_name":"Big Fish","player_choice":"Box","floor":2,"damage_taken":0},{"event_name":"Living Wall","player_choice":"Grow","floor":14,"damage_taken":0},{"event_name":"Vampires","player_choice":"Became a vampire","floor":20,"damage_taken":0},{"event_name":"Forgotten Altar","player_choice":"Shed Blood","floor":30,"damage_taken":0}],"boss_relics":[{"not_picked":["Velvet Choker","Lizard Tail"],"picked":"White Beast Statue"}],"potions_floor_spawned":[1,4,7,12,16,18,19,21,22,24,27,31],"seed_played":"5968906268623030614","killed_by":"Collector","is_trial":false}