{"gold_per_floor":[362,375,385,114,131,160,160,174,198,214,242,272,284,77,77,175,175,190,201,53,53,69,96,19,37,37,37,37,68,84,95,95,192,192,212,212,222,238,250,275,324,351,351,150,161,181,197,223,223,223],"floor_reached":51,"playtime":2678,"items_purged":["Normality"],"score":815,"play_id":"5cc1b2a6-ca2f-4fa7-893d-0e0a6b03d9fb","local_time":"20190124194541","is_ascension_mode":false,"campfire_choices":[{"data":"Whirlwind","floor":13.0,"key":"SMITH"},{"floor":15.0,"key":"REST"},{"data":"Whirlwind","floor":27,"key":"SMITH"},{"data":"Inflame","floor":32,"key":"SMITH"},{"floor":49,"key":"REST"}],"neow_cost":"CURSE","seed_source_timestamp":0,"circlet_count":0,"master_deck":["Strike_R","Strike_R","Strike_R","Strike_R","Defend_R","Defend_R","Defend_R","Defend_R","Bash","Pummel","Whirlwind+1","Flex","Inflame","Flex","Cleave","Inflame+1","Whirlwind+1","Thunderclap","Sword Boomerang+1","Demon Form+1","Metallicize+1","Parasite"],"special_seed":0,"relics":["Black Blood","Lantern","Bag of Marbles","Anchor","MawBank","Red Skull","Vajra","CultistMask","Smiling Mask","Meat on the Bone","Frozen Egg 2","Fusion Hammer","Blood Vial","Unceasing Top","Dodecahedron","Shovel","Lee\u0027s Waffle","Bronze Scales"],"potions_floor_usage":[29,33,33,33,37,40,40,46,47,47],"damage_taken":[{"damage":0.0,"enemies":"Small Slimes","floor":1.0,"turns":3.0},{"damage":6.0,"enemies":"Cultist","floor":2.0,"turns":3.0},{"damage":2.0,"enemies":"2 Louse","floor":3.0,"turns":4.0},{"damage":0.0,"enemies":"Lots of Slimes","floor":5.0,"turns":1.0},{"damage":0.0,"enemies":"Gremlin Nob","floor":6.0,"turns":2.0},{"damage":8.0,"enemies":"2 Fungi Beasts","floor":8.0,"turns":3.0},{"damage":1.0,"enemies":"3 Louse","floor":10.0,"turns":3.0},{"damage":31.0,"enemies":"Lagavulin","floor":11.0,"turns":5.0},{"damage":0.0,"enemies":"Red Slaver","floor":12.0,"turns":2.0},{"damage":35.0,"enemies":"Slime Boss","floor":16.0,"turns":10.0},{"damage":9,"enemies":"Shell Parasite","floor":18,"turns":5},{"damage":0,"enemies":"2 Thieves","floor":19,"turns":2},{"damage":11,"enemies":"Snake Plant","floor":22,"turns":3},{"damage":21,"enemies":"Gremlin Leader","floor":23,"turns":5},{"damage":33,"enemies":"Snecko","floor":25,"turns":5},{"damage":18,"enemies":"Book of Stabbing","floor":29,"turns":3},{"damage":20,"enemies":"Shelled Parasite and Fungi","floor":30,"turns":3},{"damage":12,"enemies":"3 Cultists","floor":31,"turns":3},{"damage":34,"enemies":"Automaton","floor":33,"turns":6},{"damage":18,"enemies":"3 Darklings","floor":35,"turns":3},{"damage":0,"enemies":"Orb Walker","floor":37,"turns":2},{"damage":9,"enemies":"4 Shapes","floor":38,"turns":3},{"damage":0,"enemies":"Transient","floor":39,"turns":5},{"damage":66,"enemies":"Giant Head","floor":40,"turns":7},{"damage":0,"enemies":"2 Orb Walkers","floor":41,"turns":2},{"damage":22,"enemies":"Reptomancer","floor":42,"turns":4},{"damage":14,"enemies":"Maw","floor":45,"turns":5},{"damage":15,"enemies":"Writhing Mass","floor":46,"turns":3},{"damage":30,"enemies":"Spire Growth","floor":47,"turns":4},{"damage":67,"enemies":"Donu and Deca","floor":50,"turns":5}],"seed_played":"-7227441862695556617","potions_obtained":[{"floor":1.0,"key":"Energy Potion"},{"floor":2.0,"key":"SteroidPotion"},{"floor":10.0,"key":"AttackPotion"},{"floor":19,"key":"Explosive Potion"},{"floor":22,"key":"AttackPotion"},{"floor":30,"key":"SteroidPotion"},{"floor":33,"key":"Energy Potion"},{"floor":35,"key":"Fire Potion"},{"floor":39,"key":"SkillPotion"},{"floor":41,"key":"BloodPotion"},{"floor":42,"key":"Weak Potion"},{"floor":46,"key":"Block Potion"}],"is_trial":false,"path_per_floor":["?","M","?","M","?","?","M","?","$","T"],"character_chosen":"IRONCLAD","items_purchased":["Inflame","Lantern","Inflame","Red Skull","Vajra","Whirlwind","Lee\u0027s Waffle"],"campfire_rested":2,"item_purchase_floors":[4,4,14,14,20,24,44],"current_hp_per_floor":[80,80,80,80,80,80,80,78,78,80,55,61,61,61,80,51,80,80,80,80,80,79,68,68,45,45,45,45,49,51,61,61,49,80,72,72,80,80,80,36,60,62,62,87,83,80,70,70,87,42],"gold":223,"neow_bonus":"TWO_FIFTY_GOLD","is_prod":false,"is_daily":false,"chose_seed":false,"campfire_upgraded":3,"win_rate":0,"timestamp":1548355541,"path_taken":["M","M","M","$","M","E","?","M","T","M","E","?","R","$","R","BOSS","M","M","$","?","M","E","$","?","T","R","?","E","M","M","R","BOSS","M","?","M","?","M","E","?","E","T","?","M","M","M","?","R","BOSS"],"build_version":"2019-01-22","purchased_purges":1,"victory":true,"max_hp_per_floor":[80,80,80,80,80,80,80,80,80,80,80,80,80,80,80,80,80,80,80,80,80,80,80,80,80,80,80,80,80,80,80,80,80,80,80,80,80,80,80,80,80,80,80,87,87,87,87,87,87,87],"card_choices":[{"not_picked":["Shrug It Off","Sentinel"],"picked":"Pummel","floor":1.0},{"not_picked":["Havoc","Flame Barrier"],"picked":"Whirlwind","floor":2.0},{"not_picked":["True Grit","Havoc"],"picked":"Flex","floor":3.0},{"not_picked":["Hemokinesis","Body Slam","Armaments"],"picked":"SKIP","floor":5.0},{"not_picked":["Exhume","Havoc"],"picked":"Flex","floor":6.0},{"not_picked":["Shrug It Off","Body Slam","Havoc"],"picked":"SKIP","floor":8.0},{"not_picked":["Headbutt","Wild Strike","Blood for Blood"],"picked":"SKIP","floor":10.0},{"not_picked":["Double Tap","Iron Wave","Reaper"],"picked":"SKIP","floor":11.0},{"not_picked":["Iron Wave","Twin Strike"],"picked":"Cleave","floor":12.0},{"not_picked":["Fire Breathing","Rampage","Anger"],"picked":"SKIP","floor":18},{"not_picked":["Shrug It Off+1","Blood for Blood+1","Ghostly Armor"],"picked":"SKIP","floor":19},{"not_picked":["Iron Wave","Havoc","Armaments"],"picked":"SKIP","floor":22},{"not_picked":["Iron Wave","Double Tap","Body Slam"],"picked":"SKIP","floor":23},{"not_picked":["Clash","Dropkick+1","Fire Breathing"],"picked":"SKIP","floor":25},{"not_picked":["Clash","Entrench","Wild Strike"],"picked":"SKIP","floor":29},{"not_picked":["Clash","Body Slam+1"],"picked":"Thunderclap","floor":30},{"not_picked":["Havoc+1","Blood for Blood"],"picked":"Sword Boomerang+1","floor":31},{"not_picked":["Barricade+1","Exhume"],"picked":"Demon Form+1","floor":33},{"not_picked":["Iron Wave","Clothesline+1","Ghostly Armor+1"],"picked":"SKIP","floor":35},{"not_picked":["Twin Strike","Carnage","Flame Barrier"],"picked":"SKIP","floor":37},{"not_picked":["Sentinel+1","Shockwave"],"picked":"Metallicize+1","floor":38},{"not_picked":["Power Through","Wild Strike+1","Rampage+1"],"picked":"SKIP","floor":39},{"not_picked":["Sword Boomerang","Seeing Red","Fire Breathing+1"],"picked":"SKIP","floor":40},{"not_picked":["Headbutt+1","Impervious","Sever Soul+1"],"picked":"SKIP","floor":42},{"not_picked":["Second Wind+1","Burning Pact","Warcry+1"],"picked":"SKIP","floor":45},{"not_picked":["Flame Barrier+1","Pommel Strike+1","Headbutt"],"picked":"SKIP","floor":46},{"not_picked":["Ghostly Armor+1","Shrug It Off+1","Entrench"],"picked":"SKIP","floor":47}],"player_experience":149781,"relics_obtained":[{"floor":6.0,"key":"Bag of Marbles"},{"floor":9.0,"key":"Anchor"},{"floor":11.0,"key":"MawBank"},{"floor":23,"key":"Smiling Mask"},{"floor":26,"key":"Meat on the Bone"},{"floor":29,"key":"Frozen Egg 2"},{"floor":40,"key":"Blood Vial"},{"floor":41,"key":"Unceasing Top"},{"floor":42,"key":"Dodecahedron"},{"floor":43,"key":"Shovel"},{"floor":48,"key":"Bronze Scales"}],"event_choices":[{"damage_healed":0.0,"max_hp_gain":0.0,"max_hp_loss":0.0,"gold_gain":0.0,"event_name":"Match and Keep!","player_choice":"0 cards matched","floor":7.0,"gold_loss":0.0,"damage_taken":0.0,"cards_obtained":[]},{"damage_healed":0,"gold_gain":0,"player_choice":"Trade","damage_taken":0,"relics_obtained":["CultistMask"],"max_hp_gain":0,"max_hp_loss":0,"event_name":"FaceTrader","floor":21,"gold_loss":0},{"cards_removed":["Strike_R"],"damage_healed":0,"gold_gain":0,"player_choice":"Elegance","damage_taken":0,"max_hp_gain":0,"max_hp_loss":0,"event_name":"Back to Basics","floor":28,"gold_loss":0},{"damage_healed":0,"gold_gain":0,"player_choice":"Bought 0 Potions","damage_taken":0,"max_hp_gain":0,"max_hp_loss":0,"event_name":"The Woman in Blue","floor":36,"gold_loss":0},{"damage_healed":0,"gold_gain":0,"player_choice":"Fight","damage_taken":0,"max_hp_gain":0,"max_hp_loss":0,"event_name":"Mysterious Sphere","floor":41,"gold_loss":0}],"is_beta":true,"boss_relics":[{"not_picked":["Runic Cube","Astrolabe"],"picked":"Black Blood"},{"not_picked":["Pandora\u0027s Box","Orrery"],"picked":"Fusion Hammer"}],"items_purged_floors":[4],"is_endless":false,"potions_floor_spawned":[1,2,10,19,22,30,33,35,39,41,42,46],"ascension_level":0}