{"gold_per_floor":[116,134,134,153,167,167,199,199,225,258,258,258,258,228],"floor_reached":14,"playtime":321,"items_purged":[],"score":137,"play_id":"ae65f67d-0384-476a-8788-7b6ed84d7ee7","local_time":"20180704232219","is_ascension_mode":true,"campfire_choices":[{"data":"Streamline","floor":6,"key":"SMITH"},{"floor":8,"key":"REST"}],"neow_cost":"","seed_source_timestamp":0,"circlet_count":0,"master_deck":["Strike_B","Strike_B","Strike_B","Strike_B","Defend_B","Defend_B","Defend_B","Defend_B","Zap","Dualcast","Gash","Streamline+1","Go for the Eyes","Reprogram","Defragment"],"special_seed":0,"relics":["Cracked Core","Bronze Scales","Bag of Preparation","Potion Belt","Juzu Bracelet","Singing Bowl","Golden Idol"],"potions_floor_usage":[7,10],"damage_taken":[{"damage":2,"enemies":"Small Slimes","floor":1,"turns":3},{"damage":7,"enemies":"Jaw Worm","floor":2,"turns":3},{"damage":2,"enemies":"2 Louse","floor":4,"turns":2},{"damage":20,"enemies":"Lots of Slimes","floor":5,"turns":3},{"damage":26,"enemies":"3 Sentries","floor":7,"turns":5},{"damage":20,"enemies":"Lagavulin","floor":10,"turns":5},{"damage":11,"enemies":"Looter","floor":14,"turns":2}],"seed_played":"7267510135911440935","potions_obtained":[{"floor":2,"key":"FocusPotion"},{"floor":7,"key":"AttackPotion"}],"is_trial":false,"path_per_floor":["M","M","?","M","M","R","E","R","T","E","?","?","?"],"character_chosen":"DEFECT","items_purchased":[],"campfire_rested":1,"item_purchase_floors":[],"current_hp_per_floor":[66,59,59,57,37,37,11,33,33,13,6,6,6,0],"gold":228,"neow_bonus":"","is_prod":false,"is_daily":false,"chose_seed":false,"campfire_upgraded":1,"win_rate":0,"timestamp":1530764539,"path_taken":["M","M","?","?","M","R","E","R","T","E","?","?","?","M"],"build_version":"2018-06-28","purchased_purges":0,"victory":false,"max_hp_per_floor":[75,75,75,75,75,75,75,75,75,75,75,75,75,75],"card_choices":[{"not_picked":["Steam","Stack"],"picked":"Gash","floor":1},{"not_picked":["Steam Power","Leap"],"picked":"Streamline","floor":2},{"not_picked":["Turbo","Coolheaded"],"picked":"Go for the Eyes","floor":4},{"not_picked":["Steam","Fission"],"picked":"Reprogram","floor":5},{"not_picked":["Compile Driver","Streamline","Force Field"],"picked":"SKIP","floor":7},{"not_picked":["Force Field","BootSequence"],"picked":"Defragment","floor":10}],"player_experience":418043,"relics_obtained":[{"floor":7,"key":"Bag of Preparation"},{"floor":9,"key":"Potion Belt"},{"floor":10,"key":"Juzu Bracelet"}],"event_choices":[{"event_name":"Liars Game","player_choice":"disagreed","floor":3,"damage_taken":0},{"event_name":"Scrap Ooze","player_choice":"success","floor":11,"damage_taken":7},{"event_name":"Golden Idol","player_choice":"Take Wound","floor":12,"damage_taken":0},{"event_name":"Fountain of Cleansing","player_choice":"Removed Curse","floor":13,"damage_taken":0}],"boss_relics":[],"items_purged_floors":[],"is_endless":false,"potions_floor_spawned":[2,7],"killed_by":"Looter","ascension_level":8}