{"gold_per_floor":[365,185,201,201,216,248,262,262,288,288,318,318,318,318,318,423,423,436,456,471,482,482,482,513,513,536,554,554,565,581,596,596,692,692,703,803,803,815,725,725,725,758,782,817,817,518,532,97,97,97],"floor_reached":51,"playtime":2355,"items_purged":["Regret","Pain","Defend_R"],"score":1165,"play_id":"33605390-77a7-485f-9ff1-3303445e1821","local_time":"20190225223536","is_ascension_mode":true,"campfire_choices":[{"data":"Perfected Strike","floor":8.0,"key":"SMITH"},{"data":"True Grit","floor":10.0,"key":"SMITH"},{"floor":12.0,"key":"REST"},{"data":"Bash","floor":15.0,"key":"SMITH"},{"data":"Offering","floor":23.0,"key":"SMITH"},{"floor":25.0,"key":"REST"},{"floor":28.0,"key":"REST"},{"data":"Perfected Strike","floor":32.0,"key":"SMITH"},{"floor":40.0,"key":"REST"},{"data":"Perfected Strike","floor":41.0,"key":"SMITH"},{"floor":45.0,"key":"REST"},{"floor":49,"key":"REST"}],"neow_cost":"CURSE","seed_source_timestamp":34949648421366,"circlet_count":0,"master_deck":["AscendersBane","Strike_R","Strike_R","Strike_R","Strike_R","Strike_R","Defend_R","Defend_R","Bash+1","Perfected Strike+1","Pommel Strike","Shrug It Off","Wild Strike","True Grit+1","Pommel Strike","Offering+1","Thunderclap+1","Ghostly Armor","Wild Strike+1","Pommel Strike","Disarm+1","Clothesline","Shrug It Off","Perfected Strike+1","Offering","Perfected Strike+1","Offering","Twin Strike+1","Perfected Strike+1","Twin Strike+1","Flame Barrier+1","Flash of Steel+1","Perfected Strike+1"],"special_seed":0,"relics":["Burning Blood","Pen Nib","Dream Catcher","Cursed Key","Nloth\u0027s Gift","Centennial Puzzle","Smiling Mask","Mark of Pain","WingedGreaves","Molten Egg 2","Bag of Preparation","Happy Flower","HandDrill","Bag of Marbles"],"potions_floor_usage":[47,47,50,50],"damage_taken":[{"damage":12.0,"enemies":"Jaw Worm","floor":1.0,"turns":5.0},{"damage":4.0,"enemies":"Small Slimes","floor":3.0,"turns":3.0},{"damage":0.0,"enemies":"2 Louse","floor":5.0,"turns":2.0},{"damage":25.0,"enemies":"Lagavulin","floor":6.0,"turns":5.0},{"damage":0.0,"enemies":"Red Slaver","floor":7.0,"turns":4.0},{"damage":37.0,"enemies":"3 Sentries","floor":11.0,"turns":8.0},{"damage":64.0,"enemies":"Hexaghost","floor":16.0,"turns":9.0},{"damage":6.0,"enemies":"Shell Parasite","floor":18.0,"turns":2.0},{"damage":6.0,"enemies":"Spheric Guardian","floor":19.0,"turns":2.0},{"damage":12.0,"enemies":"3 Cultists","floor":20.0,"turns":3.0},{"damage":22.0,"enemies":"Shelled Parasite and Fungi","floor":21.0,"turns":4.0},{"damage":44.0,"enemies":"Slavers","floor":24.0,"turns":5.0},{"damage":6.0,"enemies":"Snake Plant","floor":27.0,"turns":2.0},{"damage":12.0,"enemies":"Centurion and Healer","floor":29.0,"turns":4.0},{"damage":4.0,"enemies":"3 Cultists","floor":30.0,"turns":5.0},{"damage":11.0,"enemies":"Snake Plant","floor":31.0,"turns":3.0},{"damage":42.0,"enemies":"Automaton","floor":33.0,"turns":6.0},{"damage":12.0,"enemies":"3 Shapes","floor":35.0,"turns":3.0},{"damage":36.0,"enemies":"Mind Bloom Boss Battle","floor":36.0,"turns":4.0},{"damage":7.0,"enemies":"Orb Walker","floor":38.0,"turns":2.0},{"damage":31.0,"enemies":"Nemesis","floor":42.0,"turns":3.0},{"damage":22.0,"enemies":"Giant Head","floor":44.0,"turns":5.0},{"damage":8,"enemies":"Transient","floor":47,"turns":5},{"damage":39,"enemies":"Donu and Deca","floor":50,"turns":4}],"seed_played":"182502672192626882","potions_obtained":[{"floor":5.0,"key":"LiquidBronze"},{"floor":6.0,"key":"BloodPotion"},{"floor":19.0,"key":"Explosive Potion"},{"floor":20.0,"key":"BloodPotion"},{"floor":21.0,"key":"Strength Potion"},{"floor":29.0,"key":"FearPotion"},{"floor":30.0,"key":"Fire Potion"},{"floor":35.0,"key":"SneckoOil"}],"is_trial":false,"path_per_floor":["M","$","M","?","M","E","M","R","T","R","E","R","?","?","R","B",null,"M","M","M","M","?","R","E","R","T","M","R","M","M","M","R","B",null,"M","?","?","M","?","R","R","E","T","E","R","$","M","$","R","B",null],"character_chosen":"IRONCLAD","items_purchased":["Pommel Strike","Shrug It Off","HandDrill","PowerPotion","Bag of Marbles","Block Potion","AttackPotion","Strength Potion","Flash of Steel+1"],"campfire_rested":6,"item_purchase_floors":[2,2,46,46,48,48,48,48,48],"current_hp_per_floor":[66,66,68,61,67,48,54,54,54,54,23,47,47,73,73,23,66,66,66,60,52,52,52,14,38,38,38,62,56,58,53,53,17,64,58,28,28,27,27,51,51,26,26,10,34,34,32,32,56,23],"gold":97,"neow_bonus":"TWO_FIFTY_GOLD","is_prod":false,"is_daily":false,"chose_seed":false,"campfire_upgraded":6,"win_rate":0,"timestamp":1551108936,"path_taken":["M","$","M","?","M","E","M","R","T","R","E","R","?","?","R","BOSS","M","M","M","M","?","R","E","R","T","?","R","M","M","M","R","BOSS","M","?","?","M","?","R","R","E","T","E","R","$","M","$","R","BOSS"],"build_version":"2019-01-23","purchased_purges":3,"victory":true,"max_hp_per_floor":[80,80,80,80,80,80,80,80,80,80,80,80,80,80,80,80,80,80,80,80,80,80,80,80,80,80,80,80,80,80,80,80,80,80,80,80,80,80,80,80,80,80,80,80,80,80,80,80,80,80],"card_choices":[{"not_picked":["Spot Weakness","Metallicize"],"picked":"Perfected Strike","floor":1.0},{"not_picked":["Flex","Armaments","Power Through"],"picked":"SKIP","floor":3.0},{"not_picked":["Intimidate","Headbutt"],"picked":"Wild Strike","floor":5.0},{"not_picked":["Inflame","Uppercut"],"picked":"True Grit","floor":6.0},{"not_picked":["Cleave","Dropkick","Hemokinesis"],"picked":"SKIP","floor":7.0},{"not_picked":["Barricade","Searing Blow"],"picked":"Pommel Strike","floor":11.0},{"not_picked":["Reaper","Exhume"],"picked":"Offering","floor":16.0},{"not_picked":["Ghostly Armor","Armaments"],"picked":"Thunderclap","floor":18.0},{"not_picked":["Iron Wave","True Grit"],"picked":"Ghostly Armor","floor":19.0},{"not_picked":["Pommel Strike","Cleave"],"picked":"Wild Strike+1","floor":20.0},{"not_picked":["Rupture+1","Spot Weakness"],"picked":"Pommel Strike","floor":21.0},{"not_picked":["Clothesline","Wild Strike"],"picked":"Disarm+1","floor":24.0},{"not_picked":["Berserk","Fire Breathing"],"picked":"Clothesline","floor":25.0},{"not_picked":["Heavy Blade+1","Sword Boomerang"],"picked":"Shrug It Off","floor":27.0},{"not_picked":["Pommel Strike","Dual Wield+1"],"picked":"Perfected Strike","floor":29.0},{"not_picked":["Havoc+1","Sword Boomerang"],"picked":"Offering","floor":30.0},{"not_picked":["True Grit+1","Iron Wave+1"],"picked":"Perfected Strike","floor":31.0},{"not_picked":["Feed","Barricade"],"picked":"Offering","floor":33.0},{"not_picked":["Corruption","Headbutt","Clothesline+1"],"picked":"SKIP","floor":35.0},{"not_picked":["Wild Strike","Flex+1"],"picked":"Twin Strike+1","floor":36.0},{"not_picked":["Inflame","Clothesline+1"],"picked":"Perfected Strike+1","floor":38.0},{"not_picked":["Dark Embrace","Thunderclap+1"],"picked":"Twin Strike+1","floor":40.0},{"not_picked":["Clash","Exhume"],"picked":"Flame Barrier+1","floor":42.0},{"not_picked":["Armaments","Warcry","Sword Boomerang+1"],"picked":"SKIP","floor":44.0},{"not_picked":["Anger+1","Brutality","Armaments+1"],"picked":"SKIP","floor":47},{"not_picked":["Rage+1","Thunderclap+1"],"picked":"Perfected Strike+1","floor":49}],"player_experience":389356,"relics_obtained":[{"floor":6.0,"key":"Juzu Bracelet"},{"floor":9.0,"key":"Pen Nib"},{"floor":11.0,"key":"Dream Catcher"},{"floor":24.0,"key":"Centennial Puzzle"},{"floor":26.0,"key":"Smiling Mask"},{"floor":36.0,"key":"WingedGreaves"},{"floor":42.0,"key":"Molten Egg 2"},{"floor":43.0,"key":"Bag of Preparation"},{"floor":44.0,"key":"Happy Flower"}],"event_choices":[{"cards_removed":["Defend_R"],"damage_healed":0.0,"max_hp_gain":0.0,"max_hp_loss":0.0,"gold_gain":0.0,"event_name":"Golden Wing","player_choice":"Card Removal","floor":4.0,"gold_loss":0.0,"damage_taken":7.0},{"damage_healed":0.0,"max_hp_gain":0.0,"max_hp_loss":0.0,"gold_gain":0.0,"event_name":"Liars Game","player_choice":"Ignored","floor":13.0,"gold_loss":0.0,"damage_taken":0.0},{"damage_healed":26.0,"max_hp_gain":0.0,"max_hp_loss":0.0,"gold_gain":0.0,"event_name":"Big Fish","player_choice":"Banana","floor":14.0,"gold_loss":0.0,"damage_taken":0.0},{"damage_healed":0.0,"max_hp_gain":0.0,"max_hp_loss":0.0,"gold_gain":0.0,"event_name":"N\u0027loth","player_choice":"Traded Relic","floor":22.0,"relics_lost":["Juzu Bracelet"],"gold_loss":0.0,"damage_taken":0.0,"relics_obtained":["Nloth\u0027s Gift"]},{"damage_healed":0.0,"max_hp_gain":0.0,"max_hp_loss":0.0,"gold_gain":0.0,"event_name":"MindBloom","player_choice":"Fight","floor":36.0,"gold_loss":0.0,"damage_taken":0.0},{"damage_healed":0.0,"max_hp_gain":0.0,"max_hp_loss":0.0,"gold_gain":0.0,"event_name":"Mysterious Sphere","player_choice":"Ignored","floor":37.0,"gold_loss":0.0,"damage_taken":0.0},{"cards_removed":["Normality"],"damage_healed":0.0,"max_hp_gain":0.0,"max_hp_loss":0.0,"gold_gain":0.0,"event_name":"Designer","player_choice":"Upgrade and Remove","floor":39.0,"gold_loss":90.0,"damage_taken":0.0,"cards_upgraded":["Thunderclap"]}],"is_beta":false,"boss_relics":[{"not_picked":["Fusion Hammer","Pandora\u0027s Box"],"picked":"Cursed Key"},{"not_picked":["Tiny House","White Beast Statue"],"picked":"Mark of Pain"}],"items_purged_floors":[2,46,48],"is_endless":false,"potions_floor_spawned":[5,6,19,20,21,29,30,35],"ascension_level":10}