{"gold_per_floor":[110,123,123,140,158,188,188,204,227,227,243,243,263,275,275,275],"floor_reached":16,"playtime":795,"items_purged":[],"score":148,"play_id":"0ebd7984-d8ad-4e30-8f08-80764c82d5e4","local_time":"20190202014845","is_ascension_mode":true,"campfire_choices":[{"data":"True Grit","floor":7,"key":"SMITH"},{"data":"Armaments","floor":10,"key":"SMITH"},{"data":"Dual Wield","floor":12,"key":"SMITH"},{"data":"Feel No Pain","floor":15,"key":"SMITH"}],"neow_cost":"NONE","seed_source_timestamp":791244460277724,"circlet_count":0,"master_deck":["Strike_R","Strike_R","Strike_R","Strike_R","Strike_R","Defend_R","Defend_R","Defend_R","Bash","Cleave","Iron Wave","Dual Wield+1","Anger","True Grit+1","Armaments+1","Intimidate","Feel No Pain+1","Sentinel"],"relics":["Burning Blood","NeowsBlessing","Centennial Puzzle","Strawberry"],"potions_floor_usage":[6,6,11,16],"damage_taken":[{"damage":0,"enemies":"2 Louse","floor":1,"turns":1},{"damage":0,"enemies":"Cultist","floor":2,"turns":1},{"damage":0,"enemies":"Small Slimes","floor":4,"turns":1},{"damage":0,"enemies":"2 Fungi Beasts","floor":5,"turns":2},{"damage":30,"enemies":"3 Sentries","floor":6,"turns":5},{"damage":19,"enemies":"Blue Slaver","floor":8,"turns":4},{"damage":4,"enemies":"Large Slime","floor":11,"turns":4},{"damage":9,"enemies":"Red Slaver","floor":13,"turns":4},{"damage":0,"enemies":"2 Fungi Beasts","floor":14,"turns":3},{"damage":55,"enemies":"Hexaghost","floor":16,"turns":13}],"seed_played":"1292033380548251970","potions_obtained":[{"floor":4,"key":"Fire Potion"},{"floor":5,"key":"AttackPotion"},{"floor":8,"key":"Fire Potion"},{"floor":14,"key":"Weak Potion"}],"is_trial":false,"path_per_floor":["M","M","?","M","M","E","R","M","T","R","M","R","M","M","R","B"],"character_chosen":"IRONCLAD","items_purchased":[],"campfire_rested":0,"item_purchase_floors":[],"current_hp_per_floor":[78,80,80,80,80,56,56,43,50,50,52,52,49,55,55,0],"gold":275,"neow_bonus":"THREE_ENEMY_KILL","is_prod":false,"is_daily":false,"chose_seed":false,"campfire_upgraded":4,"win_rate":0,"timestamp":1549046925,"path_taken":["M","M","?","?","?","E","R","M","T","R","M","R","M","M","R","BOSS"],"build_version":"2019-01-23","purchased_purges":0,"victory":false,"max_hp_per_floor":[80,80,80,80,80,80,80,80,87,87,87,87,87,87,87,87],"card_choices":[{"not_picked":["Clothesline","Dual Wield"],"picked":"Cleave","floor":1},{"not_picked":["Sword Boomerang","Clothesline"],"picked":"Iron Wave","floor":2},{"not_picked":["Cleave","Warcry"],"picked":"Anger","floor":4},{"not_picked":["Carnage","Heavy Blade","Hemokinesis"],"picked":"SKIP","floor":5},{"not_picked":["Carnage","Sword Boomerang"],"picked":"True Grit","floor":6},{"not_picked":["Flex","Clash"],"picked":"Armaments","floor":8},{"not_picked":["Exhume","Whirlwind"],"picked":"Intimidate","floor":11},{"not_picked":["Pummel","Corruption"],"picked":"Feel No Pain","floor":13},{"not_picked":["Carnage","Wild Strike"],"picked":"Sentinel","floor":14}],"player_experience":313074,"relics_obtained":[{"floor":6,"key":"Centennial Puzzle"},{"floor":9,"key":"Strawberry"}],"event_choices":[{"damage_healed":0,"gold_gain":0,"cards_transformed":["Defend_R"],"player_choice":"Transformed","damage_taken":0,"max_hp_gain":0,"max_hp_loss":0,"event_name":"Transmorgrifier","floor":3,"gold_loss":0,"cards_obtained":["Dual Wield"]}],"is_beta":false,"boss_relics":[],"items_purged_floors":[],"is_endless":false,"potions_floor_spawned":[4,5,8,14],"killed_by":"Hexaghost","ascension_level":8}