{"path_per_floor":["M","?","M","M","?","E","R","M","T","R","E","M","?","E","R","B",null,"M","$","M","M","M","R","E","$","T","R","?","?","R","M","R","B",null,"M","M","?"],"character_chosen":"IRONCLAD","items_purchased":["Dramatic Entrance","Sword Boomerang","Block Potion"],"gold_per_floor":[112,62,79,96,96,126,126,140,140,140,171,182,182,210,210,312,312,322,98,108,128,139,139,171,23,23,23,23,23,23,43,43,141,141,160,171,217],"floor_reached":38,"campfire_rested":2,"playtime":3361,"current_hp_per_floor":[80,80,80,78,78,61,61,59,59,59,52,58,64,78,78,61,86,58,58,58,37,25,25,20,20,20,60,44,44,84,72,72,56,86,49,44,37],"items_purged":["Regret","Strike_R"],"gold":217,"score":364,"play_id":"3486a85c-d1a9-4170-b377-e3104bd2985c","is_prod":false,"is_daily":false,"is_ascension_mode":false,"campfire_upgraded":4,"path_taken":["M","?","M","M","?","E","R","M","T","R","E","?","?","E","R","BOSS","M","$","M","M","M","R","E","$","T","R","?","?","R","?","R","BOSS","M","M","?","M"],"build_version":"2018-02-08-PROD1","purchased_purges":2,"victory":false,"master_deck":["Strike_R","Strike_R","Strike_R","Defend_R","Defend_R","Defend_R","Defend_R","Bash","Body Slam","Clash","Metallicize+1","Iron Wave+1","Armaments+1","Headbutt","Reaper","Double Tap","Demon Form+1","Dramatic Entrance","Sword Boomerang","Flex+1","Infernal Blade","Cleave","Pommel Strike","Barricade","Pommel Strike","Seeing Red+1","Seeing Red+1"],"max_hp_per_floor":[80,80,80,80,80,80,80,80,80,80,80,80,86,86,86,86,86,86,86,86,86,86,86,86,86,86,86,86,86,86,86,86,86,86,86,86,86],"relics":["Black Blood","Happy Flower","Darkstone Periapt","Bronze Scales","Blood Vial","Sundial","Regal Pillow","Girya","Enchiridion","Runic Pyramid","Champion Belt"],"card_choices":[{"not_picked":["Perfected Strike","Combust"],"picked":"Body Slam"},{"not_picked":["Feel No Pain","Clothesline"],"picked":"Clash"},{"not_picked":["Shrug It Off","Iron Wave"],"picked":"Metallicize"},{"not_picked":["Perfected Strike","Clothesline"],"picked":"Iron Wave"},{"not_picked":["Juggernaut","Body Slam"],"picked":"Armaments"},{"not_picked":["Anger","Corruption"],"picked":"Headbutt"},{"not_picked":["Twin Strike","Perfected Strike"],"picked":"Reaper"},{"not_picked":["Burning Pact","Headbutt"],"picked":"Double Tap"},{"not_picked":["Dark Embrace","Reaper"],"picked":"Demon Form"},{"not_picked":["Rupture","Clothesline"],"picked":"Flex"},{"not_picked":["Searing Blow","Flex"],"picked":"Infernal Blade"},{"not_picked":["Twin Strike","Bloodletting"],"picked":"Cleave"},{"not_picked":["Flex","Iron Wave"],"picked":"Pommel Strike"},{"not_picked":["Double Tap","Feed"],"picked":"Barricade"},{"not_picked":["Iron Wave","Twin Strike"],"picked":"Pommel Strike"},{"not_picked":["Perfected Strike","Dropkick"],"picked":"Seeing Red"},{"not_picked":["Infernal Blade","Armaments"],"picked":"Seeing Red"}],"player_experience":994,"potions_floor_usage":[11,14,22,24,33,33,37],"damage_taken":[{"damage":1,"enemies":"2 Louse","floor":1,"turns":3},{"damage":2,"enemies":"Small Slimes","floor":3,"turns":4},{"damage":8,"enemies":"Jaw Worm","floor":4,"turns":3},{"damage":23,"enemies":"Lagavulin","floor":6,"turns":9},{"damage":8,"enemies":"Exordium Wildlife","floor":8,"turns":5},{"damage":22,"enemies":"Gremlin Nob","floor":11,"turns":4},{"damage":0,"enemies":"Looter","floor":12,"turns":3},{"damage":14,"enemies":"Lagavulin","floor":14,"turns":6},{"damage":25,"enemies":"The Guardian","floor":16,"turns":8},{"damage":49,"enemies":"Chosen","floor":18,"turns":7},{"damage":12,"enemies":"Spheric Guardian","floor":20,"turns":4},{"damage":33,"enemies":"Centurion and Healer","floor":21,"turns":5},{"damage":30,"enemies":"Cultist and Chosen","floor":22,"turns":8},{"damage":29,"enemies":"Gremlin Leader","floor":24,"turns":5},{"damage":24,"enemies":"Chosen and Byrds","floor":31,"turns":6},{"damage":36,"enemies":"Champ","floor":33,"turns":8},{"damage":64,"enemies":"3 Shapes","floor":35,"turns":6},{"damage":23,"enemies":"Orb Walker","floor":36,"turns":4},{"damage":45,"enemies":"Mysterious Sphere","floor":37,"turns":5},{"damage":42,"enemies":"Sphere and 2 Shapes","floor":38,"turns":3}],"event_choices":[{"event_name":"The Cleric","player_choice":"Card Removal","floor":2,"damage_taken":0},{"event_name":"Liars Game","player_choice":"disagreed","floor":5,"damage_taken":0},{"event_name":"Big Fish","player_choice":"Box","floor":13,"damage_taken":0},{"event_name":"Cursed Tome","player_choice":"Obtained Book","floor":28,"damage_taken":0},{"event_name":"Drug Dealer","player_choice":"Ignored","floor":29,"damage_taken":0},{"event_name":"Mysterious Sphere","player_choice":"Fight","floor":37,"damage_taken":0}],"boss_relics":[{"not_picked":["Calling Bell","Tiny House"],"picked":"Black Blood"},{"not_picked":["Snecko Eye","Question Card"],"picked":"Runic Pyramid"}],"potions_floor_spawned":[6,8,11,18,20,24,35],"seed_played":"-3877161610927391276","killed_by":"Sphere and 2 Shapes","ascension_level":0,"is_trial":false}