{"gold_per_floor":[114,133,151,151,151,162,194,194,242,254,294,326,354,397,409,517,529,560,487,449,461,489,501,539,562,598,625,33,52,52,52,52,147,197,213,264,60,77,95,95,110,129,129,129,149,179,0,0,0,0],"floor_reached":50,"playtime":2093,"items_purged":[],"score":822,"play_id":"283c2544-eb7f-4548-8885-9cbdf9b3d3fa","local_time":"20180811101941","is_ascension_mode":true,"campfire_choices":[{"floor":8,"key":"REST"},{"data":"Go for the Eyes","floor":10,"key":"SMITH"},{"floor":15,"key":"REST"},{"floor":23,"key":"REST"},{"floor":30,"key":"REST"},{"floor":32,"key":"REST"},{"floor":40,"key":"REST"},{"floor":44,"key":"DIG"},{"floor":49,"key":"REST"}],"neow_cost":"CURSE","seed_source_timestamp":558898641905027,"circlet_count":0,"master_deck":["Strike_B","Strike_B","Defend_B","Defend_B","Defend_B","Zap","AscendersBane","Sweeping Beam+1","Leap","Stack","Go for the Eyes+1","BootSequence+1","Sunder","Conserve Battery+1","Core Surge","Leap","Echo Form","Sunder+1","Core Surge+1","Electrodynamics+1","Storm+1","Cold Snap","White Noise","White Noise+1","Master of Strategy","Static Discharge","Conserve Battery","Auto Shields+1","Coolheaded+1","Thunder Strike","Ball Lightning"],"relics":["Cracked Core","StoneCalendar","Smiling Mask","MawBank","Bag of Marbles","Letter Opener","Astrolabe","Ornamental Fan","Enchiridion","Ancient Tea Set","DataDisk","Tiny Chest","Bottled Tornado","Tiny House","Shovel","DollysMirror","Dead Branch","War Paint","Dream Catcher","Red Mask"],"potions_floor_usage":[7,11,12,24,27,33,41,46,46],"damage_taken":[{"damage":10,"enemies":"2 Louse","floor":1,"turns":3},{"damage":0,"enemies":"Small Slimes","floor":2,"turns":3},{"damage":6,"enemies":"Jaw Worm","floor":3,"turns":4},{"damage":5,"enemies":"2 Fungi Beasts","floor":6,"turns":3},{"damage":6,"enemies":"Lagavulin","floor":7,"turns":7},{"damage":35,"enemies":"Gremlin Nob","floor":11,"turns":4},{"damage":1,"enemies":"Looter","floor":12,"turns":2},{"damage":0,"enemies":"Exordium Wildlife","floor":13,"turns":3},{"damage":8,"enemies":"Lagavulin","floor":14,"turns":7},{"damage":33,"enemies":"Hexaghost","floor":16,"turns":11},{"damage":24,"enemies":"2 Thieves","floor":18,"turns":3},{"damage":13,"enemies":"Spheric Guardian","floor":22,"turns":4},{"damage":10,"enemies":"Slavers","floor":24,"turns":2},{"damage":18,"enemies":"Snecko","floor":25,"turns":5},{"damage":9,"enemies":"Centurion and Healer","floor":27,"turns":3},{"damage":0,"enemies":"3 Cultists","floor":29,"turns":3},{"damage":37,"enemies":"Automaton","floor":33,"turns":7},{"damage":8,"enemies":"Orb Walker","floor":35,"turns":3},{"damage":1,"floor":36,"turns":2},{"damage":0,"enemies":"3 Shapes","floor":38,"turns":2},{"damage":36,"enemies":"Spire Growth","floor":39,"turns":5},{"damage":7,"enemies":"Maw","floor":41,"turns":7},{"damage":0,"enemies":"Flame Bruiser 2 Orb","floor":42,"turns":3},{"damage":0,"enemies":"Transient","floor":45,"turns":5},{"damage":21,"enemies":"Nemesis","floor":46,"turns":7},{"damage":74,"enemies":"Awakened One","floor":50,"turns":6}],"seed_played":"-2963171054032841979","potions_obtained":[{"floor":1,"key":"Block Potion"},{"floor":2,"key":"Fire Potion"},{"floor":3,"key":"PowerPotion"},{"floor":11,"key":"Fruit Juice"},{"floor":16,"key":"Dexterity Potion"},{"floor":18,"key":"FearPotion"},{"floor":25,"key":"Regen Potion"},{"floor":34,"key":"AttackPotion"},{"floor":36,"key":"GamblersBrew"},{"floor":42,"key":"Regen Potion"}],"is_trial":false,"path_per_floor":["M","M","M","?","?","M","E","R","T","R","E","M","M","E","R","B",null,"M","?","?","?","M","R","E","M","T","M","$","M","R","$","R","B",null,"M","?","$","M","M","R","M","M","T","R","M","E","?","?","R"],"character_chosen":"DEFECT","items_purchased":["Tiny Chest","Bottled Tornado","SkillPotion","Master of Strategy","DollysMirror"],"campfire_rested":7,"item_purchase_floors":[28,28,28,28,37],"current_hp_per_floor":[58,58,52,45,45,40,34,56,56,56,21,25,25,17,41,8,62,38,38,38,22,9,33,23,5,5,12,12,12,36,36,60,23,71,70,69,69,69,33,58,51,51,51,51,51,45,45,45,70,0],"gold":0,"neow_bonus":"ONE_RARE_RELIC","is_prod":false,"is_daily":false,"chose_seed":false,"campfire_upgraded":1,"win_rate":0,"timestamp":1533997181,"path_taken":["M","M","M","?","?","M","E","R","T","R","E","M","M","E","R","BOSS","M","?","?","?","M","R","E","M","T","M","$","M","R","?","R","BOSS","M","?","$","M","?","R","M","M","T","R","M","E","?","?","R","BOSS"],"build_version":"2018-08-09","purchased_purges":0,"victory":false,"max_hp_per_floor":[75,75,75,75,75,75,75,75,75,75,75,80,80,80,80,80,80,80,80,80,80,80,80,80,80,80,80,80,80,80,80,80,80,85,85,85,85,85,85,85,85,85,85,85,85,85,85,85,85,85],"card_choices":[{"not_picked":["Gash","Heatsinks"],"picked":"Sweeping Beam","floor":1},{"not_picked":["Storm","Sweeping Beam"],"picked":"Leap","floor":2},{"not_picked":["Beam Cell","Streamline"],"picked":"Stack","floor":3},{"not_picked":["Streamline","Rebound"],"picked":"Go for the Eyes","floor":6},{"not_picked":["Cold Snap","Sweeping Beam"],"picked":"BootSequence","floor":7},{"not_picked":["Double Energy","Gash"],"picked":"Sunder","floor":11},{"not_picked":["Chill","Loop"],"picked":"Conserve Battery","floor":12},{"not_picked":["Steam","Force Field"],"picked":"Core Surge","floor":13},{"not_picked":["Streamline","Barrage"],"picked":"Leap","floor":14},{"not_picked":["Amplify","Biased Cognition"],"picked":"Echo Form","floor":16},{"not_picked":["Rebound+1","FTL","Tempest"],"picked":"SKIP","floor":18},{"not_picked":["Go for the Eyes","Leap"],"picked":"Storm+1","floor":22},{"not_picked":["Leap","Fusion+1"],"picked":"Cold Snap","floor":24},{"not_picked":["Turbo","Barrage"],"picked":"White Noise","floor":25},{"not_picked":["Lockon+1","Go for the Eyes"],"picked":"White Noise+1","floor":27},{"not_picked":["Rebound","Streamline","BootSequence"],"picked":"SKIP","floor":29},{"not_picked":["Heatsinks","Glacier"],"picked":"Static Discharge","floor":34},{"not_picked":["Rebound+1","Cold Snap+1","Chaos"],"picked":"SKIP","floor":35},{"not_picked":["Cold Snap","Reboot","Doom and Gloom"],"picked":"SKIP","floor":38},{"not_picked":["Cold Snap","Genetic Algorithm","Blizzard+1"],"picked":"SKIP","floor":39},{"not_picked":["Reprogram+1","Redo+1"],"picked":"Auto Shields+1","floor":41},{"not_picked":["Lockon","Skim"],"picked":"Coolheaded+1","floor":42},{"not_picked":["Sweeping Beam+1","Genetic Algorithm+1","Barrage"],"picked":"SKIP","floor":45},{"not_picked":["Rebound+1","Sweeping Beam+1"],"picked":"Thunder Strike","floor":46},{"not_picked":["Rip and Tear+1","Blizzard"],"picked":"Ball Lightning","floor":49}],"player_experience":450097,"relics_obtained":[{"floor":7,"key":"Smiling Mask"},{"floor":9,"key":"MawBank"},{"floor":11,"key":"Bag of Marbles"},{"floor":14,"key":"Letter Opener"},{"floor":21,"key":"Enchiridion"},{"floor":24,"key":"Ancient Tea Set"},{"floor":26,"key":"DataDisk"},{"floor":36,"key":"Shovel"},{"floor":43,"key":"Dead Branch"},{"floor":44,"key":"War Paint"},{"floor":46,"key":"Dream Catcher"}],"event_choices":[{"event_name":"Golden Wing","player_choice":"Card Removal","floor":4,"damage_taken":0},{"event_name":"Living Wall","player_choice":"Grow","floor":5,"damage_taken":0},{"event_name":"Addict","player_choice":"Obtained Relic","floor":19,"damage_taken":0},{"event_name":"The Joust","player_choice":"Bet on Owner","floor":20,"damage_taken":0},{"event_name":"Cursed Tome","player_choice":"Obtained Book","floor":21,"damage_taken":0},{"event_name":"Mysterious Sphere","player_choice":"Fight","floor":36,"damage_taken":0},{"event_name":"Tomb of Lord Red Mask","player_choice":"Paid","floor":47,"damage_taken":0},{"event_name":"Falling","player_choice":"Removed Skill","floor":48,"damage_taken":0}],"is_beta":false,"boss_relics":[{"not_picked":["White Beast Statue","Lizard Tail"],"picked":"Astrolabe"},{"not_picked":["Runic Pyramid","Sozu"],"picked":"Tiny House"}],"items_purged_floors":[],"is_endless":false,"potions_floor_spawned":[1,2,3,11,16,18,25,29,35,36,42,45],"killed_by":"Awakened One","ascension_level":11}