{"gold_per_floor":[364,383,383,393,405,439,514,533,559,559,569,569,583,338,338,438,438,454,454,196,215,233,233,250,173,243,243,258,271,271,25,25,123,123,143,155,155,168,168,168],"floor_reached":40,"playtime":1878,"items_purged":[],"score":417,"play_id":"aee415bd-f4e5-4b09-961e-203db18bc279","local_time":"20180630191840","is_ascension_mode":false,"campfire_choices":[{"floor":12.0,"key":"REST"},{"data":"Combust","floor":15.0,"key":"SMITH"},{"floor":23.0,"key":"REST"},{"floor":30.0,"key":"REST"},{"data":"Offering","floor":32.0,"key":"SMITH"}],"neow_cost":"","seed_source_timestamp":761491132669018,"circlet_count":0,"master_deck":["Strike_R","Strike_R","Strike_R","Strike_R","Strike_R","Defend_R","Defend_R","Defend_R","Defend_R","Bash","Twin Strike","Combust+1","Pummel","Rupture","Offering+1","Dropkick","Thunderclap","Flex","Limit Break+1","Armaments+1","Searing Blow+1","Seeing Red+1","J.A.X.+1","Flex+1","Iron Wave+1","Whirlwind+1","Flex+1","Reaper+1","Writhe","Combust+1","Swift Strike+1","Mind Blast+1","Dark Shackles+1"],"special_seed":0,"relics":["Burning Blood","Dodecahedron","Regal Pillow","Blood Vial","Toxic Egg 2","Eternal Feather","Molten Egg 2","Pear","Pantograph","Pen Nib","Mark of Pain"],"potions_floor_usage":[],"damage_taken":[{"damage":6.0,"enemies":"Jaw Worm","floor":1.0,"turns":5.0},{"damage":0.0,"enemies":"2 Louse","floor":2.0,"turns":2.0},{"damage":2.0,"enemies":"Small Slimes","floor":4.0,"turns":2.0},{"damage":8.0,"enemies":"Exordium Thugs","floor":5.0,"turns":3.0},{"damage":28.0,"enemies":"3 Sentries","floor":6.0,"turns":6.0},{"damage":18.0,"enemies":"Looter","floor":8.0,"turns":4.0},{"damage":6.0,"enemies":"Exordium Wildlife","floor":11.0,"turns":2.0},{"damage":23.0,"enemies":"Lots of Slimes","floor":13.0,"turns":3.0},{"damage":37.0,"enemies":"Hexaghost","floor":16.0,"turns":8.0},{"damage":26.0,"enemies":"2 Thieves","floor":18.0,"turns":4.0},{"damage":7.0,"enemies":"Chosen","floor":21.0,"turns":4.0},{"damage":29.0,"enemies":"Sentry and Sphere","floor":22.0,"turns":4.0},{"damage":42.0,"enemies":"Centurion and Healer","floor":24.0,"turns":4.0},{"damage":30.0,"enemies":"Snake Plant","floor":28.0,"turns":4.0},{"damage":14.0,"enemies":"Sentry and Sphere","floor":29.0,"turns":3.0},{"damage":46.0,"enemies":"Collector","floor":33.0,"turns":5.0},{"damage":36.0,"enemies":"3 Shapes","floor":35.0,"turns":4.0},{"damage":38.0,"enemies":"3 Darklings","floor":36.0,"turns":3.0},{"damage":56,"enemies":"4 Shapes","floor":38,"turns":2},{"damage":44,"enemies":"Maw","floor":40,"turns":6}],"seed_played":"8832402927744506920","potions_obtained":[{"floor":2.0,"key":"GamblersBrew"},{"floor":4.0,"key":"SpeedPotion"},{"floor":13.0,"key":"Block Potion"},{"floor":16.0,"key":"Explosive Potion"},{"floor":18.0,"key":"Fire Potion"},{"floor":24.0,"key":"Ancient Potion"},{"floor":29.0,"key":"Ancient Potion"},{"floor":33.0,"key":"Energy Potion"}],"is_trial":false,"path_per_floor":["M","M","?","M","M","E","?","M","T","?","M","R","M","$","R","B",null,"M","?","$","M","M","R","M","?","T","T","M","M","R","$","R","B",null,"M","M","?","M","?"],"character_chosen":"IRONCLAD","items_purchased":["Toxic Egg 2","Molten Egg 2","Pen Nib","Whirlwind+1","Flex+1"],"campfire_rested":3,"item_purchase_floors":[],"current_hp_per_floor":[80,80,68,72,70,48,37,25,25,25,27,66,51,51,51,22,80,60,45,45,46,25,73,39,39,49,49,27,21,74,74,84,55,95,85,67,91,45,35,0],"gold":168,"neow_bonus":"","is_prod":false,"is_daily":false,"chose_seed":false,"campfire_upgraded":2,"win_rate":0.0,"timestamp":1530361120,"path_taken":["M","M","?","M","M","E","?","M","T","?","M","R","M","$","R","BOSS","M","?","$","M","M","R","?","?","T","?","?","M","R","$","R","BOSS","M","M","?","M","?","M"],"build_version":"2018-06-28","purchased_purges":0,"victory":false,"max_hp_per_floor":[80,80,80,80,80,80,80,80,80,80,80,80,80,80,80,80,80,80,85,85,85,85,85,85,85,95,95,95,95,95,95,95,95,95,95,95,95,95,95,95],"card_choices":[{"not_picked":["Shockwave","Whirlwind"],"picked":"Twin Strike","floor":1.0},{"not_picked":["Heavy Blade","Body Slam"],"picked":"Combust","floor":2.0},{"not_picked":["Warcry","Disarm"],"picked":"Pummel","floor":4.0},{"not_picked":["Anger","Clothesline"],"picked":"Rupture","floor":5.0},{"not_picked":["Inflame","Iron Wave"],"picked":"Offering","floor":6.0},{"not_picked":["Bloodletting","Carnage"],"picked":"Dropkick","floor":8.0},{"not_picked":["Fire Breathing","Rampage"],"picked":"Thunderclap","floor":11.0},{"not_picked":["Cleave","Intimidate"],"picked":"Flex","floor":13.0},{"not_picked":["Double Tap+1","Bludgeon"],"picked":"Limit Break+1","floor":16.0},{"not_picked":["Body Slam","Clash"],"picked":"Armaments+1","floor":18.0},{"not_picked":["Clash+1","Perfected Strike+1","Thunderclap+1"],"picked":"SKIP","floor":21.0},{"not_picked":["Perfected Strike+1","Twin Strike+1"],"picked":"Searing Blow+1","floor":22.0},{"not_picked":["Pommel Strike+1","Berserk"],"picked":"Seeing Red+1","floor":24.0},{"not_picked":["Dropkick+1","Thunderclap+1"],"picked":"Flex+1","floor":28.0},{"not_picked":["Pommel Strike+1","Cleave+1"],"picked":"Iron Wave+1","floor":29.0},{"not_picked":["Fiend Fire+1","Barricade"],"picked":"Reaper+1","floor":33.0},{"not_picked":["Sword Boomerang+1","Bloodletting+1","Clash+1"],"picked":"SKIP","floor":35.0},{"not_picked":["Pummel+1","Clash+1","Searing Blow+1"],"picked":"SKIP","floor":36},{"not_picked":["Headbutt+1","Thunderclap+1"],"picked":"Combust+1","floor":38},{"not_picked":["Transmutation+1","Good Instincts+1"],"picked":"Swift Strike+1","floor":39},{"not_picked":["Good Instincts+1","Trip+1"],"picked":"Mind Blast+1","floor":39},{"not_picked":["Magnetism","Sadistic Nature"],"picked":"Dark Shackles+1","floor":39}],"player_experience":15469,"relics_obtained":[{"floor":6.0,"key":"Regal Pillow"},{"floor":9.0,"key":"Blood Vial"},{"floor":26.0,"key":"Pear"},{"floor":27.0,"key":"Pantograph"}],"event_choices":[{"event_name":"Scrap Ooze","player_choice":"success","floor":3.0,"damage_taken":12.0},{"event_name":"World of Goop","player_choice":"Gather Gold","floor":7.0,"damage_taken":0.0},{"event_name":"Fountain of Cleansing","player_choice":"Removed Curse","floor":10.0,"damage_taken":0.0},{"event_name":"Forgotten Altar","player_choice":"Shed Blood","floor":19.0,"damage_taken":0.0},{"event_name":"Drug Dealer","player_choice":"Got JAXXED","floor":25.0,"damage_taken":0.0},{"event_name":"Winding Halls","player_choice":"Writhe","floor":37,"damage_taken":0},{"event_name":"SensoryStone","player_choice":"Memory 3","floor":39,"damage_taken":0}],"boss_relics":[{"not_picked":["Snecko Eye","Coffee Dripper"],"picked":"Eternal Feather"},{"not_picked":["Runic Pyramid","Busted Crown"],"picked":"Mark of Pain"}],"items_purged_floors":[],"is_endless":false,"potions_floor_spawned":[2,4,13,16,18,24,29,33,38],"killed_by":"Maw","ascension_level":0}