{"gold_per_floor":[118,118,43,118,42,42,55,55,55,90,90,90,105,280,280,401,401,420,444,458,25,25,25,11,55,55,55,28,52,52,73,73,194,194,219,552,552,552,565,283,283,300,324,339,339,354,354,370,370,370],"floor_reached":50,"playtime":3291,"items_purged":["Injury","Doubt","Strike_B"],"score":605,"play_id":"dace477b-f148-449c-a524-34e6c15086a1","local_time":"20181129210846","is_ascension_mode":true,"campfire_choices":[{"data":"Zap","floor":6.0,"key":"SMITH"},{"data":"Dualcast","floor":8.0,"key":"SMITH"},{"data":"Core Surge","floor":12.0,"key":"SMITH"},{"data":"Loop","floor":15.0,"key":"SMITH"},{"floor":23.0,"key":"REST"},{"floor":27.0,"key":"REST"},{"floor":32.0,"key":"REST"},{"floor":41.0,"key":"REST"},{"floor":45.0,"key":"REST"},{"data":"Capacitor","floor":47.0,"key":"SMITH"},{"floor":49,"key":"REST"}],"neow_cost":"NONE","seed_source_timestamp":0,"circlet_count":0,"master_deck":["Strike_B+1","Strike_B","Strike_B","Defend_B","Defend_B","Defend_B","Defend_B","Zap+1","Dualcast+1","Hologram+1","Capacitor+1","Loop+1","Core Surge+1","Leap","Rainbow","Hologram+1","FTL+1","Coolheaded","Defragment","Seek","Go for the Eyes","Coolheaded","Darkness+1","Leap+1","Redo+1","White Noise+1","Amplify+1","Turbo+1","Doom and Gloom+1","Consume+1","Redo+1","Defragment","Redo+1","Parasite","Chill+1","Capacitor"],"special_seed":0,"relics":["FrozenCore","NeowsBlessing","Matryoshka","Smiling Mask","Membership Card","Dream Catcher","Regal Pillow","Darkstone Periapt","Toxic Egg 2","Eternal Feather","Bottled Flame","Bag of Preparation","PreservedInsect","ClockworkSouvenir","Oddly Smooth Stone"],"potions_floor_usage":[],"damage_taken":[{"damage":0.0,"enemies":"Small Slimes","floor":1.0,"turns":1.0},{"damage":0.0,"enemies":"Jaw Worm","floor":7.0,"turns":1.0},{"damage":0.0,"enemies":"3 Sentries","floor":10.0,"turns":2.0},{"damage":0.0,"enemies":"2 Louse","floor":13.0,"turns":2.0},{"damage":27.0,"enemies":"Hexaghost","floor":16.0,"turns":8.0},{"damage":22.0,"enemies":"2 Thieves","floor":18.0,"turns":5.0},{"damage":8.0,"enemies":"Shell Parasite","floor":19.0,"turns":4.0},{"damage":18.0,"enemies":"Snake Plant","floor":20.0,"turns":6.0},{"damage":21.0,"enemies":"Book of Stabbing","floor":25.0,"turns":7.0},{"damage":4.0,"enemies":"Centurion and Healer","floor":29.0,"turns":10.0},{"damage":17.0,"enemies":"Colosseum Slavers","floor":30.0,"turns":6.0},{"damage":2.0,"enemies":"Chosen and Byrds","floor":31.0,"turns":6.0},{"damage":32.0,"enemies":"Collector","floor":33.0,"turns":11.0},{"damage":0.0,"enemies":"Orb Walker","floor":35.0,"turns":3.0},{"damage":65.0,"enemies":"3 Darklings","floor":39.0,"turns":7.0},{"damage":8.0,"enemies":"4 Shapes","floor":42.0,"turns":7.0},{"damage":24.0,"enemies":"Sphere and 2 Shapes","floor":44.0,"turns":9.0},{"damage":7.0,"enemies":"Spire Growth","floor":46.0,"turns":5.0},{"damage":57,"enemies":"Writhing Mass","floor":48,"turns":6},{"damage":88,"enemies":"Awakened One","floor":50,"turns":4}],"seed_played":"4044302132889077790","potions_obtained":[{"floor":7.0,"key":"SkillPotion"},{"floor":13.0,"key":"Ancient Potion"},{"floor":18.0,"key":"Energy Potion"},{"floor":25.0,"key":"SpeedPotion"},{"floor":33.0,"key":"SkillPotion"},{"floor":39.0,"key":"SpeedPotion"},{"floor":44.0,"key":"Explosive Potion"}],"is_trial":false,"path_per_floor":["M","?","$","?","$","R","M","R","T","E","?","R","M","?","R","B",null,"M","M","M","$","?","R","$","E","T","R","$","M","?","M","R","B",null,"M","?","?","T","M","$","R","M","T","M","R","M","R","M","R","B"],"character_chosen":"DEFECT","items_purchased":["Capacitor","Membership Card","Defragment","Dream Catcher","Seek","Coolheaded","Redo+1","PreservedInsect","Explosive Potion","SkillPotion","ClockworkSouvenir"],"campfire_rested":6,"item_purchase_floors":[5,21,21,21,21,24,28,40,40,40,40],"current_hp_per_floor":[75,75,75,64,64,64,64,64,64,64,49,49,49,49,49,22,75,53,45,27,27,27,49,49,28,28,65,65,61,44,42,75,43,75,75,75,75,75,10,10,62,54,54,30,75,68,75,24,81,0],"gold":370,"neow_bonus":"THREE_ENEMY_KILL","is_prod":false,"is_daily":false,"chose_seed":false,"campfire_upgraded":5,"win_rate":0,"timestamp":1543493326,"path_taken":["M","?","$","?","$","R","M","R","T","E","?","R","M","?","R","BOSS","M","M","M","$","?","R","?","E","T","R","$","M","?","M","R","BOSS","M","?","?","?","M","$","R","M","T","M","R","?","R","M","R","BOSS"],"build_version":"2018-11-15","purchased_purges":3,"victory":false,"max_hp_per_floor":[75,75,75,75,75,75,75,75,75,75,75,75,75,75,75,75,75,75,75,75,75,75,75,75,75,75,75,75,75,75,75,75,75,75,75,75,75,75,75,75,75,75,75,75,75,75,75,81,81,81],"card_choices":[{"not_picked":["Turbo","Gash"],"picked":"Hologram","floor":1.0},{"not_picked":["Skim","Doom and Gloom"],"picked":"Loop","floor":7.0},{"not_picked":["Streamline","Hologram"],"picked":"Core Surge","floor":10.0},{"not_picked":["Sweeping Beam","Rebound"],"picked":"Leap","floor":13.0},{"not_picked":["Biased Cognition","Fission"],"picked":"Rainbow","floor":16.0},{"not_picked":["Stack","Aggregate"],"picked":"Hologram+1","floor":18.0},{"not_picked":["Stack","Coolheaded"],"picked":"FTL+1","floor":19.0},{"not_picked":["Thunder Strike","Leap"],"picked":"Coolheaded","floor":20.0},{"not_picked":["Redo","Streamline"],"picked":"Go for the Eyes","floor":23.0},{"not_picked":["Gash","Reprogram"],"picked":"Darkness+1","floor":25.0},{"not_picked":["Rainbow+1","Hologram+1"],"picked":"Leap+1","floor":27.0},{"not_picked":["Double Energy+1","Auto Shields+1"],"picked":"White Noise+1","floor":29.0},{"not_picked":["Sweeping Beam","Compile Driver","Melter+1"],"picked":"SKIP","floor":31.0},{"not_picked":["Meteor Strike","Thunder Strike"],"picked":"Amplify+1","floor":33.0},{"not_picked":["Beam Cell+1","Lockon+1"],"picked":"Turbo+1","floor":35.0},{"not_picked":["Go for the Eyes","Beam Cell"],"picked":"Doom and Gloom+1","floor":39.0},{"not_picked":["Barrage","Aggregate+1"],"picked":"Consume+1","floor":41.0},{"not_picked":["Steam Power+1","Hello World+1"],"picked":"Redo+1","floor":42.0},{"not_picked":["Ball Lightning","Leap+1"],"picked":"Defragment","floor":44.0},{"not_picked":["FTL","Cold Snap"],"picked":"Redo+1","floor":46.0},{"not_picked":["Hologram+1","Hello World+1"],"picked":"Chill+1","floor":48},{"not_picked":["Hello World+1","Self Repair+1"],"picked":"Capacitor","floor":49}],"player_experience":121941,"relics_obtained":[{"floor":9.0,"key":"Matryoshka"},{"floor":10.0,"key":"Smiling Mask"},{"floor":25.0,"key":"Regal Pillow"},{"floor":26.0,"key":"Darkstone Periapt"},{"floor":26.0,"key":"Toxic Egg 2"},{"floor":38.0,"key":"Bottled Flame"},{"floor":38.0,"key":"Bag of Preparation"},{"floor":43.0,"key":"Oddly Smooth Stone"}],"event_choices":[{"damage_healed":0.0,"max_hp_gain":0.0,"max_hp_loss":0.0,"gold_gain":0.0,"event_name":"Golden Idol","player_choice":"Take Wound","floor":2.0,"gold_loss":0.0,"damage_taken":0.0,"relics_obtained":["Golden Idol"],"cards_obtained":["Injury"]},{"damage_healed":0.0,"max_hp_gain":0.0,"max_hp_loss":0.0,"gold_gain":75.0,"event_name":"World of Goop","player_choice":"Gather Gold","floor":4.0,"gold_loss":0.0,"damage_taken":11.0},{"damage_healed":0.0,"max_hp_gain":0.0,"max_hp_loss":0.0,"gold_gain":0.0,"event_name":"Shining Light","player_choice":"Entered Light","floor":11.0,"gold_loss":0.0,"damage_taken":15.0,"cards_upgraded":["Hologram","Strike_B"]},{"damage_healed":0.0,"max_hp_gain":0.0,"max_hp_loss":0.0,"gold_gain":175.0,"event_name":"Liars Game","player_choice":"AGREE","floor":14.0,"gold_loss":0.0,"damage_taken":0.0,"cards_obtained":["Doubt"]},{"damage_healed":0.0,"max_hp_gain":0.0,"max_hp_loss":0.0,"gold_gain":0.0,"event_name":"Cursed Tome","player_choice":"Ignored","floor":22.0,"gold_loss":0.0,"damage_taken":0.0},{"damage_healed":0.0,"max_hp_gain":0.0,"max_hp_loss":0.0,"gold_gain":0.0,"event_name":"Colosseum","player_choice":"Fight","floor":30.0,"gold_loss":0.0,"damage_taken":0.0},{"damage_healed":0.0,"max_hp_gain":0.0,"max_hp_loss":0.0,"gold_gain":0.0,"event_name":"Colosseum","player_choice":"Fled From Nobs","floor":30.0,"gold_loss":0.0,"damage_taken":0.0},{"damage_healed":0.0,"max_hp_gain":0.0,"max_hp_loss":0.0,"gold_gain":333.0,"event_name":"The Moai Head","player_choice":"Gave Idol","floor":36.0,"relics_lost":["Golden Idol"],"gold_loss":0.0,"damage_taken":0.0},{"damage_healed":0.0,"max_hp_gain":0.0,"max_hp_loss":0.0,"gold_gain":0.0,"event_name":"Tomb of Lord Red Mask","player_choice":"Ignored","floor":37.0,"gold_loss":0.0,"damage_taken":0.0}],"is_beta":false,"boss_relics":[{"not_picked":["Empty Cage","Runic Pyramid"],"picked":"FrozenCore"},{"not_picked":["Inserter","Tiny House"],"picked":"Eternal Feather"}],"items_purged_floors":[3,21,40],"is_endless":false,"potions_floor_spawned":[7,13,18,25,30,33,39,44],"killed_by":"Awakened One","ascension_level":3}