{"gold_per_floor":[110,120,137,137,137,177,198,198,225,225],"floor_reached":10,"playtime":374,"items_purged":[],"score":136,"play_id":"4aafe537-5713-43be-888d-5a94bfbfa293","local_time":"20181202192956","is_ascension_mode":true,"campfire_choices":[{"floor":8,"key":"REST"}],"neow_cost":"TEN_PERCENT_HP_LOSS","seed_source_timestamp":719144182720662,"circlet_count":0,"master_deck":["AscendersBane","Defend_G","Defend_G","Defend_G","Defend_G","Defend_G","Strike_G","Strike_G+1","Strike_G","Strike_G","Strike_G+1","Survivor","Neutralize","Sucker Punch","Poisoned Stab","Backflip","Deadly Poison","Grand Finale"],"relics":["Ring of the Snake","Bird Faced Urn","Golden Idol","Bag of Preparation","Omamori"],"potions_floor_usage":[6,10],"damage_taken":[{"damage":1,"enemies":"Small Slimes","floor":1,"turns":4},{"damage":0,"enemies":"Jaw Worm","floor":2,"turns":4},{"damage":3,"enemies":"Cultist","floor":3,"turns":4},{"damage":6,"enemies":"Gremlin Nob","floor":6,"turns":3},{"damage":30,"enemies":"Gremlin Gang","floor":7,"turns":4},{"damage":27,"enemies":"Lagavulin","floor":10,"turns":8}],"seed_played":"-4927012502537893321","potions_obtained":[{"floor":3,"key":"FearPotion"},{"floor":6,"key":"Fruit Juice"}],"is_trial":false,"path_per_floor":["M","M","M","?","?","E","M","R","T","E"],"character_chosen":"THE_SILENT","items_purchased":[],"campfire_rested":1,"item_purchase_floors":[],"current_hp_per_floor":[58,58,55,54,38,32,2,18,18,0],"gold":225,"neow_bonus":"ONE_RARE_RELIC","is_prod":false,"is_daily":false,"chose_seed":false,"campfire_upgraded":0,"win_rate":0,"timestamp":1543796996,"path_taken":["M","M","M","?","?","E","M","R","T","E"],"build_version":"2018-11-15","purchased_purges":0,"victory":false,"max_hp_per_floor":[60,60,60,54,54,54,54,54,54,59],"card_choices":[{"not_picked":["Deflect","Outmaneuver"],"picked":"Sucker Punch","floor":1},{"not_picked":["Outmaneuver","Eviscerate"],"picked":"Poisoned Stab","floor":2},{"not_picked":["Accuracy","Distraction"],"picked":"Backflip","floor":3},{"not_picked":["Tactician","Prepared"],"picked":"Deadly Poison","floor":6},{"not_picked":["Concentrate","Deflect"],"picked":"Grand Finale","floor":7}],"player_experience":653246,"relics_obtained":[{"floor":6,"key":"Bag of Preparation"},{"floor":9,"key":"Omamori"}],"event_choices":[{"damage_healed":0,"gold_gain":0,"player_choice":"Lose Max HP","damage_taken":0,"relics_obtained":["Golden Idol"],"max_hp_gain":0,"max_hp_loss":6,"event_name":"Golden Idol","floor":4,"gold_loss":0},{"damage_healed":0,"gold_gain":0,"player_choice":"Entered Light","damage_taken":16,"max_hp_gain":0,"max_hp_loss":0,"event_name":"Shining Light","floor":5,"gold_loss":0,"cards_upgraded":["Strike_G","Strike_G"]}],"is_beta":false,"boss_relics":[],"items_purged_floors":[],"is_endless":false,"potions_floor_spawned":[3,6],"killed_by":"Lagavulin","ascension_level":20}