{"path_per_floor":["M","?","M","?","?","E","R","E","T","M","$","R","E","?","R","B",null,"M","$","?","?","M","R","E","R","T","M","R","M","R","?","R","B",null,"M","?","M","?","$","R","E","R","T","R","$","R","M","M","R","B"],"character_chosen":"IRONCLAD","items_purchased":["Whetstone","Clash"],"gold_per_floor":[12,12,25,25,25,56,56,82,82,97,22,22,53,113,113,217,217,183,8,8,8,21,21,50,50,101,114,114,124,124,39,39,139,139,155,155,166,0,0,0,26,26,26,26,26,26,44,63,63,63],"floor_reached":51,"campfire_rested":2,"playtime":3642,"current_hp_per_floor":[80,80,80,80,80,58,58,25,25,30,30,54,43,45,45,22,66,59,59,43,43,54,78,58,58,58,56,56,64,64,64,64,76,79,80,70,56,56,56,56,68,68,68,68,68,68,79,80,80,74],"items_purged":["Defend_R"],"gold":63,"score":728,"play_id":"f4359acb-ad47-4433-859b-1196ec76530d","is_prod":false,"is_daily":false,"is_ascension_mode":true,"campfire_upgraded":11,"path_taken":["M","?","?","?","?","E","R","E","T","?","$","R","E","?","R","BOSS","M","$","?","?","M","R","E","R","T","?","R","M","R","?","R","BOSS","M","?","M","?","?","R","E","R","T","R","$","R","M","M","R","BOSS"],"build_version":"2018-02-22-PROD2","purchased_purges":1,"victory":true,"master_deck":["Defend_R+1","Defend_R+1","Bash+1","Power Through+1","Immolate+1","Clothesline+1","Barricade+1","Thunderclap+1","Armaments+1","Infernal Blade+1","Flex+1","Impervious+1","Metallicize+1","Carnage+1","Sentinel+1","Clash","Necronomicurse","Bloodletting+1","Intimidate+1","Demon Form+1","Madness","Madness","Metallicize+1","Bludgeon+1"],"max_hp_per_floor":[80,80,80,80,80,80,80,80,80,80,80,80,80,80,80,80,80,80,80,80,80,80,80,80,80,80,80,80,80,80,80,80,80,80,80,80,80,80,80,80,80,80,80,80,80,80,80,80,80,83],"relics":["Burning Blood","Mummified Hand","Blood Vial","Magic Flower","War Paint","Bottled Lightning","Astrolabe","Whetstone","Necronomicon","Letter Opener","Bag of Preparation","Happy Flower","Snecko Eye","Red Mask","Pen Nib","Dead Branch"],"card_choices":[{"not_picked":["Iron Wave","Clash"],"picked":"Clothesline"},{"not_picked":["Sever Soul","Sword Boomerang"],"picked":"Thunderclap"},{"not_picked":["True Grit","Flex"],"picked":"Armaments"},{"not_picked":["Warcry","Bludgeon"],"picked":"Infernal Blade"},{"not_picked":["Dropkick","Havoc"],"picked":"Flex"},{"not_picked":["Juggernaut","Bludgeon"],"picked":"Impervious"},{"not_picked":["Body Slam","Twin Strike"],"picked":"Bloodletting"},{"not_picked":["Burning Pact","Thunderclap"],"picked":"Intimidate"},{"not_picked":["Offering","Immolate"],"picked":"Demon Form"},{"not_picked":["Armaments","Clash"],"picked":"Metallicize"},{"not_picked":["Rage","Headbutt"],"picked":"Bludgeon"}],"player_experience":133669,"potions_floor_usage":[13,24,33,33,50,50],"damage_taken":[{"damage":5,"enemies":"Small Slimes","floor":1,"turns":4},{"damage":0,"enemies":"Cultist","floor":3,"turns":4},{"damage":28,"enemies":"Gremlin Nob","floor":6,"turns":5},{"damage":39,"enemies":"3 Sentries","floor":8,"turns":8},{"damage":7,"enemies":"Jaw Worm","floor":10,"turns":3},{"damage":23,"enemies":"Gremlin Nob","floor":13,"turns":4},{"damage":10,"enemies":"3 Sentries","floor":14,"turns":8},{"damage":35,"enemies":"The Guardian","floor":16,"turns":11},{"damage":19,"enemies":"2 Thieves","floor":18,"turns":5},{"damage":1,"enemies":"Shell Parasite","floor":22,"turns":7},{"damage":31,"enemies":"Gremlin Leader","floor":24,"turns":7},{"damage":14,"enemies":"Snake Plant","floor":27,"turns":3},{"damage":4,"enemies":"Centurion and Healer","floor":29,"turns":4},{"damage":0,"enemies":"Collector","floor":33,"turns":5},{"damage":0,"enemies":"3 Shapes","floor":35,"turns":2},{"damage":26,"enemies":"3 Darklings","floor":37,"turns":3},{"damage":0,"enemies":"Nemesis","floor":41,"turns":9},{"damage":1,"enemies":"Maw","floor":47,"turns":5},{"damage":0,"enemies":"Sphere and 2 Shapes","floor":48,"turns":2},{"damage":20,"enemies":"Donu and Deca","floor":50,"turns":7}],"event_choices":[{"event_name":"Match and Keep!","player_choice":"1 cards matched","floor":2,"damage_taken":0},{"event_name":"The Cleric","player_choice":"Leave","floor":4,"damage_taken":0},{"event_name":"Purifier","player_choice":"One Purge","floor":5,"damage_taken":0},{"event_name":"Dead Adventurer","player_choice":"Searched \u00273\u0027 times","floor":14,"damage_taken":0},{"event_name":"Cursed Tome","player_choice":"Obtained Book","floor":20,"damage_taken":0},{"event_name":"Upgrade Shrine","player_choice":"Upgraded","floor":21,"damage_taken":0},{"event_name":"Addict","player_choice":"Obtained Relic","floor":31,"damage_taken":0},{"event_name":"Winding Halls","player_choice":"Embrace Madness","floor":36,"damage_taken":0},{"event_name":"Tomb of Lord Red Mask","player_choice":"Paid","floor":38,"damage_taken":0}],"boss_relics":[{"not_picked":["Runic Pyramid","Philosopher\u0027s Stone"],"picked":"Astrolabe"},{"not_picked":["Black Star","Orrery"],"picked":"Snecko Eye"}],"potions_floor_spawned":[6,14,16,24,27,47,48],"seed_played":"-5522666519921213308","ascension_level":5,"is_trial":false}