{"gold_per_floor":[112,112,124,143,161,161,174,184,184,184,184,215,234,263,263,336,336,349,349,10,21,32,32,61,61,61,61,71,12,46,59,59,138,138,149,161,3,3,3,3,15,15,66,66,94,108,58,0,0,0],"floor_reached":51,"playtime":2334,"items_purged":["Shame","Writhe","Strike_G"],"score":1431,"play_id":"ea7be9a2-4ec7-4f8c-8371-d08f34f499ae","local_time":"20181013175221","is_ascension_mode":true,"campfire_choices":[{"data":"Bouncing Flask","floor":6,"key":"SMITH"},{"data":"Footwork","floor":10,"key":"SMITH"},{"data":"Leg Sweep","floor":15,"key":"SMITH"},{"data":"Wraith Form v2","floor":23,"key":"SMITH"},{"floor":25,"key":"REST"},{"data":"Die Die Die","floor":27,"key":"SMITH"},{"data":"Noxious Fumes","floor":32,"key":"SMITH"},{"data":"Crippling Poison","floor":40,"key":"SMITH"},{"data":"Predator","floor":42,"key":"SMITH"},{"floor":44,"key":"REST"},{"floor":49,"key":"REST"}],"neow_cost":"NONE","seed_source_timestamp":494056832192448,"circlet_count":0,"master_deck":["Defend_G","Defend_G","Defend_G+1","Defend_G","Defend_G","Strike_G","Strike_G","Survivor","Neutralize+1","AscendersBane","Bouncing Flask+1","Leg Sweep+1","Flying Knee","Die Die Die+1","Footwork+1","Dash","Concentrate","Deflect","Wraith Form v2+1","Backflip","Noxious Fumes+1","Dodge and Roll","Crippling Poison+1","Bullet Time","Predator+1","Dodge and Roll"],"relics":["Runic Pyramid","Mercury Hourglass","PreservedInsect","Lantern","Busted Crown","Torii","Snake Skull","Bag of Marbles","Bottled Flame","Orichalcum","Empty Cage","Du-Vu Doll","Smiling Mask","Centennial Puzzle","Red Mask"],"potions_floor_usage":[12,12,18,22,24,30,35,50],"damage_taken":[{"damage":3,"enemies":"2 Louse","floor":1,"turns":3},{"damage":2,"enemies":"Small Slimes","floor":3,"turns":4},{"damage":0,"enemies":"Cultist","floor":4,"turns":3},{"damage":4,"enemies":"Red Slaver","floor":5,"turns":5},{"damage":0,"enemies":"3 Louse","floor":7,"turns":2},{"damage":11,"enemies":"Exordium Thugs","floor":8,"turns":4},{"damage":1,"enemies":"Lagavulin","floor":12,"turns":7},{"damage":5,"enemies":"Lots of Slimes","floor":13,"turns":4},{"damage":12,"enemies":"3 Sentries","floor":14,"turns":3},{"damage":1,"enemies":"Hexaghost","floor":16,"turns":10},{"damage":7,"enemies":"2 Thieves","floor":18,"turns":4},{"damage":13,"enemies":"Shell Parasite","floor":21,"turns":6},{"damage":12,"enemies":"Centurion and Healer","floor":22,"turns":8},{"damage":18,"enemies":"Gremlin Leader","floor":24,"turns":5},{"damage":1,"enemies":"Snake Plant","floor":28,"turns":3},{"damage":0,"enemies":"Slavers","floor":30,"turns":1},{"damage":0,"enemies":"Sentry and Sphere","floor":31,"turns":6},{"damage":24,"enemies":"Champ","floor":33,"turns":10},{"damage":9,"enemies":"3 Darklings","floor":35,"turns":4},{"damage":1,"enemies":"Orb Walker","floor":36,"turns":5},{"damage":0,"enemies":"Mind Bloom Boss Battle","floor":38,"turns":8},{"damage":8,"enemies":"4 Shapes","floor":41,"turns":4},{"damage":0,"enemies":"Giant Head","floor":45,"turns":8},{"damage":9,"enemies":"Reptomancer","floor":46,"turns":5},{"damage":35,"enemies":"Donu and Deca","floor":50,"turns":9}],"seed_played":"-2079871453920352625","potions_obtained":[{"floor":1,"key":"Regen Potion"},{"floor":5,"key":"Regen Potion"},{"floor":14,"key":"Energy Potion"},{"floor":16,"key":"FearPotion"},{"floor":18,"key":"PowerPotion"},{"floor":22,"key":"Fire Potion"},{"floor":28,"key":"FearPotion"},{"floor":35,"key":"GamblersBrew"},{"floor":45,"key":"Swift Potion"}],"is_trial":false,"path_per_floor":["M","?","M","M","M","R","M","M","T","R","?","E","M","E","R","B",null,"M","?","$","M","M","R","E","R","T","R","M","$","E","M","R","B",null,"M","M","$","?","?","R","M","R","T","R","E","M","$","?","R","B"],"character_chosen":"THE_SILENT","items_purchased":["Snake Skull","Noxious Fumes","AttackPotion","Fire Potion"],"campfire_rested":3,"item_purchase_floors":[20,20,29,37],"current_hp_per_floor":[56,36,34,34,30,30,30,19,19,19,19,66,61,49,49,48,62,55,55,55,42,30,30,12,31,31,31,30,30,30,30,30,6,51,42,41,41,41,41,41,33,33,33,51,51,42,42,42,60,25],"gold":0,"neow_bonus":"BOSS_RELIC","is_prod":false,"is_daily":false,"chose_seed":false,"campfire_upgraded":8,"win_rate":0,"timestamp":1539467541,"path_taken":["M","?","M","M","M","R","M","?","T","R","?","E","?","E","R","BOSS","M","?","$","M","M","R","E","R","T","R","?","$","E","M","R","BOSS","M","M","$","?","?","R","M","R","T","R","E","?","$","?","R","BOSS"],"build_version":"2018-10-11","purchased_purges":3,"victory":true,"max_hp_per_floor":[66,66,66,66,66,66,66,66,66,66,66,66,66,66,66,66,66,66,66,66,66,66,66,66,66,66,66,66,66,66,66,66,66,66,66,66,66,66,63,63,63,63,63,63,63,63,63,63,63,63],"card_choices":[{"not_picked":["Infinite Blades","Poisoned Stab"],"picked":"Bouncing Flask","floor":1},{"not_picked":["Dodge and Roll","Poisoned Stab"],"picked":"Leg Sweep","floor":3},{"not_picked":["Blade Dance","Escape Plan"],"picked":"Flying Knee","floor":4},{"not_picked":["Dodge and Roll","Slice"],"picked":"Die Die Die","floor":5},{"not_picked":["Catalyst","Blur"],"picked":"Footwork","floor":7},{"not_picked":["Underhanded Strike","Endless Agony","Acrobatics"],"picked":"SKIP","floor":8},{"not_picked":["Finisher","Bouncing Flask"],"picked":"Dash","floor":12},{"not_picked":["Concentrate","Blade Dance","Outmaneuver"],"picked":"SKIP","floor":13},{"not_picked":["Blade Dance","Outmaneuver"],"picked":"Concentrate","floor":13},{"not_picked":["Dagger Throw","Slice"],"picked":"Deflect","floor":14},{"not_picked":["Storm of Steel","Unload"],"picked":"Wraith Form v2","floor":16},{"not_picked":[],"picked":"Backflip","floor":18},{"not_picked":["Tactician"],"picked":"SKIP","floor":21},{"not_picked":["Tactician"],"picked":"SKIP","floor":21},{"not_picked":["Bane"],"picked":"SKIP","floor":22},{"not_picked":[],"picked":"Dodge and Roll","floor":24},{"not_picked":["Setup+1"],"picked":"SKIP","floor":28},{"not_picked":["Riddle With Holes+1"],"picked":"SKIP","floor":30},{"not_picked":[],"picked":"Crippling Poison","floor":31},{"not_picked":[],"picked":"Bullet Time","floor":33},{"not_picked":["Dagger Spray"],"picked":"SKIP","floor":35},{"not_picked":["Prepared"],"picked":"SKIP","floor":36},{"not_picked":[],"picked":"Predator","floor":38},{"not_picked":["Underhanded Strike"],"picked":"SKIP","floor":41},{"not_picked":["Prepared"],"picked":"SKIP","floor":45},{"not_picked":[],"picked":"Dodge and Roll","floor":46}],"player_experience":558445,"relics_obtained":[{"floor":9,"key":"Mercury Hourglass"},{"floor":12,"key":"PreservedInsect"},{"floor":14,"key":"Lantern"},{"floor":24,"key":"Bag of Marbles"},{"floor":26,"key":"Bottled Flame"},{"floor":30,"key":"Orichalcum"},{"floor":38,"key":"Du-Vu Doll"},{"floor":43,"key":"Smiling Mask"},{"floor":45,"key":"Centennial Puzzle"}],"event_choices":[{"event_name":"Shining Light","player_choice":"Entered Light","floor":2,"damage_taken":0},{"event_name":"Match and Keep!","player_choice":"1 cards matched","floor":11,"damage_taken":0},{"event_name":"The Mausoleum","player_choice":"Yes","floor":19,"damage_taken":0},{"event_name":"MindBloom","player_choice":"Fight","floor":38,"damage_taken":0},{"event_name":"Winding Halls","player_choice":"Max HP","floor":39,"damage_taken":0},{"event_name":"Tomb of Lord Red Mask","player_choice":"Paid","floor":48,"damage_taken":0}],"is_beta":false,"boss_relics":[{"not_picked":["Runic Dome","Pandora\u0027s Box"],"picked":"Busted Crown"},{"not_picked":["Philosopher\u0027s Stone","WristBlade"],"picked":"Empty Cage"}],"items_purged_floors":[20,37,47],"is_endless":false,"potions_floor_spawned":[1,5,7,14,16,18,22,28,35,41,45],"ascension_level":18}