{"path_per_floor":["M","$","?","M","?","R","M","R","T","E","M","M","E","M","R","B",null,"M","M","?","M","?"],"character_chosen":"THE_SILENT","items_purchased":["Noxious Fumes"],"gold_per_floor":[113,32,32,46,46,46,66,66,66,102,125,145,188,206,206,325,325,338,361,361,382,382],"floor_reached":23,"campfire_rested":3,"playtime":1190,"current_hp_per_floor":[16,16,4,4,4,23,23,42,42,18,9,9,18,7,30,15,79,71,60,60,30,30],"items_purged":[],"gold":382,"score":223,"play_id":"b5a442bc-6f67-4ad2-8143-06bf44b37afa","is_prod":false,"is_daily":false,"is_ascension_mode":true,"campfire_upgraded":0,"path_taken":["M","?","?","M","?","R","M","R","T","E","M","M","E","M","R","BOSS","M","M","?","M","?","E"],"build_version":"2018-02-15-PROD1","purchased_purges":0,"victory":false,"master_deck":["Defend_G","Defend_G","Defend_G","Strike_G","Strike_G","Strike_G","Survivor","Neutralize","Dash","Noxious Fumes","Dagger Throw","Cloak And Dagger","Slice","Flying Knee","A Thousand Cuts","Leg Sweep","Footwork","Sucker Punch","Envenom","Adrenaline+1","Storm of Steel+1","Dagger Spray+1","Blade Dance","Prepared+1","Blur","Infinite Blades","Slice"],"max_hp_per_floor":[70,70,70,70,65,65,65,65,65,65,65,65,79,79,79,79,79,79,79,79,79,79],"relics":["Ring of the Snake","Dead Branch","Bag of Preparation","Golden Idol","Dream Catcher","Sundial","Mango","Astrolabe"],"card_choices":[{"not_picked":["Dagger Spray","Poisoned Stab"],"picked":"Dash"},{"not_picked":["Doppelganger","Choke"],"picked":"Dagger Throw"},{"not_picked":["Crippling Poison","Poisoned Stab"],"picked":"Cloak And Dagger"},{"not_picked":["Poisoned Stab","Caltrops"],"picked":"Slice"},{"not_picked":["Bouncing Flask","Deflect"],"picked":"Flying Knee"},{"not_picked":["Deadly Poison","Bouncing Flask"],"picked":"A Thousand Cuts"},{"not_picked":["Dagger Throw","Noxious Fumes"],"picked":"Leg Sweep"},{"not_picked":["Dagger Throw","Quick Slash"],"picked":"Footwork"},{"not_picked":["Choke","Deadly Poison"],"picked":"Sucker Punch"},{"not_picked":["Unload","Wraith Form"],"picked":"Envenom"},{"not_picked":["Distraction","Backflip"],"picked":"Blade Dance"},{"not_picked":["Backflip","Blade Dance"],"picked":"Prepared"},{"not_picked":["Quick Slash","Bane"],"picked":"Infinite Blades"}],"player_experience":99026,"potions_floor_usage":[10,14,16,23],"damage_taken":[{"damage":19,"enemies":"Cultist","floor":1,"turns":6},{"damage":0,"enemies":"Jaw Worm","floor":4,"turns":4},{"damage":0,"enemies":"Small Slimes","floor":7,"turns":3},{"damage":24,"enemies":"Lagavulin","floor":10,"turns":7},{"damage":9,"enemies":"3 Louse","floor":11,"turns":2},{"damage":0,"enemies":"Looter","floor":12,"turns":3},{"damage":5,"enemies":"3 Sentries","floor":13,"turns":5},{"damage":11,"enemies":"Exordium Thugs","floor":14,"turns":5},{"damage":15,"enemies":"Hexaghost","floor":16,"turns":11},{"damage":8,"enemies":"Shell Parasite","floor":18,"turns":7},{"damage":11,"enemies":"2 Thieves","floor":19,"turns":3},{"damage":30,"enemies":"Snake Plant","floor":21,"turns":6},{"damage":32,"enemies":"Gremlin Leader","floor":23,"turns":5}],"event_choices":[{"event_name":"Scrap Ooze","player_choice":"success","floor":3,"damage_taken":12},{"event_name":"Golden Idol","player_choice":"Lose Max HP","floor":5,"damage_taken":0},{"event_name":"Match and Keep!","player_choice":"1 cards matched","floor":20,"damage_taken":0},{"event_name":"Transmorgrifier","player_choice":"Transform","floor":22,"damage_taken":0}],"boss_relics":[{"not_picked":["Sozu","The Specimen"],"picked":"Astrolabe"}],"potions_floor_spawned":[4,13,14,16,18,21],"seed_played":"-4852295014880030018","killed_by":"Gremlin Leader","ascension_level":2,"is_trial":false}