{"gold_per_floor":[111,121,196,216,229,259,259,294,294,294],"floor_reached":10,"playtime":297,"items_purged":[],"score":140,"play_id":"297b5513-7635-42cf-80a4-8ef653cdbba0","local_time":"20180930225618","is_ascension_mode":true,"campfire_choices":[{"data":"Skewer","floor":7,"key":"SMITH"}],"neow_cost":"NONE","seed_source_timestamp":622303686265988,"circlet_count":0,"master_deck":["Defend_G","Defend_G","Defend_G","Defend_G","Defend_G","Strike_G","Strike_G","Strike_G","Strike_G","Strike_G","Survivor","Neutralize","AscendersBane","Dash","Sucker Punch","Skewer+1","Quick Slash","Deflect","Flying Knee"],"relics":["Cursed Key","Orichalcum","Happy Flower"],"potions_floor_usage":[6,8],"damage_taken":[{"damage":1,"enemies":"2 Louse","floor":1,"turns":4},{"damage":0,"enemies":"Jaw Worm","floor":2,"turns":4},{"damage":0,"enemies":"Small Slimes","floor":4,"turns":4},{"damage":2,"enemies":"Blue Slaver","floor":5,"turns":3},{"damage":28,"enemies":"Gremlin Nob","floor":6,"turns":4},{"damage":10,"enemies":"Lagavulin","floor":8,"turns":7},{"damage":9,"enemies":"The Mushroom Lair","floor":10,"turns":1}],"seed_played":"-6510055082295834743","potions_obtained":[{"floor":1,"key":"GhostInAJar"},{"floor":4,"key":"Poison Potion"}],"is_trial":false,"path_per_floor":["M","M","?","M","M","E","R","E","T"],"character_chosen":"THE_SILENT","items_purchased":[],"campfire_rested":0,"item_purchase_floors":[],"current_hp_per_floor":[58,58,47,47,45,17,17,7,7,0],"gold":294,"neow_bonus":"BOSS_RELIC","is_prod":false,"is_daily":false,"chose_seed":false,"campfire_upgraded":1,"win_rate":0,"timestamp":1538362578,"path_taken":["M","M","?","M","M","E","R","E","T","?"],"build_version":"2018-09-27","purchased_purges":0,"victory":false,"max_hp_per_floor":[66,66,66,66,66,66,66,66,66,66],"card_choices":[{"not_picked":["Tactician","Bane"],"picked":"Dash","floor":1},{"not_picked":["Dagger Spray","Deflect"],"picked":"Sucker Punch","floor":2},{"not_picked":["Leg Sweep","Catalyst"],"picked":"Skewer","floor":4},{"not_picked":["Accuracy","Dodge and Roll"],"picked":"Quick Slash","floor":5},{"not_picked":["Concentrate","Riddle With Holes"],"picked":"Deflect","floor":6},{"not_picked":["Setup","Outmaneuver"],"picked":"Flying Knee","floor":8}],"player_experience":531479,"relics_obtained":[{"floor":6,"key":"Orichalcum"},{"floor":8,"key":"Happy Flower"}],"event_choices":[{"event_name":"World of Goop","player_choice":"Gather Gold","floor":3,"damage_taken":0},{"event_name":"Mushrooms","player_choice":"Fought Mushrooms","floor":10,"damage_taken":0}],"is_beta":false,"boss_relics":[],"items_purged_floors":[],"is_endless":false,"potions_floor_spawned":[1,4,5],"killed_by":"The Mushroom Lair","ascension_level":16}