{"gold_per_floor":[13,23,23,23,36,36,52,52,52,52,52,72,98,112,112,217,217,235,251,262,285,299,299,26,53,53,84,84,98,98,108,108,207,207,224,243,0,19,19,19,19,19,19,38,48,65,83,96,96,96],"floor_reached":50,"playtime":5943,"items_purged":["Clumsy"],"score":589,"play_id":"6d72ad37-b96a-448e-ab40-770544959a10","local_time":"20181123124555","is_ascension_mode":true,"campfire_choices":[{"data":"Zap","floor":6.0,"key":"SMITH"},{"data":"Sunder","floor":8.0,"key":"SMITH"},{"data":"Dualcast","floor":10.0,"key":"SMITH"},{"data":"Go for the Eyes","floor":15.0,"key":"SMITH"},{"data":"Beam Cell","floor":23.0,"key":"SMITH"},{"floor":28.0,"key":"REST"},{"floor":30.0,"key":"REST"},{"floor":32.0,"key":"REST"},{"data":"Creative AI","floor":40.0,"key":"SMITH"},{"data":"Buffer","floor":42.0,"key":"SMITH"},{"floor":49.0,"key":"REST"}],"neow_cost":"NO_GOLD","seed_source_timestamp":0,"circlet_count":0,"master_deck":["Strike_B+1","Strike_B","Strike_B","Defend_B","Defend_B","Defend_B+1","Defend_B","Zap+1","Dualcast+1","Forethought","Sunder+1","Beam Cell+1","Go for the Eyes+1","Seek","Darkness","Hologram","Auto Shields","Writhe","Turbo","Self Repair+1","Creative AI+1","BootSequence","Hologram","Undo+1","Buffer+1","Coolheaded","Coolheaded+1","Parasite","Chill+1"],"special_seed":0,"relics":["Cracked Core","Darkstone Periapt","Shuriken","Cursed Key","Dream Catcher","Strange Spoon","Boot","Bronze Scales","Lantern","Nuclear Battery","Red Mask","Mummified Hand"],"potions_floor_usage":[],"damage_taken":[{"damage":4.0,"enemies":"Small Slimes","floor":1.0,"turns":3.0},{"damage":2.0,"enemies":"Jaw Worm","floor":2.0,"turns":4.0},{"damage":0.0,"enemies":"Cultist","floor":5.0,"turns":3.0},{"damage":5.0,"enemies":"Lots of Slimes","floor":7.0,"turns":4.0},{"damage":2.0,"enemies":"Exordium Wildlife","floor":12.0,"turns":3.0},{"damage":30.0,"enemies":"3 Sentries","floor":13.0,"turns":7.0},{"damage":0.0,"enemies":"Large Slime","floor":14.0,"turns":3.0},{"damage":25.0,"enemies":"The Guardian","floor":16.0,"turns":7.0},{"damage":15.0,"enemies":"3 Byrds","floor":18.0,"turns":4.0},{"damage":11.0,"enemies":"2 Thieves","floor":19.0,"turns":3.0},{"damage":10.0,"enemies":"Snecko","floor":20.0,"turns":3.0},{"damage":10.0,"enemies":"Centurion and Healer","floor":22.0,"turns":3.0},{"damage":6.0,"enemies":"Gremlin Leader","floor":25.0,"turns":8.0},{"damage":35.0,"enemies":"Slavers","floor":27.0,"turns":6.0},{"damage":7.0,"enemies":"Cultist and Chosen","floor":29.0,"turns":4.0},{"damage":37.0,"enemies":"Snecko","floor":31.0,"turns":6.0},{"damage":40.0,"enemies":"Champ","floor":33.0,"turns":12.0},{"damage":0.0,"enemies":"3 Shapes","floor":35.0,"turns":5.0},{"damage":32.0,"enemies":"3 Darklings","floor":36.0,"turns":7.0},{"damage":37.0,"enemies":"Jaw Worm Horde","floor":38.0,"turns":5.0},{"damage":8.0,"enemies":"Spire Growth","floor":44.0,"turns":5.0},{"damage":11.0,"enemies":"3 Darklings","floor":45.0,"turns":6.0},{"damage":5.0,"enemies":"Sphere and 2 Shapes","floor":46.0,"turns":9.0},{"damage":19.0,"enemies":"Writhing Mass","floor":47.0,"turns":11.0},{"damage":37.0,"enemies":"Transient","floor":48.0,"turns":5.0},{"damage":75,"enemies":"Time Eater","floor":50,"turns":11}],"seed_played":"-8729428547191355632","potions_obtained":[{"floor":2.0,"key":"Block Potion"},{"floor":12.0,"key":"FearPotion"},{"floor":13.0,"key":"Fruit Juice"},{"floor":16.0,"key":"Fire Potion"},{"floor":19.0,"key":"Poison Potion"},{"floor":20.0,"key":"Fire Potion"},{"floor":31.0,"key":"SteroidPotion"},{"floor":33.0,"key":"LiquidBronze"},{"floor":35.0,"key":"Weak Potion"},{"floor":36.0,"key":"FearPotion"},{"floor":45.0,"key":"Fire Potion"}],"is_trial":false,"path_per_floor":["M","M","?","?","M","R","M","R","T","R","?","M","E","M","R","B",null,"M","M","M","T","M","R","$","E","T","E","R","M","R","M","R","B",null,"M","M","?","M","?","R","?","R","T","M","M","M","M","M","R","B"],"character_chosen":"DEFECT","items_purchased":["Strange Spoon"],"campfire_rested":4,"item_purchase_floors":[24],"current_hp_per_floor":[71,69,54,54,54,54,49,49,49,49,75,73,43,43,43,23,80,65,54,44,50,40,40,40,34,40,5,32,25,52,15,42,12,92,92,70,70,53,53,53,53,53,59,61,60,65,56,29,56,0],"gold":96,"neow_bonus":"RANDOM_COLORLESS_2","is_prod":false,"is_daily":false,"chose_seed":false,"campfire_upgraded":7,"win_rate":0,"timestamp":1542944755,"path_taken":["M","M","?","?","M","R","M","R","T","R","?","M","E","M","R","BOSS","M","M","M","?","M","R","$","E","T","E","R","?","R","M","R","BOSS","M","M","?","M","?","R","?","R","T","M","M","M","M","M","R","BOSS"],"build_version":"2018-11-15","purchased_purges":1,"victory":false,"max_hp_per_floor":[75,75,75,75,75,75,75,75,75,75,75,75,75,75,75,80,80,80,80,80,86,86,86,86,86,92,92,92,92,92,92,92,92,92,92,92,92,92,87,87,87,87,93,93,93,93,93,93,93,93],"card_choices":[{"not_picked":["Stack","Lockon","White Noise"],"picked":"SKIP","floor":1.0},{"not_picked":["Beam Cell","White Noise"],"picked":"Sunder","floor":2.0},{"not_picked":["Scrape","Redo"],"picked":"Beam Cell","floor":5.0},{"not_picked":["Hello World","Rebound","Sweeping Beam"],"picked":"SKIP","floor":7.0},{"not_picked":["Storm","Chaos","Consume"],"picked":"SKIP","floor":12.0},{"not_picked":["Cold Snap","Meteor Strike","Ball Lightning"],"picked":"SKIP","floor":13.0},{"not_picked":["Beam Cell","Genetic Algorithm"],"picked":"Go for the Eyes","floor":14.0},{"not_picked":["Meteor Strike","Fission"],"picked":"Seek","floor":16.0},{"not_picked":["Turbo","Leap"],"picked":"Darkness","floor":18.0},{"not_picked":["Beam Cell","Rebound+1","Conserve Battery"],"picked":"SKIP","floor":19.0},{"not_picked":["Static Discharge","Ball Lightning"],"picked":"Hologram","floor":20.0},{"not_picked":["Stack+1","Compile Driver+1","Rip and Tear"],"picked":"SKIP","floor":22.0},{"not_picked":["Meteor Strike","Sunder"],"picked":"Auto Shields","floor":25.0},{"not_picked":["Fusion","Steam"],"picked":"Turbo","floor":27.0},{"not_picked":["Beam Cell","Streamline"],"picked":"Self Repair+1","floor":28.0},{"not_picked":["Stack","Consume"],"picked":"Creative AI","floor":29.0},{"not_picked":["Storm","Loop+1"],"picked":"BootSequence","floor":30.0},{"not_picked":["Beam Cell+1","Cold Snap"],"picked":"Hologram","floor":31.0},{"not_picked":["Sunder","Conserve Battery"],"picked":"Undo+1","floor":32.0},{"not_picked":["Hyperbeam","Thunder Strike"],"picked":"Buffer","floor":33.0},{"not_picked":["Defragment","Beam Cell+1"],"picked":"Coolheaded","floor":35.0},{"not_picked":["Leap","Undo","Reinforced Body"],"picked":"SKIP","floor":36.0},{"not_picked":["Darkness","Recycle+1"],"picked":"Coolheaded+1","floor":38.0},{"not_picked":["Tempest+1","Stack+1","Leap+1"],"picked":"SKIP","floor":44.0},{"not_picked":["Steam Power","Barrage+1"],"picked":"Chill+1","floor":45.0},{"not_picked":["Gash","Stack","Auto Shields+1"],"picked":"SKIP","floor":46.0},{"not_picked":["White Noise","Coolheaded","Heatsinks+1"],"picked":"SKIP","floor":47.0},{"not_picked":["Redo","Hologram+1","Core Surge"],"picked":"SKIP","floor":48.0}],"player_experience":88252,"relics_obtained":[{"floor":9.0,"key":"Darkstone Periapt"},{"floor":13.0,"key":"Shuriken"},{"floor":21.0,"key":"Dream Catcher"},{"floor":25.0,"key":"Boot"},{"floor":26.0,"key":"Bronze Scales"},{"floor":27.0,"key":"Lantern"},{"floor":43.0,"key":"Mummified Hand"}],"event_choices":[{"damage_healed":0.0,"max_hp_gain":0.0,"max_hp_loss":0.0,"gold_gain":0.0,"event_name":"Shining Light","player_choice":"Entered Light","floor":3.0,"gold_loss":0.0,"damage_taken":15.0,"cards_upgraded":["Defend_B","Strike_B"]},{"damage_healed":0.0,"max_hp_gain":0.0,"max_hp_loss":0.0,"gold_gain":0.0,"event_name":"The Cleric","player_choice":"Leave","floor":4.0,"gold_loss":0.0,"damage_taken":0.0},{"cards_removed":["Blind"],"damage_healed":26.0,"max_hp_gain":0.0,"max_hp_loss":0.0,"gold_gain":0.0,"event_name":"Bonfire Elementals","player_choice":"Offered Uncommon","floor":11.0,"gold_loss":0.0,"damage_taken":0.0},{"damage_healed":0.0,"max_hp_gain":0.0,"max_hp_loss":0.0,"gold_gain":0.0,"event_name":"Tomb of Lord Red Mask","player_choice":"Paid","floor":37.0,"gold_loss":243.0,"damage_taken":0.0,"relics_obtained":["Red Mask"]},{"damage_healed":0.0,"max_hp_gain":0.0,"max_hp_loss":5.0,"gold_gain":0.0,"event_name":"Winding Halls","player_choice":"Max HP","floor":39.0,"gold_loss":0.0,"damage_taken":0.0},{"cards_removed":["Strike_B"],"damage_healed":0.0,"max_hp_gain":0.0,"max_hp_loss":0.0,"gold_gain":0.0,"event_name":"Falling","player_choice":"Removed Attack","floor":41.0,"gold_loss":0.0,"damage_taken":0.0}],"is_beta":false,"boss_relics":[{"not_picked":["Runic Pyramid","Coffee Dripper"],"picked":"Cursed Key"},{"not_picked":["Tiny House","Empty Cage"],"picked":"Nuclear Battery"}],"items_purged_floors":[24],"is_endless":false,"potions_floor_spawned":[2,12,13,16,19,20,31,33,35,36,45],"killed_by":"Time Eater","ascension_level":3}