{"gold_per_floor":[117,132,132,109,128,160,160,160,185,216,216,230,242,253,253,354,354,373,386,476,488,488,488,499,509,509,509],"floor_reached":27,"playtime":1233,"items_purged":[],"score":227,"play_id":"12de7ce8-c00c-41fe-a41f-b7e5b94a4b57","local_time":"20190131030420","is_ascension_mode":false,"campfire_choices":[{"floor":8,"key":"REST"},{"floor":11,"key":"REST"},{"floor":15,"key":"REST"},{"floor":23,"key":"REST"}],"neow_cost":"NONE","seed_source_timestamp":168420580985600,"circlet_count":0,"master_deck":["Strike_B+1","Strike_B+1","Strike_B+1","Strike_B+1","Defend_B+1","Defend_B+1","Defend_B+1","Defend_B+1","Zap+1","Dualcast","Beam Cell","Go for the Eyes","Gash","Barrage","Scrape","Thunder Strike"],"relics":["Cracked Core","NeowsBlessing","Blood Vial","Lantern","Black Star","Dream Catcher"],"potions_floor_usage":[16,21,21,25],"damage_taken":[{"damage":0,"enemies":"2 Louse","floor":1,"turns":1},{"damage":0,"enemies":"Cultist","floor":2,"turns":1},{"damage":0,"enemies":"Small Slimes","floor":5,"turns":1},{"damage":29,"enemies":"3 Sentries","floor":6,"turns":11},{"damage":29,"enemies":"Lagavulin","floor":10,"turns":7},{"damage":10,"enemies":"Exordium Wildlife","floor":12,"turns":3},{"damage":0,"enemies":"2 Fungi Beasts","floor":13,"turns":3},{"damage":16,"enemies":"Gremlin Gang","floor":14,"turns":4},{"damage":33,"enemies":"Slime Boss","floor":16,"turns":10},{"damage":16,"enemies":"Spheric Guardian","floor":18,"turns":4},{"damage":10,"enemies":"Chosen","floor":19,"turns":4},{"damage":24,"enemies":"Snecko","floor":21,"turns":6},{"damage":18,"enemies":"Centurion and Healer","floor":24,"turns":10},{"damage":21,"enemies":"Shelled Parasite and Fungi","floor":25,"turns":6},{"damage":7,"enemies":"Snake Plant","floor":27,"turns":1}],"seed_played":"-4729205457747759412","potions_obtained":[{"floor":2,"key":"LiquidBronze"},{"floor":3,"key":"SpeedPotion"},{"floor":3,"key":"FearPotion"},{"floor":3,"key":"SkillPotion"},{"floor":13,"key":"Explosive Potion"},{"floor":18,"key":"SpeedPotion"},{"floor":25,"key":"Swift Potion"}],"is_trial":false,"path_per_floor":["M","M","?","$","M","E","?","R","T","E","R","M","M","M","R","B",null,"M","M","?","M","?","R","M","M","T","M"],"character_chosen":"DEFECT","items_purchased":["Go for the Eyes"],"campfire_rested":4,"item_purchase_floors":[4],"current_hp_per_floor":[75,75,75,75,75,46,31,53,53,26,48,40,42,28,50,19,75,59,51,37,15,15,37,21,2,2,0],"gold":509,"neow_bonus":"THREE_ENEMY_KILL","is_prod":false,"is_daily":false,"chose_seed":false,"campfire_upgraded":0,"win_rate":0,"timestamp":1548900260,"path_taken":["M","M","?","?","M","E","?","R","T","E","R","M","?","M","R","BOSS","M","M","?","?","?","R","M","M","T","M"],"build_version":"2019-01-23","purchased_purges":0,"victory":false,"max_hp_per_floor":[75,75,75,75,75,75,75,75,75,75,75,75,75,75,75,75,75,75,75,75,75,75,75,75,75,75,75],"card_choices":[{"not_picked":["Streamline","Steam","Skim"],"picked":"SKIP","floor":1},{"not_picked":["Double Energy","Chaos"],"picked":"Beam Cell","floor":2},{"not_picked":["Redo","Go for the Eyes","Leap"],"picked":"SKIP","floor":5},{"not_picked":["Barrage","Buffer"],"picked":"Gash","floor":6},{"not_picked":["Barrage","Heatsinks","Sweeping Beam"],"picked":"SKIP","floor":10},{"not_picked":["Blizzard","Turbo"],"picked":"Barrage","floor":12},{"not_picked":["Redo","Double Energy"],"picked":"Scrape","floor":13},{"not_picked":["Steam","Coolheaded","Go for the Eyes"],"picked":"SKIP","floor":14},{"not_picked":["Cold Snap+1","Rebound+1","Compile Driver+1"],"picked":"SKIP","floor":18},{"not_picked":["Hologram","Turbo","Heatsinks"],"picked":"SKIP","floor":19},{"not_picked":["Turbo","Streamline"],"picked":"Thunder Strike","floor":21},{"not_picked":["Skim","Rip and Tear","Stack"],"picked":"SKIP","floor":24},{"not_picked":["Hello World+1","Hologram","Genetic Algorithm+1"],"picked":"SKIP","floor":25}],"player_experience":167139,"relics_obtained":[{"floor":6,"key":"Blood Vial"},{"floor":10,"key":"Lantern"},{"floor":26,"key":"Dream Catcher"}],"event_choices":[{"damage_healed":0,"gold_gain":0,"player_choice":"Got Potions","damage_taken":0,"max_hp_gain":0,"max_hp_loss":0,"event_name":"Lab","floor":3,"gold_loss":0},{"damage_healed":0,"gold_gain":0,"player_choice":"Entered Light","damage_taken":15,"max_hp_gain":0,"max_hp_loss":0,"event_name":"Shining Light","floor":7,"gold_loss":0,"cards_upgraded":["Defend_B","Zap"]},{"damage_healed":0,"gold_gain":90,"player_choice":"GOLD ","damage_taken":14,"max_hp_gain":0,"max_hp_loss":0,"event_name":"Knowing Skull","floor":20,"potions_obtained":[],"gold_loss":0,"cards_obtained":[]},{"damage_healed":0,"gold_gain":0,"player_choice":"Simplicity","damage_taken":0,"max_hp_gain":0,"max_hp_loss":0,"event_name":"Back to Basics","floor":22,"gold_loss":0,"cards_upgraded":["Strike_B","Strike_B","Strike_B","Strike_B","Defend_B","Defend_B","Defend_B"]}],"is_beta":true,"boss_relics":[{"not_picked":["Runic Pyramid","Fusion Hammer"],"picked":"Black Star"}],"items_purged_floors":[],"is_endless":false,"potions_floor_spawned":[2,6,10,12,13,18,25],"killed_by":"Snake Plant","ascension_level":0}