{"gold_per_floor":[113,123,133,157,157,157,17,41,41,41,67,87,121,133,133,210,210,210,210,160,85,0,0],"floor_reached":23,"playtime":902,"items_purged":["Strike_R"],"score":394,"play_id":"8f1c505e-b8cc-440e-ac2b-bce70a3188f9","local_time":"20190122114513","is_ascension_mode":true,"campfire_choices":[{"data":"Bash","floor":6,"key":"SMITH"},{"data":"Armaments","floor":10,"key":"SMITH"},{"floor":15,"key":"REST"}],"neow_cost":"NONE","seed_source_timestamp":453702619933971,"circlet_count":0,"master_deck":["AscendersBane","Strike_R","Strike_R","Strike_R","Defend_R","Defend_R","Defend_R","Defend_R","Bash+1","Limit Break","Cleave","Armaments+1","Pommel Strike","Spot Weakness","Impervious","Anger","Reaper+1","Shrug It Off","Reaper+1","Clothesline+1","Reaper+1"],"relics":["Burning Blood","Smiling Mask","Odd Mushroom","StoneCalendar","Gremlin Horn","Molten Egg 2","Ectoplasm"],"potions_floor_usage":[11,13,14,23],"damage_taken":[{"damage":6,"enemies":"Cultist","floor":1,"turns":3},{"damage":12,"enemies":"2 Louse","floor":2,"turns":3},{"damage":7,"enemies":"Small Slimes","floor":3,"turns":3},{"damage":17,"enemies":"The Mushroom Lair","floor":8,"turns":3},{"damage":38,"enemies":"Gremlin Nob","floor":11,"turns":4},{"damage":6,"enemies":"Looter","floor":12,"turns":4},{"damage":12,"enemies":"Lagavulin","floor":13,"turns":7},{"damage":8,"enemies":"3 Louse","floor":14,"turns":4},{"damage":46,"enemies":"Hexaghost","floor":16,"turns":8},{"damage":46,"enemies":"3 Byrds","floor":18,"turns":5},{"damage":64,"enemies":"Book of Stabbing","floor":23,"turns":5}],"seed_played":"-3979426066880642636","potions_obtained":[{"floor":11,"key":"Weak Potion"},{"floor":12,"key":"SneckoOil"},{"floor":16,"key":"Fire Potion"},{"floor":18,"key":"Dexterity Potion"}],"is_trial":false,"path_per_floor":["M","M","M","T","?","R","$","?","T","R","E","M","E","M","R","B",null,"M","?","$","?","$","E"],"character_chosen":"IRONCLAD","items_purchased":["Spot Weakness","AttackPotion","Reaper+1"],"campfire_rested":1,"item_purchase_floors":[7,7,22],"current_hp_per_floor":[68,62,61,61,61,61,61,50,50,50,18,18,12,28,50,10,59,45,45,45,45,45,0],"gold":0,"neow_bonus":"ONE_RANDOM_RARE_CARD","is_prod":false,"is_daily":false,"chose_seed":false,"campfire_upgraded":2,"win_rate":0,"timestamp":1548175513,"path_taken":["M","M","M","?","?","R","$","?","T","R","E","M","E","M","R","BOSS","M","?","$","?","?","E"],"build_version":"2019-01-17v2","purchased_purges":1,"victory":false,"max_hp_per_floor":[75,75,75,75,75,75,75,75,75,75,75,75,75,75,75,75,75,75,75,75,75,75,75],"card_choices":[{"not_picked":["Perfected Strike","Entrench"],"picked":"Cleave","floor":1},{"not_picked":["Body Slam","Flex"],"picked":"Armaments","floor":2},{"not_picked":["Heavy Blade","Infernal Blade"],"picked":"Pommel Strike","floor":3},{"not_picked":["Twin Strike","Carnage"],"picked":"Impervious","floor":11},{"not_picked":["Iron Wave","Headbutt"],"picked":"Anger","floor":12},{"not_picked":["Evolve","Second Wind"],"picked":"Reaper","floor":13},{"not_picked":["Warcry","Rage"],"picked":"Shrug It Off","floor":14},{"not_picked":["Barricade","Berserk"],"picked":"Reaper+1","floor":16},{"not_picked":["Anger+1","Cleave+1"],"picked":"Clothesline+1","floor":18}],"player_experience":747781,"relics_obtained":[{"floor":4,"key":"Smiling Mask"},{"floor":8,"key":"Odd Mushroom"},{"floor":9,"key":"StoneCalendar"},{"floor":11,"key":"Gremlin Horn"},{"floor":13,"key":"Molten Egg 2"}],"event_choices":[{"damage_healed":0,"gold_gain":0,"player_choice":"Leave","damage_taken":0,"max_hp_gain":0,"max_hp_loss":0,"event_name":"The Cleric","floor":5,"gold_loss":0},{"damage_healed":0,"gold_gain":0,"player_choice":"Fought Mushrooms","damage_taken":0,"max_hp_gain":0,"max_hp_loss":0,"event_name":"Mushrooms","floor":8,"gold_loss":0},{"damage_healed":0,"gold_gain":0,"player_choice":"Ignored","damage_taken":0,"max_hp_gain":0,"max_hp_loss":0,"event_name":"Ghosts","floor":19,"gold_loss":0},{"cards_removed":["Strike_R"],"damage_healed":0,"gold_gain":0,"player_choice":"Gave Gold","damage_taken":0,"max_hp_gain":0,"max_hp_loss":0,"event_name":"Beggar","floor":21,"gold_loss":75}],"is_beta":false,"boss_relics":[{"not_picked":["Runic Cube","White Beast Statue"],"picked":"Ectoplasm"}],"items_purged_floors":[20],"is_endless":false,"potions_floor_spawned":[11,12,16,18],"killed_by":"Book of Stabbing","ascension_level":20}