{"gold_per_floor":[114,114,125,300,300,300,327,340,415,415,340,360,360,378,378,480,480,492,591,591,591,606,606,624,624,673,200,259,229,244,244,244,244],"floor_reached":33,"playtime":5522,"items_purged":["Doubt"],"score":379,"play_id":"becb7082-1696-4733-a85a-e99a4d9a8728","local_time":"20190131220133","is_ascension_mode":true,"campfire_choices":[{"data":"Shockwave","floor":6,"key":"SMITH"},{"data":"True Grit","floor":10,"key":"SMITH"},{"data":"Intimidate","floor":15,"key":"SMITH"},{"data":"Armaments","floor":23,"key":"SMITH"},{"data":"Feed","floor":25,"key":"SMITH"},{"floor":32,"key":"REST"}],"neow_cost":"NONE","seed_source_timestamp":666299346756977,"circlet_count":0,"master_deck":["Strike_R","Strike_R+1","Strike_R","Strike_R","Strike_R","Defend_R","Defend_R","Defend_R+1","Bash+1","Shockwave+1","Metallicize","True Grit+1","Intimidate+1","Battle Trance","Feed+1","Armaments+1","Sentinel","Warcry","HandOfGreed","Feel No Pain","Headbutt"],"relics":["Burning Blood","Orichalcum","Pear","Sozu","Art of War","Gremlin Horn"],"potions_floor_usage":[],"damage_taken":[{"damage":6,"enemies":"Cultist","floor":1,"turns":3},{"damage":6,"enemies":"Small Slimes","floor":3,"turns":3},{"damage":3,"enemies":"2 Louse","floor":8,"turns":3},{"damage":5,"enemies":"Looter","floor":12,"turns":3},{"damage":14,"enemies":"3 Louse","floor":14,"turns":4},{"damage":25,"enemies":"The Guardian","floor":16,"turns":16},{"damage":5,"enemies":"Shell Parasite","floor":18,"turns":6},{"damage":17,"enemies":"Colosseum Slavers","floor":20,"turns":8},{"damage":2,"enemies":"3 Byrds","floor":22,"turns":6},{"damage":26,"enemies":"Centurion and Healer","floor":24,"turns":13},{"damage":11,"enemies":"3 Cultists","floor":28,"turns":8},{"damage":30,"enemies":"Snake Plant","floor":30,"turns":6},{"damage":79,"enemies":"Collector","floor":33,"turns":7}],"seed_played":"7694872011482068916","potions_obtained":[],"is_trial":false,"path_per_floor":["M","$","M","?","?","R","T","M","T","R","$","M","$","M","R","B",null,"M","?","?","?","M","R","M","R","T","$","M","?","M","?","R","B"],"character_chosen":"IRONCLAD","items_purchased":["Gremlin Horn","HandOfGreed","Feel No Pain"],"campfire_rested":1,"item_purchase_floors":[27,27,27],"current_hp_per_floor":[72,72,72,72,56,56,56,59,69,69,69,70,70,62,62,43,78,82,82,75,75,82,82,66,66,66,66,65,65,45,22,57,0],"gold":244,"neow_bonus":"UPGRADE_CARD","is_prod":false,"is_daily":false,"chose_seed":false,"campfire_upgraded":5,"win_rate":0,"timestamp":1548954093,"path_taken":["M","?","M","?","?","R","?","M","T","R","$","M","$","M","R","BOSS","M","?","?","?","?","R","M","R","T","$","M","?","?","?","R","BOSS"],"build_version":"2019-01-23","purchased_purges":1,"victory":false,"max_hp_per_floor":[80,80,80,80,80,80,80,80,90,90,90,90,90,90,90,90,90,93,93,97,97,100,100,104,104,104,104,108,108,112,117,117,117],"card_choices":[{"not_picked":["Iron Wave","Reckless Charge"],"picked":"Shockwave","floor":1},{"not_picked":["Perfected Strike","Clothesline"],"picked":"Metallicize","floor":3},{"not_picked":["Headbutt","Flex"],"picked":"True Grit","floor":8},{"not_picked":["Twin Strike","Wild Strike"],"picked":"Intimidate","floor":12},{"not_picked":["Heavy Blade","Twin Strike"],"picked":"Battle Trance","floor":14},{"not_picked":["Immolate","Fiend Fire"],"picked":"Feed","floor":16},{"not_picked":["Hemokinesis","Clash+1"],"picked":"Armaments","floor":18},{"not_picked":["Bloodletting","Wild Strike","Clothesline"],"picked":"SKIP","floor":22},{"not_picked":["Spot Weakness","Shockwave"],"picked":"Warcry","floor":24},{"not_picked":["Perfected Strike","Heavy Blade","Shockwave"],"picked":"SKIP","floor":28},{"not_picked":["Havoc","True Grit"],"picked":"Headbutt","floor":30}],"player_experience":289834,"relics_obtained":[{"floor":7,"key":"Orichalcum"},{"floor":9,"key":"Pear"},{"floor":26,"key":"Art of War"}],"event_choices":[{"damage_healed":0,"gold_gain":175,"player_choice":"AGREE","damage_taken":0,"max_hp_gain":0,"max_hp_loss":0,"event_name":"Liars Game","floor":4,"gold_loss":0,"cards_obtained":["Doubt"]},{"damage_healed":0,"gold_gain":0,"player_choice":"Entered Light","damage_taken":16,"max_hp_gain":0,"max_hp_loss":0,"event_name":"Shining Light","floor":5,"gold_loss":0,"cards_upgraded":["Defend_R","Strike_R"]},{"damage_healed":0,"gold_gain":99,"player_choice":"Stole From Cult","damage_taken":0,"max_hp_gain":0,"max_hp_loss":0,"event_name":"Nest","floor":19,"gold_loss":0},{"damage_healed":0,"gold_gain":0,"player_choice":"Fight","damage_taken":0,"max_hp_gain":0,"max_hp_loss":0,"event_name":"Colosseum","floor":20,"gold_loss":0},{"damage_healed":0,"gold_gain":0,"player_choice":"Fled From Nobs","damage_taken":0,"max_hp_gain":0,"max_hp_loss":0,"event_name":"Colosseum","floor":20,"gold_loss":0},{"damage_healed":0,"gold_gain":0,"cards_transformed":["Defend_R"],"player_choice":"Transformed","damage_taken":0,"max_hp_gain":0,"max_hp_loss":0,"event_name":"Transmorgrifier","floor":21,"gold_loss":0,"cards_obtained":["Sentinel"]},{"damage_healed":0,"gold_gain":0,"player_choice":"Bought 2 Potions","damage_taken":0,"max_hp_gain":0,"max_hp_loss":0,"event_name":"The Woman in Blue","floor":29,"gold_loss":0},{"damage_healed":0,"gold_gain":0,"player_choice":"Shed Blood","damage_taken":28,"max_hp_gain":5,"max_hp_loss":0,"event_name":"Forgotten Altar","floor":31,"gold_loss":0}],"is_beta":false,"boss_relics":[{"not_picked":["Black Star","Runic Cube"],"picked":"Sozu"}],"items_purged_floors":[11],"is_endless":false,"potions_floor_spawned":[18,20],"killed_by":"Collector","ascension_level":8}