{"gold_per_floor":[20,39,39,39,55,55,82,82,82,114,133,133],"floor_reached":12,"playtime":477,"items_purged":[],"score":176,"play_id":"ac60af72-8929-4a8f-bf98-4d9640dce82b","local_time":"20190109183005","is_ascension_mode":true,"campfire_choices":[{"data":"Bash","floor":6,"key":"SMITH"},{"floor":8,"key":"REST"}],"neow_cost":"NO_GOLD","seed_source_timestamp":726498505076559,"circlet_count":0,"master_deck":["AscendersBane","Strike_R","Strike_R","Strike_R","Strike_R+1","Defend_R","Defend_R","Defend_R+1","Defend_R","Bash+1","Clash","Blood for Blood","Clothesline","Thunderclap","Flame Barrier","Impervious","Rupture"],"relics":["Burning Blood","Ginger","Pantograph","Paper Frog","Bag of Preparation"],"potions_floor_usage":[10],"damage_taken":[{"damage":9,"enemies":"Jaw Worm","floor":1,"turns":5},{"damage":17,"enemies":"Small Slimes","floor":2,"turns":5},{"damage":1,"enemies":"Cultist","floor":5,"turns":3},{"damage":30,"enemies":"3 Sentries","floor":7,"turns":7},{"damage":35,"enemies":"Gremlin Nob","floor":10,"turns":5},{"damage":0,"enemies":"2 Fungi Beasts","floor":11,"turns":5},{"damage":25,"enemies":"Lagavulin","floor":12,"turns":7}],"seed_played":"2261979368960388799","potions_obtained":[{"floor":7,"key":"Regen Potion"},{"floor":10,"key":"Fire Potion"}],"is_trial":false,"path_per_floor":["M","M","?","?","M","R","E","R","T","E","M","E"],"character_chosen":"IRONCLAD","items_purchased":[],"campfire_rested":1,"item_purchase_floors":[],"current_hp_per_floor":[65,54,31,31,36,36,12,34,34,19,25,0],"gold":133,"neow_bonus":"ONE_RARE_RELIC","is_prod":false,"is_daily":false,"chose_seed":false,"campfire_upgraded":1,"win_rate":0,"timestamp":1547076605,"path_taken":["M","M","?","?","?","R","E","R","T","E","M","E"],"build_version":"2019-01-03v4","purchased_purges":0,"victory":false,"max_hp_per_floor":[75,75,75,75,75,75,75,75,75,75,75,75],"card_choices":[{"not_picked":["Sword Boomerang","Clothesline"],"picked":"Clash","floor":1},{"not_picked":["Havoc","Sentinel"],"picked":"Blood for Blood","floor":2},{"not_picked":["Entrench","Flex"],"picked":"Thunderclap","floor":5},{"not_picked":["Iron Wave","Perfected Strike"],"picked":"Flame Barrier","floor":7},{"not_picked":["Clash","Blood for Blood"],"picked":"Impervious","floor":10},{"not_picked":["Flex","Wild Strike"],"picked":"Rupture","floor":11}],"player_experience":715730,"relics_obtained":[{"floor":7,"key":"Pantograph"},{"floor":9,"key":"Paper Frog"},{"floor":10,"key":"Bag of Preparation"}],"event_choices":[{"damage_healed":0,"gold_gain":0,"player_choice":"Entered Light","damage_taken":23,"max_hp_gain":0,"max_hp_loss":0,"event_name":"Shining Light","floor":3,"gold_loss":0,"cards_upgraded":["Defend_R","Strike_R"]},{"damage_healed":0,"gold_gain":0,"cards_transformed":["Strike_R"],"player_choice":"Transformed","damage_taken":0,"max_hp_gain":0,"max_hp_loss":0,"event_name":"Transmorgrifier","floor":4,"gold_loss":0,"cards_obtained":["Clothesline"]}],"is_beta":false,"boss_relics":[],"items_purged_floors":[],"is_endless":false,"potions_floor_spawned":[7,10],"killed_by":"Lagavulin","ascension_level":20}