{"gold_per_floor":[117,117,117,142,142,176,176,151,151,151,174,213,234,253,253,378,378,403,301,226,249,249],"floor_reached":22,"playtime":776,"items_purged":["Normality"],"score":301,"play_id":"1d55fc44-6556-4389-b9ee-a0440cc8c39c","local_time":"20180818142620","is_ascension_mode":true,"campfire_choices":[{"floor":7,"key":"REST"},{"floor":10,"key":"REST"},{"floor":15,"key":"REST"}],"neow_cost":"CURSE","seed_source_timestamp":505568702015706,"circlet_count":0,"master_deck":["Zap","Dualcast","AscendersBane","Echo Form","Barrage","Electrodynamics","Auto Shields","Stack","Stack","Sweeping Beam","Hyperbeam","Cold Snap","Cold Snap","Hologram","Hologram","Turbo","Streamline","Go for the Eyes","Melter","Barrage+1","Leap","Conserve Battery"],"relics":["Cracked Core","Golden Idol","Pen Nib","Smiling Mask","Bag of Marbles","Pandora\u0027s Box"],"potions_floor_usage":[6,16,18],"damage_taken":[{"damage":10,"enemies":"Small Slimes","floor":1,"turns":4},{"damage":7,"enemies":"2 Louse","floor":4,"turns":3},{"damage":35,"enemies":"3 Sentries","floor":6,"turns":5},{"damage":7,"enemies":"Jaw Worm","floor":11,"turns":3},{"damage":24,"enemies":"Lagavulin","floor":12,"turns":5},{"damage":2,"enemies":"3 Louse","floor":13,"turns":4},{"damage":4,"enemies":"Red Slaver","floor":14,"turns":3},{"damage":18,"enemies":"Hexaghost","floor":16,"turns":9},{"damage":12,"enemies":"Shell Parasite","floor":18,"turns":5},{"damage":15,"enemies":"2 Thieves","floor":21,"turns":3},{"damage":33,"enemies":"Snake Plant","floor":22,"turns":4}],"seed_played":"4154496827754703912","potions_obtained":[{"floor":1,"key":"Swift Potion"},{"floor":4,"key":"Strength Potion"},{"floor":13,"key":"EssenceOfSteel"},{"floor":16,"key":"Strength Potion"},{"floor":18,"key":"EntropicBrew"}],"is_trial":false,"path_per_floor":["M","?","?","M","?","E","R","?","T","R","M","E","M","M","R","B",null,"M","$","?","M"],"character_chosen":"DEFECT","items_purchased":["Leap"],"campfire_rested":3,"item_purchase_floors":[19],"current_hp_per_floor":[58,58,44,37,37,2,22,22,22,42,35,11,9,5,25,7,54,42,42,42,27,0],"gold":249,"neow_bonus":"THREE_RARE_CARDS","is_prod":false,"is_daily":false,"chose_seed":false,"campfire_upgraded":0,"win_rate":0,"timestamp":1534616780,"path_taken":["M","?","?","M","?","E","R","?","T","R","M","E","?","M","R","BOSS","M","$","?","M","M"],"build_version":"2018-08-16","purchased_purges":1,"victory":false,"max_hp_per_floor":[75,69,69,69,69,69,69,69,69,69,69,69,69,69,69,69,69,69,69,69,69,69],"card_choices":[{"not_picked":["Multi-Cast","Fission"],"picked":"Echo Form","floor":0},{"not_picked":["Leap","Turbo"],"picked":"Barrage","floor":1},{"not_picked":["Chaos","Defragment"],"picked":"Streamline","floor":4},{"not_picked":["Capacitor","Compile Driver"],"picked":"Electrodynamics","floor":6},{"not_picked":["Tempest","Rebound"],"picked":"Auto Shields","floor":11},{"not_picked":["Double Energy","Hologram"],"picked":"Stack","floor":12},{"not_picked":["Turbo","Stack","Coolheaded"],"picked":"SKIP","floor":13},{"not_picked":["Turbo","Coolheaded"],"picked":"Stack","floor":13},{"not_picked":["Chill","Streamline"],"picked":"Sweeping Beam","floor":14},{"not_picked":["Meteor Strike","Rainbow"],"picked":"Hyperbeam","floor":16},{"not_picked":["Lockon","Glacier"],"picked":"Barrage+1","floor":18},{"not_picked":["Stack","Streamline+1"],"picked":"Conserve Battery","floor":21}],"player_experience":452190,"relics_obtained":[{"floor":6,"key":"Pen Nib"},{"floor":9,"key":"Smiling Mask"},{"floor":12,"key":"Bag of Marbles"}],"event_choices":[{"event_name":"Golden Idol","player_choice":"Lose Max HP","floor":2,"damage_taken":0},{"event_name":"Shining Light","player_choice":"Entered Light","floor":3,"damage_taken":0},{"event_name":"The Woman in Blue","player_choice":"Bought 0 Potions","floor":5,"damage_taken":0},{"event_name":"World of Goop","player_choice":"Left","floor":8,"damage_taken":0},{"event_name":"Beggar","player_choice":"Gave Gold","floor":20,"damage_taken":0}],"is_beta":false,"boss_relics":[{"not_picked":["Fusion Hammer","Sozu"],"picked":"Pandora\u0027s Box"}],"items_purged_floors":[19],"is_endless":false,"potions_floor_spawned":[1,4,13,14,16,18],"killed_by":"Snake Plant","ascension_level":11}