{"gold_per_floor":[10,20,37,2,20,20,48,48,71,106,124,124,134,209,209,209],"floor_reached":16,"playtime":477,"items_purged":[],"score":218,"play_id":"e32153f4-8797-4864-b2f0-a44627b52206","local_time":"20190214185915","is_ascension_mode":true,"campfire_choices":[{"data":"Genetic Algorithm","floor":6,"key":"SMITH"},{"data":"Loop","floor":8,"key":"SMITH"},{"floor":12,"key":"REST"},{"floor":15,"key":"REST"}],"neow_cost":"NO_GOLD","seed_source_timestamp":14120178017431,"circlet_count":0,"master_deck":["AscendersBane","Strike_B","Strike_B","Strike_B","Strike_B","Defend_B","Defend_B","Defend_B","Defend_B","Zap","Dualcast","Electrodynamics","Genetic Algorithm+1","Coolheaded","Go for the Eyes","Loop+1","Reboot","Glacier","Ball Lightning"],"relics":["Cracked Core","PreservedInsect","Vajra","Smiling Mask"],"potions_floor_usage":[7,7],"damage_taken":[{"damage":4,"enemies":"Jaw Worm","floor":1,"turns":4},{"damage":3,"enemies":"2 Louse","floor":2,"turns":3},{"damage":0,"enemies":"Cultist","floor":3,"turns":4},{"damage":0,"enemies":"Large Slime","floor":5,"turns":4},{"damage":9,"enemies":"Lagavulin","floor":7,"turns":6},{"damage":31,"enemies":"Gremlin Nob","floor":10,"turns":4},{"damage":11,"enemies":"Red Slaver","floor":11,"turns":4},{"damage":7,"enemies":"Gremlin Gang","floor":13,"turns":3},{"damage":45,"enemies":"Slime Boss","floor":16,"turns":7}],"seed_played":"-2939026125329398842","potions_obtained":[{"floor":1,"key":"Energy Potion"},{"floor":2,"key":"Explosive Potion"}],"is_trial":false,"path_per_floor":["M","M","M","?","M","R","E","R","T","E","M","R","M","?","R","B"],"character_chosen":"DEFECT","items_purchased":[],"campfire_rested":2,"item_purchase_floors":[],"current_hp_per_floor":[60,57,57,71,71,71,62,62,62,31,20,41,34,23,44,0],"gold":209,"neow_bonus":"THREE_RARE_CARDS","is_prod":false,"is_daily":false,"chose_seed":false,"campfire_upgraded":2,"win_rate":0,"timestamp":1550188755,"path_taken":["M","M","M","?","M","R","E","R","T","E","M","R","M","?","R","BOSS"],"build_version":"2019-01-23","purchased_purges":0,"victory":false,"max_hp_per_floor":[71,71,71,71,71,71,71,71,71,71,71,71,71,71,71,71],"card_choices":[{"not_picked":["Meteor Strike","Seek"],"picked":"Electrodynamics","floor":0},{"not_picked":["White Noise","Gash"],"picked":"Genetic Algorithm","floor":1},{"not_picked":["Melter","Leap"],"picked":"Coolheaded","floor":2},{"not_picked":["Loop","Auto Shields"],"picked":"Go for the Eyes","floor":3},{"not_picked":["Reprogram","Streamline"],"picked":"Loop","floor":5},{"not_picked":["Go for the Eyes","Darkness","Blizzard"],"picked":"SKIP","floor":7},{"not_picked":["Cold Snap","Ball Lightning"],"picked":"Reboot","floor":10},{"not_picked":["Conserve Battery","Turbo"],"picked":"Glacier","floor":11},{"not_picked":["Steam Power","Turbo"],"picked":"Ball Lightning","floor":13}],"player_experience":286497,"relics_obtained":[{"floor":7,"key":"PreservedInsect"},{"floor":9,"key":"Vajra"},{"floor":10,"key":"Smiling Mask"}],"event_choices":[{"damage_healed":17,"gold_gain":0,"player_choice":"Healed","damage_taken":0,"max_hp_gain":0,"max_hp_loss":0,"event_name":"The Cleric","floor":4,"gold_loss":35},{"damage_healed":0,"gold_gain":75,"player_choice":"Gather Gold","damage_taken":11,"max_hp_gain":0,"max_hp_loss":0,"event_name":"World of Goop","floor":14,"gold_loss":0}],"is_beta":false,"boss_relics":[],"items_purged_floors":[],"is_endless":false,"potions_floor_spawned":[1,2,5],"killed_by":"Slime Boss","ascension_level":19}