{"path_per_floor":["M","$","M","M","M","R","T","E","T","M","R","?","M","M","R","B",null,"M","M","?","$","M","R","E","R","T","M","M","R","M","M","R","B",null,"M","?","M","$","?","R","E","T","T","R","M","?","$","?","R"],"character_chosen":"IRONCLAD","items_purchased":["Spot Weakness","Heavy Blade","Lee\u0027s Waffle","Bottled Lightning","Dodecahedron"],"gold_per_floor":[109,70,83,102,116,116,169,203,227,237,237,312,328,347,347,447,447,463,476,476,235,253,253,285,285,333,351,364,364,379,395,395,498,498,508,508,520,12,12,12,38,113,113,113,131,0,0,51,51],"floor_reached":50,"campfire_rested":3,"playtime":3005,"current_hp_per_floor":[70,70,74,78,56,56,56,36,36,41,65,65,71,59,59,23,80,74,76,76,87,78,78,55,55,55,60,73,73,87,87,87,79,87,87,87,87,87,76,87,85,85,85,85,72,72,72,88,94],"items_purged":[],"gold":51,"score":492,"play_id":"76ab3a85-436d-4e66-9f06-a4d0b76df60e","is_prod":false,"is_daily":false,"is_ascension_mode":true,"campfire_upgraded":7,"path_taken":["M","$","M","M","M","R","?","E","T","M","R","?","M","M","R","BOSS","M","M","?","$","M","R","E","R","T","M","M","R","M","M","R","BOSS","M","?","?","$","?","R","E","?","T","R","M","?","?","?","R","BOSS"],"build_version":"2018-02-08-PROD1","purchased_purges":0,"victory":false,"master_deck":["Strike_R","Strike_R","Strike_R","Strike_R","Defend_R","Defend_R+1","Defend_R+1","Defend_R","Bash+1","Iron Wave","Spot Weakness+1","Inflame+1","Heavy Blade+1","Flex","Flex","Armaments+1","Metallicize+1","Heavy Blade+1","Reaper","Feed+1","Headbutt","Madness","Madness"],"max_hp_per_floor":[80,80,80,80,80,80,80,80,80,80,80,80,80,80,80,80,80,80,80,80,87,87,87,87,87,87,87,87,87,87,87,87,87,87,87,87,87,87,87,87,90,90,90,90,94,94,94,94,94],"relics":["Black Blood","Bag of Preparation","War Paint","Oddly Smooth Stone","Mark of Pain","Lee\u0027s Waffle","Thread and Needle","Regal Pillow","Bottled Lightning","Dodecahedron","Bag of Marbles","Bottled Flame","Sundial","Red Mask","Girya"],"card_choices":[{"not_picked":["Battle Trance","Twin Strike"],"picked":"Iron Wave"},{"not_picked":["Perfected Strike","Clothesline"],"picked":"Inflame"},{"not_picked":["Shrug It Off","Spot Weakness"],"picked":"Heavy Blade"},{"not_picked":["Twin Strike","Clothesline"],"picked":"Flex"},{"not_picked":["True Grit","Bloodletting"],"picked":"Flex"},{"not_picked":["Warcry","True Grit"],"picked":"Armaments"},{"not_picked":["Havoc","Dropkick"],"picked":"Metallicize"},{"not_picked":["Dropkick","Rupture"],"picked":"Reaper"},{"not_picked":["Bludgeon","Fiend Fire"],"picked":"Feed"},{"not_picked":["Entrench","Clash"],"picked":"Headbutt"}],"player_experience":189930,"potions_floor_usage":[10,19,22,24,28,30,31,50,50],"damage_taken":[{"damage":16,"enemies":"Blue Slaver","floor":1,"turns":5},{"damage":2,"enemies":"2 Louse","floor":3,"turns":2},{"damage":2,"enemies":"Small Slimes","floor":4,"turns":4},{"damage":28,"enemies":"Exordium Thugs","floor":5,"turns":6},{"damage":26,"enemies":"Lagavulin","floor":8,"turns":4},{"damage":1,"enemies":"Exordium Wildlife","floor":10,"turns":4},{"damage":0,"enemies":"3 Louse","floor":13,"turns":4},{"damage":18,"enemies":"Lots of Slimes","floor":14,"turns":5},{"damage":42,"enemies":"Slime Boss","floor":16,"turns":9},{"damage":12,"enemies":"Shell Parasite","floor":18,"turns":4},{"damage":4,"enemies":"2 Thieves","floor":19,"turns":3},{"damage":15,"enemies":"Centurion and Healer","floor":22,"turns":4},{"damage":29,"enemies":"Gremlin Leader","floor":24,"turns":6},{"damage":1,"enemies":"Cultist and Chosen","floor":27,"turns":6},{"damage":5,"enemies":"Sentry and Sphere","floor":28,"turns":5},{"damage":2,"enemies":"Centurion and Healer","floor":30,"turns":4},{"damage":0,"enemies":"Snake Plant","floor":31,"turns":3},{"damage":25,"enemies":"Champ","floor":33,"turns":8},{"damage":3,"enemies":"Orb Walker","floor":35,"turns":4},{"damage":15,"enemies":"3 Darklings","floor":37,"turns":7},{"damage":27,"enemies":"Giant Head","floor":41,"turns":7},{"damage":32,"enemies":"4 Shapes","floor":45,"turns":6},{"damage":16,"enemies":"Mysterious Sphere","floor":48,"turns":5},{"damage":103,"enemies":"Donu and Deca","floor":50,"turns":7}],"event_choices":[{"event_name":"Golden Wing","player_choice":"Gained Gold","floor":12,"damage_taken":0},{"event_name":"Beggar","player_choice":"Ignored","floor":20,"damage_taken":0},{"event_name":"Wheel of Change","player_choice":"Card Removal","floor":36,"damage_taken":0},{"event_name":"Winding Halls","player_choice":"Embrace Madness","floor":39,"damage_taken":0},{"event_name":"Tomb of Lord Red Mask","player_choice":"Paid","floor":46,"damage_taken":0},{"event_name":"Mysterious Sphere","player_choice":"Fight","floor":48,"damage_taken":0}],"boss_relics":[{"not_picked":["Philosopher\u0027s Stone","Tiny House"],"picked":"Mark of Pain"},{"not_picked":["Runic Dome","Eternal Feather"],"picked":"Black Blood"}],"potions_floor_spawned":[4,5,10,14,16,19,24,28,30,37,48],"seed_played":"4841900406181894115","killed_by":"Donu and Deca","ascension_level":1,"is_trial":false}