{"path_per_floor":["M","M","?","?","M","$","M","R","T","M","R","M","E","?","R"],"character_chosen":"IRONCLAD","items_purchased":["Frozen Egg 2","Combust","Thunderclap","Flex"],"gold_per_floor":[410,428,388,463,480,15,30,30,76,88,88,108,136,136,136,136],"floor_reached":16,"campfire_rested":1,"playtime":408,"current_hp_per_floor":[37,42,42,31,35,35,35,35,35,34,58,53,49,49,49,0],"items_purged":["Strike_R"],"gold":136,"score":168,"play_id":"c581f4d6-84bc-47ff-8b92-e67ceaea19d2","local_time":"20180428153357","is_prod":false,"is_daily":false,"chose_seed":false,"is_ascension_mode":true,"campfire_upgraded":2,"timestamp":1524947637,"path_taken":["M","M","?","?","?","$","M","R","T","M","R","M","E","?","R","BOSS"],"build_version":"2018-04-28","seed_source_timestamp":2260608312751529,"purchased_purges":1,"victory":false,"master_deck":["Strike_R","Strike_R","Strike_R","Strike_R+1","Defend_R","Defend_R","Defend_R","Defend_R","Bash","AscendersBane","Iron Wave+1","Clash","Flex","Combust+1","Thunderclap+1","Flex","Second Wind+1","Fire Breathing+1","Offering","Limit Break","Injury"],"max_hp_per_floor":[80,80,80,80,80,80,80,80,80,80,80,80,80,80,80,80],"relics":["Burning Blood","Old Coin","Frozen Egg 2","Anchor","Whetstone","Golden Idol"],"card_choices":[{"not_picked":["Anger","Sword Boomerang"],"picked":"Iron Wave","floor":1},{"not_picked":["Thunderclap","Anger"],"picked":"Clash","floor":2},{"not_picked":["Perfected Strike","Rupture"],"picked":"Flex","floor":5},{"not_picked":["Searing Blow","Pommel Strike"],"picked":"Second Wind","floor":7},{"not_picked":["Sentinel","Dropkick"],"picked":"Fire Breathing","floor":10},{"not_picked":["Carnage","Clothesline"],"picked":"Offering","floor":12},{"not_picked":["Carnage","Havoc"],"picked":"Limit Break","floor":13}],"player_experience":289741,"potions_floor_usage":[5,13,13,16,16],"damage_taken":[{"damage":5,"enemies":"Small Slimes","floor":1,"turns":3},{"damage":1,"enemies":"Cultist","floor":2,"turns":3},{"damage":2,"enemies":"Jaw Worm","floor":5,"turns":3},{"damage":6,"enemies":"Exordium Wildlife","floor":7,"turns":3},{"damage":7,"enemies":"Exordium Thugs","floor":10,"turns":4},{"damage":11,"enemies":"3 Louse","floor":12,"turns":3},{"damage":10,"enemies":"Gremlin Nob","floor":13,"turns":3},{"damage":50,"enemies":"Hexaghost","floor":16,"turns":9}],"event_choices":[{"event_name":"The Woman in Blue","player_choice":"Bought 3 Potions","floor":3,"damage_taken":0},{"event_name":"World of Goop","player_choice":"Gather Gold","floor":4,"damage_taken":0},{"event_name":"Golden Idol","player_choice":"Take Wound","floor":14,"damage_taken":0}],"boss_relics":[],"potions_floor_spawned":[5,7,10,12,13],"seed_played":"4518411635898323979","killed_by":"Hexaghost","ascension_level":13,"is_trial":false}