{"gold_per_floor":[109,122,140,140,155,155,171,171,196,196,228,16,16,35,35,113,113,129,145,1,1,1,28,28,43,43,43,58,69,83,83],"floor_reached":31,"playtime":1122,"items_purged":["Strike_B","Strike_B"],"score":492,"play_id":"3c94e20f-b8c2-41fc-aac8-6a9ceda1d33e","local_time":"20181014092453","is_ascension_mode":true,"campfire_choices":[{"data":"Zap","floor":6,"key":"SMITH"},{"data":"Auto Shields","floor":8,"key":"SMITH"},{"data":"Ball Lightning","floor":10,"key":"SMITH"},{"floor":13,"key":"REST"},{"data":"Static Discharge","floor":15,"key":"SMITH"},{"floor":24,"key":"REST"},{"floor":27,"key":"REST"}],"neow_cost":"","seed_source_timestamp":551231824928648,"circlet_count":0,"master_deck":["Strike_B","Strike_B","Defend_B","Defend_B","Defend_B","Defend_B","Zap+1","Dualcast","AscendersBane","Auto Shields+1","Ball Lightning+1","Cold Snap","Static Discharge+1","White Noise","Compile Driver","Thunder Strike","Compile Driver","Self Repair","Decay","Go for the Eyes","Sweeping Beam","Lockon+1","Go for the Eyes"],"relics":["Cracked Core","Lantern","Potion Belt","White Beast Statue","Oddly Smooth Stone","Kunai"],"potions_floor_usage":[7,11,16,23,23,23,29,30,30,31],"damage_taken":[{"damage":2,"enemies":"Jaw Worm","floor":1,"turns":4},{"damage":0,"enemies":"2 Louse","floor":2,"turns":2},{"damage":0,"enemies":"Small Slimes","floor":3,"turns":3},{"damage":8,"enemies":"Exordium Thugs","floor":5,"turns":5},{"damage":0,"enemies":"Lots of Slimes","floor":7,"turns":1},{"damage":26,"enemies":"Gremlin Nob","floor":11,"turns":4},{"damage":0,"enemies":"3 Louse","floor":14,"turns":2},{"damage":9,"enemies":"The Guardian","floor":16,"turns":8},{"damage":4,"enemies":"Chosen","floor":18,"turns":4},{"damage":22,"enemies":"Shell Parasite","floor":19,"turns":3},{"damage":18,"enemies":"Gremlin Leader","floor":23,"turns":6},{"damage":18,"enemies":"Cultist and Chosen","floor":25,"turns":3},{"damage":7,"enemies":"Snecko","floor":28,"turns":4},{"damage":27,"enemies":"Snake Plant","floor":29,"turns":4},{"damage":33,"enemies":"3 Cultists","floor":30,"turns":5},{"damage":10,"enemies":"Book of Stabbing","floor":31,"turns":1}],"seed_played":"4797720515495474836","potions_obtained":[{"floor":3,"key":"AttackPotion"},{"floor":5,"key":"Block Potion"},{"floor":14,"key":"AttackPotion"},{"floor":16,"key":"SpeedPotion"},{"floor":18,"key":"PowerPotion"},{"floor":19,"key":"SpeedPotion"},{"floor":23,"key":"PowerPotion"},{"floor":25,"key":"FearPotion"},{"floor":28,"key":"FearPotion"},{"floor":29,"key":"Fire Potion"},{"floor":30,"key":"Fruit Juice"}],"is_trial":false,"path_per_floor":["M","M","M","?","M","R","M","R","T","R","E","$","R","M","R","B",null,"M","M","$","?","?","E","R","M","T","R","M","M","M"],"character_chosen":"DEFECT","items_purchased":["White Noise","Compile Driver","Self Repair"],"campfire_rested":3,"item_purchase_floors":[12,12,20],"current_hp_per_floor":[62,62,62,62,54,54,54,54,54,54,28,28,49,49,49,40,63,59,37,37,37,37,26,47,36,36,57,57,37,9,0],"gold":83,"neow_bonus":"","is_prod":false,"is_daily":false,"chose_seed":false,"campfire_upgraded":4,"win_rate":0,"timestamp":1539523493,"path_taken":["M","M","M","?","M","R","M","R","T","R","E","?","R","?","R","BOSS","M","M","?","?","?","E","R","M","T","R","?","M","M","E"],"build_version":"2018-10-11","purchased_purges":2,"victory":false,"max_hp_per_floor":[71,71,71,71,71,71,71,71,71,71,71,71,71,71,71,71,71,71,71,71,71,71,71,71,71,71,71,71,71,76,76],"card_choices":[{"not_picked":["Stack","Cold Snap"],"picked":"Auto Shields","floor":1},{"not_picked":["Conserve Battery","Cold Snap"],"picked":"Ball Lightning","floor":2},{"not_picked":["Stack","Rainbow","Recycle"],"picked":"SKIP","floor":3},{"not_picked":["Redo","Force Field","Leap"],"picked":"SKIP","floor":5},{"not_picked":["Consume","Skim"],"picked":"Cold Snap","floor":7},{"not_picked":["Amplify","Turbo"],"picked":"Static Discharge","floor":11},{"not_picked":["Storm","Undo","Fusion"],"picked":"SKIP","floor":14},{"not_picked":["Rainbow","Seek"],"picked":"Thunder Strike","floor":16},{"not_picked":["Gash+1","Skim+1"],"picked":"Compile Driver","floor":18},{"not_picked":["Gash","Beam Cell","Stack"],"picked":"SKIP","floor":19},{"not_picked":["Gash","Beam Cell","Stack"],"picked":"SKIP","floor":19},{"not_picked":["Ball Lightning","Redo"],"picked":"Go for the Eyes","floor":23},{"not_picked":["Turbo","Skim","Cold Snap"],"picked":"SKIP","floor":25},{"not_picked":["Gash","Stack"],"picked":"Sweeping Beam","floor":28},{"not_picked":["White Noise","Reprogram"],"picked":"Lockon+1","floor":29},{"not_picked":["Turbo","Beam Cell"],"picked":"Go for the Eyes","floor":30}],"player_experience":560779,"relics_obtained":[{"floor":9,"key":"Lantern"},{"floor":11,"key":"Potion Belt"},{"floor":23,"key":"Oddly Smooth Stone"},{"floor":26,"key":"Kunai"}],"event_choices":[{"event_name":"Liars Game","player_choice":"disagreed","floor":4,"damage_taken":0},{"event_name":"Vampires","player_choice":"Ignored","floor":21,"damage_taken":0},{"event_name":"Forgotten Altar","player_choice":"Smashed Altar","floor":22,"damage_taken":0}],"is_beta":false,"boss_relics":[{"not_picked":["Sozu","Lizard Tail"],"picked":"White Beast Statue"}],"items_purged_floors":[12,20],"is_endless":false,"potions_floor_spawned":[3,5,14,16,18,19,23,25,28,29,30],"killed_by":"Book of Stabbing","ascension_level":18}