{"gold_per_floor":[114,114,125,125,145,145,162,162,162,237,237,237],"floor_reached":12,"playtime":201,"items_purged":[],"score":136,"play_id":"29ceefe3-0f62-4451-9fc6-b52991a82f68","local_time":"20190217150825","is_ascension_mode":true,"campfire_choices":[{"data":"Zap","floor":6,"key":"SMITH"},{"floor":8,"key":"REST"}],"neow_cost":"NONE","seed_source_timestamp":279847329555592,"circlet_count":0,"master_deck":["AscendersBane","Strike_B","Strike_B","Strike_B","Strike_B","Defend_B","Defend_B","Defend_B","Defend_B","Zap+1","Dualcast","Ball Lightning","Seek","Gash","Compile Driver"],"relics":["Cracked Core","Mango","Darkstone Periapt"],"potions_floor_usage":[],"damage_taken":[{"damage":7,"enemies":"Jaw Worm","floor":1,"turns":3},{"damage":4,"enemies":"2 Louse","floor":3,"turns":3},{"damage":13,"enemies":"Small Slimes","floor":5,"turns":2},{"damage":16,"enemies":"3 Louse","floor":7,"turns":4},{"damage":0,"enemies":"Exordium Thugs","floor":12,"turns":1}],"seed_played":"1014282717129567457","potions_obtained":[{"floor":0,"key":"LiquidBronze"},{"floor":0,"key":"EssenceOfSteel"},{"floor":5,"key":"FocusPotion"}],"is_trial":false,"path_per_floor":["M","?","M","?","M","R","M","R","T","?","?","M"],"character_chosen":"DEFECT","items_purchased":[],"campfire_rested":1,"item_purchase_floors":[],"current_hp_per_floor":[57,57,53,49,36,36,20,45,45,34,29,29],"gold":237,"neow_bonus":"THREE_SMALL_POTIONS","is_prod":false,"is_daily":false,"chose_seed":false,"campfire_upgraded":1,"win_rate":0,"timestamp":1550434105,"path_taken":["M","?","M","?","M","R","M","R","T","?","?","?"],"build_version":"2019-01-23","purchased_purges":0,"victory":false,"max_hp_per_floor":[71,71,71,85,85,85,85,85,85,85,85,85],"card_choices":[{"not_picked":["Go for the Eyes","Coolheaded"],"picked":"Ball Lightning","floor":1},{"not_picked":["Beam Cell","Blizzard"],"picked":"Seek","floor":3},{"not_picked":["Stack","Conserve Battery"],"picked":"Gash","floor":5},{"not_picked":["Steam","Leap"],"picked":"Compile Driver","floor":7}],"player_experience":843943,"relics_obtained":[{"floor":9,"key":"Darkstone Periapt"}],"event_choices":[{"damage_healed":0,"gold_gain":0,"player_choice":"Ignored","damage_taken":0,"max_hp_gain":0,"max_hp_loss":0,"event_name":"Liars Game","floor":2,"gold_loss":0},{"damage_healed":0,"gold_gain":0,"player_choice":"Success","damage_taken":18,"relics_obtained":["Mango"],"max_hp_gain":0,"max_hp_loss":0,"event_name":"Scrap Ooze","floor":4,"gold_loss":0},{"damage_healed":0,"gold_gain":75,"player_choice":"Gather Gold","damage_taken":11,"max_hp_gain":0,"max_hp_loss":0,"event_name":"World of Goop","floor":10,"gold_loss":0},{"damage_healed":0,"gold_gain":0,"player_choice":"Bought 0 Potions","damage_taken":0,"max_hp_gain":0,"max_hp_loss":0,"event_name":"The Woman in Blue","floor":11,"gold_loss":0}],"is_beta":false,"boss_relics":[],"items_purged_floors":[],"is_endless":false,"potions_floor_spawned":[3,5],"killed_by":"Exordium Thugs","ascension_level":20}