{"path_per_floor":["M","?","T","M","M","R","E","M","T","E","R","M","E","$","R","B",null,"M","?","T","?","M","R","E","R","T","?"],"character_chosen":"DEFECT","items_purchased":["Scrape+1","Thread and Needle"],"gold_per_floor":[119,119,190,204,222,222,285,297,297,332,332,350,381,20,20,118,118,131,131,131,56,73,73,98,98,98,248,248],"floor_reached":28,"campfire_rested":3,"playtime":896,"item_purchase_floors":[14,14],"current_hp_per_floor":[72,72,72,72,72,72,50,42,42,26,48,48,46,46,46,58,71,58,26,26,26,9,31,5,27,27,27,0],"items_purged":[],"gold":248,"score":318,"play_id":"8a35af6f-d394-4215-8f09-2c83b68391b4","local_time":"20180612223154","is_prod":false,"is_daily":false,"chose_seed":false,"is_ascension_mode":true,"campfire_upgraded":2,"win_rate":0,"timestamp":1528860714,"campfire_choices":[{"data":"Zap","floor":6,"key":"SMITH"},{"floor":11,"key":"REST"},{"data":"White Noise","floor":15,"key":"SMITH"},{"floor":23,"key":"REST"},{"floor":25,"key":"REST"}],"path_taken":["M","?","?","M","M","R","E","M","T","E","R","M","E","?","R","BOSS","M","?","?","?","M","R","E","R","T","?","E"],"build_version":"2018-06-07v3","seed_source_timestamp":2314926865296496,"purchased_purges":0,"victory":false,"master_deck":["Strike_B","Strike_B","Defend_B","Defend_B","Defend_B","Defend_B","Zap+1","Dualcast","White Noise+1","Auto Shields+1","Beam Cell+1","Leap","Compile Driver+1","Chaos+1","Hyperbeam+1","Rebound+1","Gash+1","Scrape+1","Echo Form","Go for the Eyes+1","Madness","Dramatic Entrance+1","Mind Blast+1","Reinforced Body+1","Beam Cell+1"],"max_hp_per_floor":[75,75,75,75,75,75,75,75,75,75,75,75,75,75,75,75,75,75,75,75,75,75,75,75,75,75,75,75],"relics":["Cracked Core","Molten Egg 2","Tiny Chest","Pantograph","Boot","Potion Belt","Thread and Needle","Black Star","Lantern","War Paint","Anchor","Dodecahedron"],"card_choices":[{"not_picked":["Sweeping Beam","Loop"],"picked":"White Noise","floor":1},{"not_picked":["Leap","Tempest"],"picked":"Beam Cell+1","floor":4},{"not_picked":["Stack","Skim"],"picked":"Leap","floor":5},{"not_picked":["Buffer","Reinforced Body"],"picked":"Compile Driver+1","floor":7},{"not_picked":["Consume","Turbo"],"picked":"Chaos","floor":8},{"not_picked":["Chill","Barrage+1"],"picked":"Hyperbeam+1","floor":10},{"not_picked":["Sweeping Beam+1","Stack"],"picked":"Rebound+1","floor":12},{"not_picked":["Reprogram","Loop"],"picked":"Gash+1","floor":13},{"not_picked":["Seek","Fission"],"picked":"Echo Form","floor":16},{"not_picked":["Coolheaded","Storm"],"picked":"Go for the Eyes+1","floor":18},{"not_picked":["Hologram","Conserve Battery"],"picked":"Reinforced Body+1","floor":22},{"not_picked":["Hologram","Aggregate"],"picked":"Beam Cell+1","floor":24}],"player_experience":380520,"potions_floor_usage":[10,13,13,24,24],"damage_taken":[{"damage":3,"enemies":"Jaw Worm","floor":1,"turns":4},{"damage":0,"enemies":"Cultist","floor":4,"turns":4},{"damage":0,"enemies":"2 Louse","floor":5,"turns":3},{"damage":22,"enemies":"3 Sentries","floor":7,"turns":8},{"damage":8,"enemies":"Exordium Thugs","floor":8,"turns":4},{"damage":16,"enemies":"Lagavulin","floor":10,"turns":8},{"damage":0,"enemies":"Blue Slaver","floor":12,"turns":1},{"damage":2,"enemies":"Gremlin Nob","floor":13,"turns":3},{"damage":20,"enemies":"Hexaghost","floor":16,"turns":9},{"damage":13,"enemies":"3 Byrds","floor":18,"turns":4},{"damage":17,"enemies":"Spheric Guardian","floor":22,"turns":4},{"damage":41,"enemies":"Gremlin Leader","floor":24,"turns":7},{"damage":28,"enemies":"Book of Stabbing","floor":28,"turns":4}],"relics_obtained":[{"floor":3,"key":"Molten Egg 2"},{"floor":7,"key":"Tiny Chest"},{"floor":9,"key":"Pantograph"},{"floor":10,"key":"Boot"},{"floor":13,"key":"Potion Belt"},{"floor":20,"key":"Lantern"},{"floor":24,"key":"War Paint"},{"floor":24,"key":"Anchor"},{"floor":26,"key":"Dodecahedron"}],"event_choices":[{"event_name":"Transmorgrifier","player_choice":"Transform","floor":2,"damage_taken":0},{"event_name":"Knowing Skull","player_choice":"CARD CARD CARD ","floor":19,"damage_taken":0},{"event_name":"Beggar","player_choice":"Gave Gold","floor":21,"damage_taken":0},{"event_name":"Nest","player_choice":"Stole From Cult","floor":27,"damage_taken":0}],"boss_relics":[{"not_picked":["Ectoplasm","Sozu"],"picked":"Black Star"}],"items_purged_floors":[],"potions_floor_spawned":[5,7,8,10,18],"seed_played":"8708206586124251169","killed_by":"Book of Stabbing","ascension_level":5,"potions_obtained":[{"floor":5,"key":"Poison Potion"},{"floor":7,"key":"PowerPotion"},{"floor":8,"key":"Regen Potion"},{"floor":10,"key":"Explosive Potion"},{"floor":18,"key":"Poison Potion"}],"is_trial":false}