{"gold_per_floor":[364,364,539,504,74,74,109,129,155,155,178,8,52,76,76,174,174,152,78,78,78,103,103,119,119,119,51,66,66,100,123,123,221,221,244,244,90,113,126,126,160,160,160,179,512,531,564,575,575,575],"floor_reached":51,"playtime":2251,"items_purged":["Doubt","Strike_B"],"score":1325,"play_id":"71cacc19-937f-4781-ac63-a246b9510499","local_time":"20190206213845","is_ascension_mode":true,"campfire_choices":[{"data":"Dualcast","floor":6,"key":"SMITH"},{"floor":10,"key":"REST"},{"data":"Sweeping Beam","floor":15,"key":"SMITH"},{"data":"Amplify","floor":23,"key":"SMITH"},{"data":"Go for the Eyes","floor":29,"key":"SMITH"},{"floor":32,"key":"REST"},{"data":"Rainbow","floor":40,"key":"SMITH"},{"data":"Glacier","floor":42,"key":"SMITH"},{"data":"Conserve Battery","floor":49,"key":"SMITH"}],"neow_cost":"TEN_PERCENT_HP_LOSS","seed_source_timestamp":373743658220657,"circlet_count":0,"master_deck":["AscendersBane","Strike_B+1","Strike_B+1","Strike_B+1","Defend_B+1","Defend_B+1","Defend_B+1","Defend_B+1","Zap","Dualcast+1","Compile Driver","Self Repair+1","Go for the Eyes+1","Conserve Battery+1","Sweeping Beam+1","Loop+1","Cold Snap","White Noise","Amplify+1","Glacier+1","Defragment+1","Doom and Gloom","Storm+1","Loop+1","Doom and Gloom","Rainbow+1","Sunder+1","Writhe","Multi-Cast+1"],"relics":["Cracked Core","Frozen Egg 2","Dead Branch","Pen Nib","FossilizedHelix","Snecko Eye","Kunai","DataDisk","Cursed Key","Anchor","Centennial Puzzle","Toxic Egg 2","The Courier"],"potions_floor_usage":[18,50,50],"damage_taken":[{"damage":6,"enemies":"Jaw Worm","floor":1,"turns":4},{"damage":40,"enemies":"3 Sentries","floor":7,"turns":10},{"damage":3,"enemies":"Small Slimes","floor":8,"turns":3},{"damage":0,"enemies":"2 Louse","floor":11,"turns":2},{"damage":30,"enemies":"Gremlin Nob","floor":13,"turns":4},{"damage":0,"enemies":"Exordium Wildlife","floor":14,"turns":3},{"damage":4,"enemies":"Slime Boss","floor":16,"turns":9},{"damage":30,"enemies":"2 Thieves","floor":18,"turns":5},{"damage":0,"enemies":"Spheric Guardian","floor":22,"turns":5},{"damage":5,"enemies":"Centurion and Healer","floor":24,"turns":10},{"damage":22,"enemies":"Snake Plant","floor":28,"turns":4},{"damage":39,"enemies":"Book of Stabbing","floor":30,"turns":5},{"damage":4,"enemies":"Shelled Parasite and Fungi","floor":31,"turns":6},{"damage":22,"enemies":"Champ","floor":33,"turns":6},{"damage":0,"enemies":"Orb Walker","floor":35,"turns":3},{"damage":0,"enemies":"3 Shapes","floor":38,"turns":3},{"damage":0,"enemies":"Sphere and 2 Shapes","floor":39,"turns":7},{"damage":0,"enemies":"Nemesis","floor":41,"turns":5},{"damage":0,"enemies":"3 Darklings","floor":44,"turns":4},{"damage":0,"enemies":"Jaw Worm Horde","floor":46,"turns":3},{"damage":4,"enemies":"Giant Head","floor":47,"turns":8},{"damage":18,"enemies":"Spire Growth","floor":48,"turns":5},{"damage":25,"enemies":"Donu and Deca","floor":50,"turns":7}],"seed_played":"3047843817498661858","potions_obtained":[{"floor":7,"key":"LiquidBronze"},{"floor":13,"key":"PowerPotion"},{"floor":18,"key":"Fire Potion"},{"floor":31,"key":"PowerPotion"}],"is_trial":false,"path_per_floor":["M","?","?","?","$","R","E","M","T","R","M","$","E","M","R","B",null,"M","$","?","?","M","R","M","?","T","$","M","R","E","M","R","B",null,"M","?","$","M","M","R","E","R","T","M","?","M","E","M","R","B",null],"character_chosen":"DEFECT","items_purchased":["Frozen Egg 2","Self Repair+1","Go for the Eyes","Loop+1","Defragment+1","Loop+1","Anchor"],"campfire_rested":2,"item_purchase_floors":[5,5,5,12,19,27,37],"current_hp_per_floor":[58,42,42,58,58,58,28,35,35,54,64,64,44,44,44,40,58,48,48,48,48,58,58,63,63,63,63,51,51,22,38,57,35,57,64,64,64,64,64,64,64,64,64,64,64,64,64,56,56,31],"gold":575,"neow_bonus":"TWO_FIFTY_GOLD","is_prod":false,"is_daily":false,"chose_seed":false,"campfire_upgraded":7,"win_rate":0,"timestamp":1549507125,"path_taken":["M","?","?","?","?","R","E","M","T","R","?","$","E","M","R","BOSS","M","$","?","?","M","R","M","?","T","$","M","R","E","?","R","BOSS","M","?","$","M","M","R","E","R","T","M","?","M","E","M","R","BOSS"],"build_version":"2019-01-23","purchased_purges":2,"victory":true,"max_hp_per_floor":[64,64,64,64,64,64,64,64,64,64,64,64,64,64,64,64,64,64,64,64,64,64,64,64,64,64,64,64,64,64,64,64,64,64,64,64,64,64,64,64,64,64,64,64,64,64,64,64,64,64],"card_choices":[{"not_picked":["Redo","Reprogram"],"picked":"Compile Driver","floor":1},{"not_picked":["Doom and Gloom","Melter"],"picked":"Conserve Battery","floor":7},{"not_picked":["Conserve Battery","Recycle"],"picked":"Sweeping Beam","floor":8},{"not_picked":["Lockon","Go for the Eyes","Hello World+1"],"picked":"SKIP","floor":11},{"not_picked":["Hologram","Leap"],"picked":"Cold Snap","floor":13},{"not_picked":["Ball Lightning","Blizzard"],"picked":"White Noise","floor":14},{"not_picked":["Meteor Strike","Reboot"],"picked":"Amplify","floor":16},{"not_picked":["BootSequence","Doom and Gloom"],"picked":"Glacier","floor":18},{"not_picked":["BootSequence","Beam Cell","Barrage"],"picked":"SKIP","floor":22},{"not_picked":["Auto Shields","Sweeping Beam"],"picked":"Doom and Gloom","floor":24},{"not_picked":["Stack","Ball Lightning"],"picked":"Doom and Gloom","floor":28},{"not_picked":["Rebound","Undo","Coolheaded"],"picked":"SKIP","floor":30},{"not_picked":["White Noise","Genetic Algorithm","Rebound"],"picked":"SKIP","floor":31},{"not_picked":["Multi-Cast","Reboot"],"picked":"Rainbow","floor":33},{"not_picked":["Redo","Gash","Go for the Eyes+1"],"picked":"SKIP","floor":35},{"not_picked":["Gash","Loop+1","Redo"],"picked":"SKIP","floor":38},{"not_picked":["Hologram+1","Storm+1"],"picked":"Sunder+1","floor":39},{"not_picked":["Double Energy+1","Auto Shields","Hologram"],"picked":"SKIP","floor":41},{"not_picked":["Steam+1","Rebound+1","Hologram+1"],"picked":"SKIP","floor":44},{"not_picked":["Conserve Battery+1","Sunder","Turbo+1"],"picked":"SKIP","floor":46},{"not_picked":["Streamline","Hologram+1"],"picked":"Multi-Cast+1","floor":47},{"not_picked":["Stack+1","Streamline","Heatsinks+1"],"picked":"SKIP","floor":48}],"player_experience":240989,"relics_obtained":[{"floor":7,"key":"Dead Branch"},{"floor":9,"key":"Pen Nib"},{"floor":13,"key":"FossilizedHelix"},{"floor":26,"key":"Kunai"},{"floor":30,"key":"DataDisk"},{"floor":41,"key":"Centennial Puzzle"},{"floor":43,"key":"Toxic Egg 2"},{"floor":47,"key":"The Courier"}],"event_choices":[{"damage_healed":0,"gold_gain":0,"player_choice":"Take Damage","damage_taken":16,"relics_obtained":["Golden Idol"],"max_hp_gain":0,"max_hp_loss":0,"event_name":"Golden Idol","floor":2,"gold_loss":0},{"damage_healed":0,"gold_gain":175,"player_choice":"AGREE","damage_taken":0,"max_hp_gain":0,"max_hp_loss":0,"event_name":"Liars Game","floor":3,"gold_loss":0,"cards_obtained":["Doubt"]},{"damage_healed":16,"gold_gain":0,"player_choice":"Healed","damage_taken":0,"max_hp_gain":0,"max_hp_loss":0,"event_name":"The Cleric","floor":4,"gold_loss":35},{"damage_healed":0,"gold_gain":0,"player_choice":"Simplicity","damage_taken":0,"max_hp_gain":0,"max_hp_loss":0,"event_name":"Back to Basics","floor":20,"gold_loss":0,"cards_upgraded":["Strike_B","Strike_B","Strike_B","Defend_B","Defend_B","Defend_B","Defend_B"]},{"damage_healed":0,"gold_gain":0,"player_choice":"Read","damage_taken":0,"max_hp_gain":0,"max_hp_loss":0,"event_name":"The Library","floor":25,"gold_loss":0,"cards_obtained":["Storm"]},{"damage_healed":0,"gold_gain":0,"player_choice":"Ignored","damage_taken":0,"max_hp_gain":0,"max_hp_loss":0,"event_name":"Tomb of Lord Red Mask","floor":36,"gold_loss":0},{"damage_healed":0,"gold_gain":333,"player_choice":"Gave Idol","damage_taken":0,"max_hp_gain":0,"max_hp_loss":0,"event_name":"The Moai Head","floor":45,"relics_lost":["Golden Idol"],"gold_loss":0}],"is_beta":false,"boss_relics":[{"not_picked":["Ectoplasm","Nuclear Battery"],"picked":"Snecko Eye"},{"not_picked":["Velvet Choker","Runic Dome"],"picked":"Cursed Key"}],"items_purged_floors":[5,12],"is_endless":false,"potions_floor_spawned":[7,13,14,18,24,31,33,35,38,46,47],"ascension_level":14}