{"gold_per_floor":[110,110,85,96,111,111,121,121,172,137,156,53,53,73,73,171,171,157,169,169,169,186,186,186,186,186,186,206,220,220,237,237,337,337,351,351,351,451,125,138,138,151,151,177,177],"floor_reached":45,"playtime":3286,"items_purged":["Writhe"],"score":736,"play_id":"e9a76d4f-7a5e-4866-a7cc-263ea285ff58","local_time":"20181215214735","is_ascension_mode":true,"campfire_choices":[{"data":"Zap","floor":6.0,"key":"SMITH"},{"data":"Conserve Battery","floor":8.0,"key":"SMITH"},{"data":"Defragment","floor":13.0,"key":"SMITH"},{"data":"Consume","floor":15.0,"key":"SMITH"},{"floor":23.0,"key":"REST"},{"data":"Leap","floor":25.0,"key":"SMITH"},{"data":"Coolheaded","floor":27.0,"key":"SMITH"},{"data":"Echo Form","floor":30.0,"key":"SMITH"},{"floor":32.0,"key":"REST"},{"floor":41.0,"key":"REST"}],"neow_cost":"NONE","seed_source_timestamp":254199493963728,"circlet_count":0,"master_deck":["AscendersBane","Strike_B","Strike_B","Strike_B","Strike_B","Defend_B+1","Defend_B","Defend_B","Defend_B","Zap+1","Dualcast+1","FTL","Go for the Eyes","Steam","Consume+1","Conserve Battery+1","Auto Shields","Defragment+1","Leap+1","Cold Snap","Echo Form+1","Coolheaded+1","Hologram+1","Go for the Eyes","White Noise","Multi-Cast","Redo+1","Doom and Gloom","Leap","BootSequence"],"special_seed":0,"relics":["Cracked Core","Orichalcum","Dream Catcher","Sozu","Enchiridion","Cables","Philosopher\u0027s Stone","Peace Pipe","Dodecahedron","Meat on the Bone","Strawberry"],"potions_floor_usage":[],"damage_taken":[{"damage":0.0,"enemies":"Small Slimes","floor":1.0,"turns":3.0},{"damage":0.0,"enemies":"2 Louse","floor":4.0,"turns":2.0},{"damage":4.0,"enemies":"Jaw Worm","floor":5.0,"turns":3.0},{"damage":3.0,"enemies":"Looter","floor":7.0,"turns":2.0},{"damage":0.0,"enemies":"Blue Slaver","floor":11.0,"turns":2.0},{"damage":4.0,"enemies":"Large Slime","floor":14.0,"turns":7.0},{"damage":25.0,"enemies":"The Guardian","floor":16.0,"turns":18.0},{"damage":11.0,"enemies":"2 Thieves","floor":18.0,"turns":4.0},{"damage":0.0,"enemies":"Spheric Guardian","floor":19.0,"turns":6.0},{"damage":0.0,"enemies":"Colosseum Slavers","floor":21.0,"turns":5.0},{"damage":2.0,"enemies":"Snecko","floor":22.0,"turns":11.0},{"damage":5.0,"enemies":"Cultist and Chosen","floor":28.0,"turns":7.0},{"damage":0.0,"enemies":"Centurion and Healer","floor":29.0,"turns":8.0},{"damage":4.0,"enemies":"Snecko","floor":31.0,"turns":8.0},{"damage":19.0,"enemies":"Champ","floor":33.0,"turns":18.0},{"damage":0.0,"enemies":"Orb Walker","floor":35.0,"turns":5.0},{"damage":0.0,"enemies":"Mind Bloom Boss Battle","floor":38.0,"turns":9.0},{"damage":34.0,"enemies":"3 Darklings","floor":40.0,"turns":5.0},{"damage":0.0,"enemies":"Maw","floor":42.0,"turns":6.0},{"damage":55,"enemies":"Nemesis","floor":44,"turns":13},{"damage":39,"enemies":"Transient","floor":45,"turns":5}],"seed_played":"-3985618564718052542","potions_obtained":[{"floor":1.0,"key":"Poison Potion"},{"floor":11.0,"key":"Weak Potion"}],"is_trial":false,"path_per_floor":["M","?","$","M","M","R","M","R","T","?","M","$","R","M","R","B",null,"M","M","?","?","M","R","$","R","T","R","M","M","R","M","R","B",null,"M","?","?","?","$","M","R","M","T","E","M"],"character_chosen":"DEFECT","items_purchased":["Go for the Eyes","Defragment","Leap","Dodecahedron"],"campfire_rested":3,"item_purchase_floors":[3,12,12,39],"current_hp_per_floor":[68,53,53,53,49,49,46,46,46,64,64,64,64,60,60,35,65,54,54,38,38,36,58,58,58,58,58,53,53,53,49,71,52,69,69,75,75,75,75,41,63,63,63,27,0],"gold":177,"neow_bonus":"RANDOM_COMMON_RELIC","is_prod":false,"is_daily":false,"chose_seed":false,"campfire_upgraded":7,"win_rate":0,"timestamp":1544885255,"path_taken":["M","?","$","M","M","R","M","R","T","?","M","?","R","M","R","BOSS","M","M","?","?","M","R","$","R","T","R","M","M","R","M","R","BOSS","M","?","?","?","?","M","R","M","T","E","M"],"build_version":"2018-12-13","purchased_purges":1,"victory":false,"max_hp_per_floor":[75,75,75,75,75,75,75,75,75,75,75,75,75,75,75,75,75,75,75,75,75,75,75,75,75,75,75,75,75,75,75,75,75,75,75,75,75,75,75,75,75,75,75,82,82],"card_choices":[{"not_picked":["Darkness","Conserve Battery"],"picked":"FTL","floor":1.0},{"not_picked":["Barrage","Lockon"],"picked":"Steam","floor":4.0},{"not_picked":["Streamline","Steam"],"picked":"Consume","floor":5.0},{"not_picked":["Recycle","Barrage"],"picked":"Conserve Battery","floor":7.0},{"not_picked":["Rip and Tear","Undo"],"picked":"Auto Shields","floor":11.0},{"not_picked":["Sweeping Beam","Barrage"],"picked":"Cold Snap","floor":14.0},{"not_picked":["Machine Learning","Electrodynamics"],"picked":"Echo Form","floor":16.0},{"not_picked":["Streamline","Gash"],"picked":"Coolheaded","floor":18.0},{"not_picked":["Recycle","Barrage"],"picked":"Hologram+1","floor":19.0},{"not_picked":["Fusion","Chill"],"picked":"Go for the Eyes","floor":22.0},{"not_picked":["Turbo","Conserve Battery+1"],"picked":"White Noise","floor":28.0},{"not_picked":["Rebound","Lockon","Barrage"],"picked":"SKIP","floor":29.0},{"not_picked":["Rebound","Streamline","Biased Cognition"],"picked":"SKIP","floor":31.0},{"not_picked":["Fission","Buffer"],"picked":"Multi-Cast","floor":33.0},{"not_picked":["Steam Power","Tempest+1"],"picked":"Redo+1","floor":35.0},{"not_picked":["Conserve Battery","Hologram"],"picked":"Doom and Gloom","floor":38.0},{"not_picked":["Skim+1","Heatsinks","Ball Lightning"],"picked":"SKIP","floor":40.0},{"not_picked":["Rebound","Cold Snap"],"picked":"Leap","floor":42.0},{"not_picked":["Cold Snap","Echo Form"],"picked":"BootSequence","floor":44}],"player_experience":234767,"relics_obtained":[{"floor":9.0,"key":"Dream Catcher"},{"floor":20.0,"key":"Enchiridion"},{"floor":26.0,"key":"Cables"},{"floor":38.0,"key":"Peace Pipe"},{"floor":43.0,"key":"Meat on the Bone"},{"floor":44,"key":"Strawberry"}],"event_choices":[{"damage_healed":0.0,"max_hp_gain":0.0,"max_hp_loss":0.0,"gold_gain":0.0,"event_name":"Shining Light","player_choice":"Entered Light","floor":2.0,"gold_loss":0.0,"damage_taken":15.0,"cards_upgraded":["Defend_B","Dualcast"]},{"damage_healed":18.0,"max_hp_gain":0.0,"max_hp_loss":0.0,"gold_gain":0.0,"event_name":"The Cleric","player_choice":"Healed","floor":10.0,"gold_loss":35.0,"damage_taken":0.0},{"damage_healed":0.0,"max_hp_gain":0.0,"max_hp_loss":0.0,"gold_gain":0.0,"event_name":"Cursed Tome","player_choice":"Obtained Book","floor":20.0,"gold_loss":0.0,"damage_taken":16.0},{"damage_healed":0.0,"max_hp_gain":0.0,"max_hp_loss":0.0,"gold_gain":0.0,"event_name":"Colosseum","player_choice":"Fight","floor":21.0,"gold_loss":0.0,"damage_taken":0.0},{"damage_healed":0.0,"max_hp_gain":0.0,"max_hp_loss":0.0,"gold_gain":0.0,"event_name":"Colosseum","player_choice":"Fled From Nobs","floor":21.0,"gold_loss":0.0,"damage_taken":0.0},{"damage_healed":19.0,"max_hp_gain":0.0,"max_hp_loss":0.0,"gold_gain":0.0,"event_name":"Winding Halls","player_choice":"Writhe","floor":36.0,"gold_loss":0.0,"damage_taken":0.0,"cards_obtained":["Writhe"]},{"damage_healed":0.0,"max_hp_gain":0.0,"max_hp_loss":0.0,"gold_gain":0.0,"event_name":"Mysterious Sphere","player_choice":"Ignored","floor":37.0,"gold_loss":0.0,"damage_taken":0.0},{"damage_healed":0.0,"max_hp_gain":0.0,"max_hp_loss":0.0,"gold_gain":0.0,"event_name":"MindBloom","player_choice":"Fight","floor":38.0,"gold_loss":0.0,"damage_taken":0.0}],"is_beta":false,"boss_relics":[{"not_picked":["Lizard Tail","Velvet Choker"],"picked":"Sozu"},{"not_picked":["Runic Pyramid","Busted Crown"],"picked":"Philosopher\u0027s Stone"}],"items_purged_floors":[39],"is_endless":false,"potions_floor_spawned":[1,11,21,28,29,38,40],"killed_by":"Transient","ascension_level":12}