{"gold_per_floor":[14,31,44,59,59,59,88,88,88,16,16,31,31,45,45,146,146,165,177,77,94,114,114,114,140,164,176,194,194,109,126,126,229,229,239,239,249,598,598,598,628,641,726,744,744,744,67,77,77,77],"floor_reached":51,"playtime":5548,"items_purged":[],"score":856,"play_id":"33728908-3c42-4c65-8967-b34d91c470b5","local_time":"20181201165333","is_ascension_mode":true,"campfire_choices":[{"data":"Zap","floor":6.0,"key":"SMITH"},{"data":"Dualcast","floor":8.0,"key":"SMITH"},{"data":"Defragment","floor":11.0,"key":"SMITH"},{"data":"Double Energy","floor":13.0,"key":"SMITH"},{"data":"Capacitor","floor":15.0,"key":"SMITH"},{"data":"Defragment","floor":23.0,"key":"SMITH"},{"data":"Consume","floor":29.0,"key":"SMITH"},{"data":"Glacier","floor":32.0,"key":"SMITH"},{"data":"Reboot","floor":40.0,"key":"SMITH"},{"data":"Self Repair","floor":45,"key":"SMITH"},{"floor":49,"key":"REST"}],"neow_cost":"NO_GOLD","seed_source_timestamp":246174867365706,"circlet_count":0,"master_deck":["Strike_B","Strike_B","Strike_B","Defend_B","Defend_B","Defend_B","Defend_B","Zap+1","Dualcast+1","Double Energy+1","Auto Shields","Cold Snap","Glacier+1","Defragment+1","Capacitor+1","Cold Snap","Reboot+1","Skim+1","FTL","Hologram","Self Repair+1","BootSequence","Defragment+1","Consume+1","Darkness+1","Chill+1","Seek+1","Hologram+1","Multi-Cast+1","Capacitor+1","Doom and Gloom+1","Madness+1","Madness+1","Coolheaded+1","Discovery+1","Defragment","Parasite"],"special_seed":0,"relics":["Cracked Core","Unceasing Top","Gambling Chip","Pantograph","Philosopher\u0027s Stone","Toxic Egg 2","Centennial Puzzle","Pen Nib","Busted Crown","Old Coin","Du-Vu Doll","Tiny Chest","Ginger","Nunchaku"],"potions_floor_usage":[44,50,50],"damage_taken":[{"damage":9.0,"enemies":"Small Slimes","floor":1.0,"turns":3.0},{"damage":1.0,"enemies":"Cultist","floor":2.0,"turns":3.0},{"damage":0.0,"enemies":"2 Louse","floor":3.0,"turns":3.0},{"damage":5.0,"enemies":"Exordium Wildlife","floor":4.0,"turns":5.0},{"damage":25.0,"enemies":"Lagavulin","floor":7.0,"turns":8.0},{"damage":0.0,"enemies":"Looter","floor":12.0,"turns":3.0},{"damage":7.0,"enemies":"3 Louse","floor":14.0,"turns":3.0},{"damage":0.0,"enemies":"The Guardian","floor":16.0,"turns":16.0},{"damage":8.0,"enemies":"Shell Parasite","floor":18.0,"turns":7.0},{"damage":24.0,"enemies":"3 Byrds","floor":19.0,"turns":4.0},{"damage":0.0,"enemies":"Snecko","floor":21.0,"turns":8.0},{"damage":0.0,"enemies":"Centurion and Healer","floor":22.0,"turns":11.0},{"damage":23.0,"enemies":"Slavers","floor":25.0,"turns":8.0},{"damage":10.0,"enemies":"Cultist and Chosen","floor":27.0,"turns":10.0},{"damage":20.0,"enemies":"Snake Plant","floor":28.0,"turns":4.0},{"damage":0.0,"enemies":"Snecko","floor":31.0,"turns":6.0},{"damage":8.0,"enemies":"Collector","floor":33.0,"turns":8.0},{"damage":0.0,"enemies":"3 Shapes","floor":35.0,"turns":3.0},{"damage":0.0,"enemies":"3 Darklings","floor":37.0,"turns":6.0},{"damage":18.0,"enemies":"2 Orb Walkers","floor":38.0,"turns":8.0},{"damage":4,"enemies":"Giant Head","floor":41,"turns":9},{"damage":5,"enemies":"Sphere and 2 Shapes","floor":42,"turns":6},{"damage":8,"enemies":"4 Shapes","floor":44,"turns":5},{"damage":13,"enemies":"Writhing Mass","floor":48,"turns":4},{"damage":35,"enemies":"Awakened One","floor":50,"turns":14}],"seed_played":"-7230621452009527812","potions_obtained":[{"floor":2.0,"key":"AttackPotion"},{"floor":5.0,"key":"PowerPotion"},{"floor":5.0,"key":"SteroidPotion"},{"floor":5.0,"key":"Explosive Potion"},{"floor":12.0,"key":"FocusPotion"},{"floor":19.0,"key":"Block Potion"},{"floor":25.0,"key":"Ancient Potion"},{"floor":27.0,"key":"PowerPotion"},{"floor":37.0,"key":"Swift Potion"},{"floor":38.0,"key":"LiquidBronze"},{"floor":41,"key":"Swift Potion"}],"is_trial":false,"path_per_floor":["M","M","M","M","?","R","E","R","T","$","R","M","R","M","R","B",null,"M","M","$","M","M","R","?","E","T","M","M","R","?","M","R","B",null,"M","?","M","?","?","R","E","M","T","M","R","?","$","M","R","B",null],"character_chosen":"DEFECT","items_purchased":["Defragment","Hologram","Self Repair","Ginger","Nunchaku","Defragment"],"campfire_rested":1,"item_purchase_floors":[10,20,20,47,47,47],"current_hp_per_floor":[66,65,65,60,60,60,35,35,35,35,35,35,35,28,28,53,75,67,43,43,50,57,57,57,41,41,38,25,25,25,32,32,49,75,75,75,75,57,48,48,51,53,53,52,52,52,52,39,61,40],"gold":77,"neow_bonus":"ONE_RARE_RELIC","is_prod":false,"is_daily":false,"chose_seed":false,"campfire_upgraded":10,"win_rate":0,"timestamp":1543650813,"path_taken":["M","M","M","M","?","R","E","R","T","$","R","M","R","M","R","BOSS","M","M","$","M","M","R","?","E","T","M","M","R","?","M","R","BOSS","M","?","M","?","?","R","E","M","T","M","R","?","$","M","R","BOSS"],"build_version":"2018-11-15","purchased_purges":0,"victory":true,"max_hp_per_floor":[75,75,75,75,75,75,75,75,75,75,75,75,75,75,75,75,75,75,75,75,75,75,75,75,75,75,75,75,75,75,75,75,75,75,75,75,75,75,75,75,75,75,75,75,75,75,75,75,75,75],"card_choices":[{"not_picked":["Barrage","Loop"],"picked":"Double Energy","floor":1.0},{"not_picked":["Compile Driver","Chaos"],"picked":"Auto Shields","floor":2.0},{"not_picked":["Genetic Algorithm","Gash","Lockon"],"picked":"SKIP","floor":3.0},{"not_picked":["Heatsinks","Stack"],"picked":"Cold Snap","floor":4.0},{"not_picked":["Coolheaded","Beam Cell"],"picked":"Glacier","floor":7.0},{"not_picked":["Redo","Gash"],"picked":"Capacitor","floor":12.0},{"not_picked":["Streamline","Turbo"],"picked":"Cold Snap","floor":14.0},{"not_picked":["Hyperbeam","Machine Learning"],"picked":"Reboot","floor":16.0},{"not_picked":["Streamline","Barrage"],"picked":"Skim+1","floor":18.0},{"not_picked":["Aggregate","Hologram"],"picked":"FTL","floor":19.0},{"not_picked":["Turbo+1","Barrage"],"picked":"BootSequence","floor":21.0},{"not_picked":["Force Field","Beam Cell+1"],"picked":"Defragment","floor":22.0},{"not_picked":["Hologram","Tempest+1"],"picked":"Darkness","floor":25.0},{"not_picked":["Force Field+1","Cold Snap+1"],"picked":"Chill+1","floor":27.0},{"not_picked":["Beam Cell","Coolheaded+1"],"picked":"Seek+1","floor":28.0},{"not_picked":["Cold Snap","Turbo+1"],"picked":"Hologram+1","floor":31.0},{"not_picked":["Amplify+1","Reboot+1"],"picked":"Multi-Cast+1","floor":33.0},{"not_picked":["Genetic Algorithm+1"],"picked":"SKIP","floor":35.0},{"not_picked":[],"picked":"Capacitor+1","floor":37.0},{"not_picked":[],"picked":"Doom and Gloom+1","floor":38.0},{"not_picked":["Sweeping Beam+1"],"picked":"SKIP","floor":41},{"not_picked":["Steam+1"],"picked":"SKIP","floor":42},{"not_picked":[],"picked":"Coolheaded+1","floor":44},{"not_picked":[],"picked":"Discovery+1","floor":46},{"not_picked":["Turbo+1"],"picked":"SKIP","floor":48}],"player_experience":136495,"relics_obtained":[{"floor":7.0,"key":"Gambling Chip"},{"floor":9.0,"key":"Pantograph"},{"floor":25.0,"key":"Toxic Egg 2"},{"floor":26.0,"key":"Centennial Puzzle"},{"floor":38.0,"key":"Old Coin"},{"floor":41,"key":"Du-Vu Doll"},{"floor":43,"key":"Tiny Chest"}],"event_choices":[{"damage_healed":0.0,"max_hp_gain":0.0,"max_hp_loss":0.0,"gold_gain":0.0,"event_name":"Lab","player_choice":"Got Potions","floor":5.0,"gold_loss":0.0,"damage_taken":0.0},{"damage_healed":0.0,"max_hp_gain":0.0,"max_hp_loss":0.0,"gold_gain":0.0,"event_name":"The Library","player_choice":"Read","floor":24.0,"gold_loss":0.0,"damage_taken":0.0,"cards_obtained":["Consume"]},{"damage_healed":0.0,"max_hp_gain":0.0,"max_hp_loss":0.0,"gold_gain":0.0,"event_name":"Addict","player_choice":"Obtained Relic","floor":30.0,"gold_loss":85.0,"damage_taken":0.0,"relics_obtained":["Pen Nib"]},{"cards_removed":["Strike_B"],"damage_healed":0.0,"max_hp_gain":0.0,"max_hp_loss":0.0,"gold_gain":0.0,"event_name":"Falling","player_choice":"Removed Attack","floor":36.0,"gold_loss":0.0,"damage_taken":0.0},{"damage_healed":0.0,"max_hp_gain":0.0,"max_hp_loss":0.0,"gold_gain":0.0,"event_name":"Mysterious Sphere","player_choice":"Fight","floor":38.0,"gold_loss":0.0,"damage_taken":0.0},{"damage_healed":0.0,"max_hp_gain":0.0,"max_hp_loss":0.0,"gold_gain":0.0,"event_name":"Winding Halls","player_choice":"Embrace Madness","floor":39.0,"gold_loss":0.0,"damage_taken":9.0,"cards_obtained":["Madness","Madness"]},{"damage_healed":0,"gold_gain":0,"player_choice":"Memory 1","damage_taken":0,"max_hp_gain":0,"max_hp_loss":0,"event_name":"SensoryStone","floor":46,"gold_loss":0}],"is_beta":false,"boss_relics":[{"not_picked":["Runic Pyramid","White Beast Statue"],"picked":"Philosopher\u0027s Stone"},{"not_picked":["Velvet Choker","Snecko Eye"],"picked":"Busted Crown"}],"items_purged_floors":[],"is_endless":false,"potions_floor_spawned":[2,12,16,19,25,27,37,38,41],"ascension_level":3}