{"gold_per_floor":[113,113,113,37,37,82,117,143,236,29,29,44,108,149,149,298,298,342,972,609,649,698,756,827,890,890,939,939,304,403,449,449,597,597,638,638,687,705,768,1106,1106,1152,1175,532,546,141,154,154,154,179,179,179,4,73,73],"floor_reached":56,"playtime":2525,"items_purged":["Strike_G","Strike_G","Strike_G","Strike_G","Dagger Spray"],"score":1463,"play_id":"c8b19035-a3a1-4c42-bc98-2f3330e17579","local_time":"20181205222028","is_ascension_mode":true,"campfire_choices":[{"data":"HandOfGreed","floor":11,"key":"SMITH"},{"data":"Noxious Fumes","floor":15,"key":"SMITH"},{"floor":28,"key":"REST"},{"floor":32,"key":"REST"},{"floor":49,"key":"RECALL"},{"data":"Catalyst","floor":52,"key":"SMITH"}],"neow_cost":"NONE","seed_source_timestamp":986027591020019,"circlet_count":0,"master_deck":["Defend_G","Defend_G","Defend_G","Defend_G","Defend_G","Survivor","Neutralize","Quick Slash","Footwork","Flying Knee","Skewer","Terror","HandOfGreed+1","Noxious Fumes+1","Deflect","Malaise","Deadly Poison","Blur","Footwork","Blade Dance+1","Backflip","Deadly Poison+1","Cloak And Dagger+1","Dodge and Roll","Footwork","After Image","Catalyst+1","Burst","Leg Sweep+1","Well Laid Plans"],"relics":["Ring of the Serpent","NeowsBlessing","Golden Idol","MawBank","FossilizedHelix","Darkstone Periapt","Art of War","Snecko Eye","Anchor","Singing Bowl","Dream Catcher","Mummified Hand","OrangePellets","Bag of Preparation","Old Coin","Medical Kit","Pen Nib","Happy Flower","Chemical X","Pocketwatch"],"potions_floor_usage":[23,23,23,55,55,55],"damage_taken":[{"damage":0,"enemies":"2 Louse","floor":1,"turns":1},{"damage":0,"enemies":"3 Sentries","floor":6,"turns":1},{"damage":0,"enemies":"Small Slimes","floor":7,"turns":1},{"damage":0,"enemies":"Jaw Worm","floor":8,"turns":2},{"damage":0,"enemies":"Looter","floor":12,"turns":4},{"damage":7,"enemies":"Exordium Thugs","floor":13,"turns":5},{"damage":4,"enemies":"Lagavulin","floor":14,"turns":7},{"damage":22,"enemies":"Slime Boss","floor":16,"turns":10},{"damage":0,"enemies":"Chosen","floor":18,"turns":6},{"damage":0,"enemies":"3 Byrds","floor":21,"turns":5},{"damage":0,"enemies":"Snecko","floor":22,"turns":8},{"damage":0,"enemies":"Slavers","floor":23,"turns":6},{"damage":0,"enemies":"Shelled Parasite and Fungi","floor":24,"turns":4},{"damage":9,"enemies":"Gremlin Leader","floor":25,"turns":6},{"damage":0,"enemies":"Snake Plant","floor":27,"turns":4},{"damage":13,"enemies":"Cultist and Chosen","floor":31,"turns":5},{"damage":41,"enemies":"Champ","floor":33,"turns":16},{"damage":9,"enemies":"3 Shapes","floor":35,"turns":5},{"damage":0,"enemies":"Orb Walker","floor":37,"turns":5},{"damage":8,"enemies":"3 Darklings","floor":38,"turns":5},{"damage":0,"enemies":"4 Shapes","floor":39,"turns":7},{"damage":63,"enemies":"Reptomancer","floor":40,"turns":9},{"damage":0,"enemies":"Writhing Mass","floor":42,"turns":7},{"damage":0,"enemies":"Spire Growth","floor":45,"turns":6},{"damage":0,"enemies":"Transient","floor":47,"turns":5},{"damage":2,"enemies":"Time Eater","floor":50,"turns":17},{"damage":0,"enemies":"Shield and Spear","floor":54,"turns":6},{"damage":1,"enemies":"The Heart","floor":55,"turns":7}],"seed_played":"-1605083964966952512","potions_obtained":[{"floor":7,"key":"EssenceOfSteel"},{"floor":12,"key":"FearPotion"},{"floor":13,"key":"GhostInAJar"},{"floor":25,"key":"Dexterity Potion"},{"floor":27,"key":"Poison Potion"}],"is_trial":false,"path_per_floor":["M","?","?","$","?","E","M","M","T","$","R","M","M","E","R","B",null,"M","?","$","M","M","E","M","E","T","M","R","$","?","M","R","B",null,"M","?","M","M","M","E","?","M","T","$","M","$","M","?","R","B",null,"R","$","E","B",null],"character_chosen":"THE_SILENT","items_purchased":["Footwork","HandOfGreed","Dagger Spray","Anchor","Blur","Footwork","OrangePellets","Bag of Preparation","Dodge and Roll","Footwork","Dexterity Potion","Medical Kit","Well Laid Plans","Pen Nib","Happy Flower","Chemical X","PowerPotion"],"campfire_rested":2,"item_purchase_floors":[4,10,10,20,20,20,29,29,29,29,29,44,44,44,44,46,46],"current_hp_per_floor":[70,75,69,69,66,66,66,66,66,66,66,66,59,55,55,33,69,69,21,21,21,21,21,23,16,16,18,40,40,40,29,54,13,79,72,72,72,66,68,5,7,13,13,13,15,15,17,17,17,15,94,94,94,96,95],"gold":73,"neow_bonus":"THREE_ENEMY_KILL","is_prod":false,"is_daily":false,"chose_seed":false,"campfire_upgraded":3,"win_rate":0,"timestamp":1544066428,"path_taken":["M","?","?","$","?","E","?","M","T","$","R","M","M","E","R","BOSS","M","?","$","M","M","E","M","E","T","M","R","$","?","M","R","BOSS","M","?","M","M","?","E","?","M","T","$","M","?","?","?","R","BOSS","R","$","E","BOSS"],"build_version":"2018-11-15","purchased_purges":5,"victory":true,"max_hp_per_floor":[70,75,69,69,69,69,69,69,69,69,69,69,69,69,69,69,69,69,69,69,69,69,69,71,73,73,75,75,75,75,77,79,79,79,81,81,81,83,85,85,87,93,93,93,95,95,97,94,94,94,94,94,94,96,96],"card_choices":[{"not_picked":["Deflect","Backflip"],"picked":"Quick Slash","floor":1},{"not_picked":["Deflect","Outmaneuver"],"picked":"Flying Knee","floor":6},{"not_picked":["Slice","Quick Slash"],"picked":"Skewer","floor":7},{"not_picked":["Slice","Finisher"],"picked":"Terror","floor":8},{"not_picked":["Dagger Throw","Catalyst"],"picked":"Noxious Fumes","floor":12},{"not_picked":["Concentrate","Acrobatics"],"picked":"Deflect","floor":13},{"not_picked":["Accuracy","PiercingWail","Distraction"],"picked":"SKIP","floor":14},{"not_picked":["Adrenaline","Tools of the Trade"],"picked":"Malaise","floor":16},{"not_picked":["Blade Dance","Distraction"],"picked":"Deadly Poison","floor":18},{"not_picked":["Quick Slash","Sucker Punch"],"picked":"Blade Dance+1","floor":21},{"not_picked":["Dagger Throw+1","Blade Dance+1"],"picked":"Backflip","floor":22},{"not_picked":["Riddle With Holes+1","Grand Finale"],"picked":"Deadly Poison+1","floor":23},{"not_picked":["Blade Dance","Concentrate","Calculated Gamble+1"],"picked":"Singing Bowl","floor":24},{"not_picked":["Noxious Fumes","Finisher+1","Blade Dance"],"picked":"Singing Bowl","floor":25},{"not_picked":["Poisoned Stab","Setup","Flechettes"],"picked":"Singing Bowl","floor":27},{"not_picked":["Acrobatics","Outmaneuver"],"picked":"Cloak And Dagger+1","floor":28},{"not_picked":["Dagger Spray","Bane+1","Blade Dance"],"picked":"Singing Bowl","floor":31},{"not_picked":["Dagger Throw","Outmaneuver","Acrobatics"],"picked":"Singing Bowl","floor":32},{"not_picked":["Adrenaline","Doppelganger"],"picked":"After Image","floor":33},{"not_picked":["Prepared+1","Heel Hook","Quick Slash+1"],"picked":"Singing Bowl","floor":35},{"not_picked":["Outmaneuver","Finisher+1"],"picked":"Catalyst","floor":37},{"not_picked":["Skewer+1","Outmaneuver+1","Calculated Gamble+1"],"picked":"Singing Bowl","floor":38},{"not_picked":["Prepared","Dagger Spray+1","Flying Knee"],"picked":"Singing Bowl","floor":39},{"not_picked":["Catalyst+1","Dash+1"],"picked":"Burst","floor":40},{"not_picked":["Deep Breath","Magnetism","Swift Strike"],"picked":"Singing Bowl","floor":41},{"not_picked":["Underhanded Strike+1","Cloak And Dagger"],"picked":"Leg Sweep+1","floor":42},{"not_picked":["Dagger Spray","Eviscerate","Flying Knee"],"picked":"Singing Bowl","floor":45},{"not_picked":["Calculated Gamble","Cloak And Dagger+1","Slice+1"],"picked":"Singing Bowl","floor":47},{"not_picked":["Deflect+1","Flechettes+1","Deadly Poison+1"],"picked":"Singing Bowl","floor":54}],"player_experience":662342,"relics_obtained":[{"floor":6,"key":"FossilizedHelix"},{"floor":9,"key":"Darkstone Periapt"},{"floor":14,"key":"Art of War"},{"floor":23,"key":"Singing Bowl"},{"floor":25,"key":"Dream Catcher"},{"floor":26,"key":"Mummified Hand"},{"floor":40,"key":"Old Coin"},{"floor":54,"key":"Pocketwatch"}],"event_choices":[{"damage_healed":0,"gold_gain":0,"player_choice":"Donut","damage_taken":0,"max_hp_gain":5,"max_hp_loss":0,"event_name":"Big Fish","floor":2,"gold_loss":0},{"damage_healed":0,"gold_gain":0,"player_choice":"Lose Max HP","damage_taken":0,"relics_obtained":["Golden Idol"],"max_hp_gain":0,"max_hp_loss":6,"event_name":"Golden Idol","floor":3,"gold_loss":0},{"damage_healed":0,"gold_gain":0,"player_choice":"Success","damage_taken":3,"relics_obtained":["MawBank"],"max_hp_gain":0,"max_hp_loss":0,"event_name":"Scrap Ooze","floor":5,"gold_loss":0},{"damage_healed":0,"gold_gain":630,"player_choice":"GOLD GOLD GOLD GOLD GOLD GOLD GOLD ","damage_taken":48,"max_hp_gain":0,"max_hp_loss":0,"event_name":"Knowing Skull","floor":19,"potions_obtained":[],"gold_loss":0,"cards_obtained":[]},{"damage_healed":0,"gold_gain":99,"player_choice":"Stole From Cult","damage_taken":0,"max_hp_gain":0,"max_hp_loss":0,"event_name":"Nest","floor":30,"gold_loss":0},{"cards_removed":["Strike_G"],"damage_healed":0,"gold_gain":0,"player_choice":"Purged","damage_taken":0,"max_hp_gain":0,"max_hp_loss":0,"event_name":"Purifier","floor":36,"gold_loss":0},{"damage_healed":0,"gold_gain":0,"player_choice":"Memory 1","damage_taken":0,"max_hp_gain":0,"max_hp_loss":0,"event_name":"SensoryStone","floor":41,"gold_loss":0},{"cards_removed":["Parasite"],"damage_healed":0,"gold_gain":0,"player_choice":"Removed Curses","damage_taken":0,"max_hp_gain":0,"max_hp_loss":0,"event_name":"Fountain of Cleansing","floor":48,"gold_loss":0}],"is_beta":false,"boss_relics":[{"not_picked":["Cursed Key","Lizard Tail"],"picked":"Snecko Eye"},{"not_picked":["Orrery","Empty Cage"],"picked":"Ring of the Serpent"}],"items_purged_floors":[20,29,44,46,53],"is_endless":false,"potions_floor_spawned":[7,12,13,16,22,25,27,31,35,38,39,40],"ascension_level":1}