{"gold_per_floor":[116,133,148,175,175,175,202,202,226,264,278,318,318,342,342,435,435,456,7,25,39,39,39,52,72,72,72,72,115,115,61,61,61],"floor_reached":33,"playtime":1340,"items_purged":[],"score":568,"play_id":"0c7fdbec-b31d-4822-b208-2086b9431895","local_time":"20180924194436","is_ascension_mode":true,"campfire_choices":[{"data":"Zap","floor":6,"key":"SMITH"},{"floor":13,"key":"REST"},{"data":"Hologram","floor":15,"key":"SMITH"},{"floor":28,"key":"REST"},{"data":"Hologram","floor":30,"key":"SMITH"},{"data":"Hyperbeam","floor":32,"key":"SMITH"}],"neow_cost":"NONE","seed_source_timestamp":91370700277001,"circlet_count":0,"master_deck":["Defend_B","Defend_B","Defend_B","Defend_B","Zap+1","Dualcast","AscendersBane","Gash","Steam","Ball Lightning","Hologram+1","Compile Driver","Genetic Algorithm","Compile Driver","Conserve Battery","Go for the Eyes","Hyperbeam+1","Steam","Apotheosis+1","Sunder","Hologram+1","Ball Lightning","Hologram","Leap","Undo","Bite","Bite","Bite","Bite","Bite","Stack","Rebound"],"relics":["Cracked Core","Omamori","Potion Belt","Golden Idol","Strawberry","Oddly Smooth Stone","Dream Catcher","Nuclear Battery","Lantern","Ornamental Fan","Orichalcum"],"potions_floor_usage":[10,11,12,16,29,33,33,33,33],"damage_taken":[{"damage":1,"enemies":"Cultist","floor":1,"turns":3},{"damage":2,"enemies":"2 Louse","floor":2,"turns":2},{"damage":0,"enemies":"Small Slimes","floor":3,"turns":3},{"damage":18,"enemies":"Gremlin Nob","floor":7,"turns":4},{"damage":21,"enemies":"Lagavulin","floor":10,"turns":7},{"damage":9,"enemies":"3 Louse","floor":11,"turns":4},{"damage":14,"enemies":"3 Sentries","floor":12,"turns":6},{"damage":10,"enemies":"Exordium Thugs","floor":14,"turns":5},{"damage":26,"enemies":"The Guardian","floor":16,"turns":13},{"damage":17,"enemies":"2 Thieves","floor":18,"turns":4},{"damage":19,"enemies":"Chosen","floor":20,"turns":5},{"damage":4,"enemies":"Snecko","floor":21,"turns":3},{"damage":6,"enemies":"Cultist and Chosen","floor":24,"turns":3},{"damage":0,"enemies":"Centurion and Healer","floor":25,"turns":8},{"damage":0,"enemies":"Book of Stabbing","floor":29,"turns":6},{"damage":73,"enemies":"Collector","floor":33,"turns":7}],"seed_played":"-3347551862618009164","potions_obtained":[{"floor":2,"key":"Explosive Potion"},{"floor":5,"key":"EssenceOfSteel"},{"floor":7,"key":"AttackPotion"},{"floor":10,"key":"Regen Potion"},{"floor":12,"key":"Weak Potion"},{"floor":16,"key":"Energy Potion"},{"floor":20,"key":"Poison Potion"},{"floor":25,"key":"Fire Potion"},{"floor":29,"key":"Regen Potion"}],"is_trial":false,"path_per_floor":["M","M","M","T","?","R","E","?","T","E","M","E","R","M","R","B",null,"M","$","M","M","?","?","M","M","T","?","R","E","R","$","R"],"character_chosen":"DEFECT","items_purchased":["Apotheosis","Sunder","Lantern","Hologram","Rebound"],"campfire_rested":2,"item_purchase_floors":[19,19,19,19,31],"current_hp_per_floor":[63,61,61,61,61,61,43,43,50,29,32,18,39,29,29,3,54,37,37,18,14,14,14,8,8,8,8,22,40,40,40,40,0],"gold":61,"neow_bonus":"REMOVE_CARD","is_prod":false,"is_daily":false,"chose_seed":false,"campfire_upgraded":4,"win_rate":0,"timestamp":1537832676,"path_taken":["M","?","M","?","?","R","E","?","T","E","M","E","R","?","R","BOSS","M","$","M","M","?","?","M","?","T","?","R","E","R","?","R","BOSS"],"build_version":"2018-09-20","purchased_purges":0,"victory":false,"max_hp_per_floor":[71,71,71,71,71,71,71,64,71,71,71,71,71,71,71,71,71,71,71,71,71,71,71,71,71,71,49,49,49,49,49,49,49],"card_choices":[{"not_picked":["Turbo","Aggregate"],"picked":"Gash","floor":1},{"not_picked":["Reprogram","Tempest"],"picked":"Steam","floor":2},{"not_picked":["Lockon","Cold Snap"],"picked":"Ball Lightning","floor":3},{"not_picked":["Compile Driver","Gash"],"picked":"Hologram","floor":7},{"not_picked":["Blizzard","Go for the Eyes"],"picked":"Compile Driver","floor":10},{"not_picked":["Rainbow","Cold Snap"],"picked":"Genetic Algorithm","floor":11},{"not_picked":["Skim","Beam Cell"],"picked":"Compile Driver","floor":12},{"not_picked":["Redo","Beam Cell"],"picked":"Conserve Battery","floor":13},{"not_picked":["Reprogram","Melter"],"picked":"Go for the Eyes","floor":14},{"not_picked":["Seek","Rainbow"],"picked":"Hyperbeam","floor":16},{"not_picked":["Recycle","Heatsinks"],"picked":"Steam","floor":18},{"not_picked":["Streamline","Coolheaded+1"],"picked":"Ball Lightning","floor":20},{"not_picked":["Hello World","Static Discharge+1"],"picked":"Hologram","floor":21},{"not_picked":["Multi-Cast","Streamline+1"],"picked":"Leap","floor":24},{"not_picked":["Barrage","Cold Snap+1"],"picked":"Undo","floor":25},{"not_picked":["Chaos","Aggregate"],"picked":"Stack","floor":28},{"not_picked":["Consume","Skim+1","Coolheaded+1"],"picked":"SKIP","floor":29}],"player_experience":503883,"relics_obtained":[{"floor":4,"key":"Omamori"},{"floor":7,"key":"Potion Belt"},{"floor":9,"key":"Strawberry"},{"floor":10,"key":"Oddly Smooth Stone"},{"floor":12,"key":"Dream Catcher"},{"floor":26,"key":"Ornamental Fan"},{"floor":29,"key":"Orichalcum"}],"event_choices":[{"event_name":"The Lab","player_choice":"Got Potions","floor":5,"damage_taken":0},{"event_name":"Golden Idol","player_choice":"Lose Max HP","floor":8,"damage_taken":0},{"event_name":"Accursed Blacksmith","player_choice":"Forge","floor":22,"damage_taken":0},{"event_name":"Cursed Tome","player_choice":"Ignored","floor":23,"damage_taken":0},{"event_name":"Vampires","player_choice":"Became a vampire","floor":27,"damage_taken":0}],"is_beta":false,"boss_relics":[{"not_picked":["Snecko Eye","Busted Crown"],"picked":"Nuclear Battery"}],"items_purged_floors":[],"is_endless":false,"potions_floor_spawned":[2,7,10,12,16,20,25,29],"killed_by":"Collector","ascension_level":15}