{"gold_per_floor":[109,126,126,142,167,205,220,26,26,47,67,32,45,69,69,192,192,210,210],"floor_reached":19,"playtime":803,"items_purged":[],"score":245,"play_id":"36606693-1df0-4400-a60b-beea801ac9c5","local_time":"20190205013108","is_ascension_mode":true,"campfire_choices":[{"floor":15,"key":"REST"}],"neow_cost":"NONE","seed_source_timestamp":46846553656711,"circlet_count":0,"master_deck":["Strike_R","Strike_R","Strike_R","Strike_R","Strike_R","Defend_R","Defend_R","Defend_R","Defend_R","Bash","Immolate","Blood for Blood","Inflame","True Grit","Shrug It Off","Havoc","Feed","Shockwave","Entrench","Metallicize","Blood for Blood","Spot Weakness","Barricade","Clothesline+1"],"relics":["Black Blood","Golden Idol","Strawberry","Red Skull","Du-Vu Doll"],"potions_floor_usage":[6,6,10,16],"damage_taken":[{"damage":7,"enemies":"Jaw Worm","floor":1,"turns":3},{"damage":0,"enemies":"2 Louse","floor":2,"turns":1},{"damage":16,"enemies":"Small Slimes","floor":4,"turns":3},{"damage":14,"enemies":"3 Louse","floor":5,"turns":3},{"damage":35,"enemies":"Gremlin Nob","floor":6,"turns":4},{"damage":8,"enemies":"Red Slaver","floor":7,"turns":4},{"damage":13,"enemies":"Large Slime","floor":10,"turns":9},{"damage":1,"enemies":"Lots of Slimes","floor":11,"turns":2},{"damage":3,"enemies":"Exordium Wildlife","floor":13,"turns":5},{"damage":21,"enemies":"3 Louse","floor":14,"turns":3},{"damage":16,"enemies":"Hexaghost","floor":16,"turns":7},{"damage":42,"enemies":"2 Thieves","floor":18,"turns":5},{"damage":47,"enemies":"Spheric Guardian","floor":19,"turns":5}],"seed_played":"5185377690086455451","potions_obtained":[{"floor":2,"key":"Poison Potion"},{"floor":4,"key":"PowerPotion"},{"floor":7,"key":"EssenceOfSteel"},{"floor":11,"key":"FairyPotion"},{"floor":13,"key":"FearPotion"},{"floor":14,"key":"GamblersBrew"}],"is_trial":false,"path_per_floor":["M","M","?","M","M","E","M","$","T","M","M","$","M","M","R","B",null,"M","M"],"character_chosen":"IRONCLAD","items_purchased":["Shockwave","Red Skull","Blood for Blood"],"campfire_rested":1,"item_purchase_floors":[8,8,12],"current_hp_per_floor":[71,77,57,47,39,17,15,15,15,11,16,16,19,15,42,32,76,47,0],"gold":210,"neow_bonus":"ONE_RANDOM_RARE_CARD","is_prod":false,"is_daily":false,"chose_seed":false,"campfire_upgraded":0,"win_rate":0,"timestamp":1549305068,"path_taken":["M","M","?","M","M","E","M","$","T","M","M","$","M","M","R","BOSS","M","M"],"build_version":"2019-01-23","purchased_purges":0,"victory":false,"max_hp_per_floor":[80,80,80,80,80,87,87,87,87,90,90,90,90,90,90,90,90,93,93],"card_choices":[{"not_picked":["Body Slam","Wild Strike"],"picked":"Blood for Blood","floor":1},{"not_picked":["Clothesline","Seeing Red"],"picked":"Inflame","floor":2},{"not_picked":["Anger","Entrench"],"picked":"True Grit","floor":4},{"not_picked":["Havoc","Headbutt"],"picked":"Shrug It Off","floor":5},{"not_picked":["Thunderclap","Wild Strike"],"picked":"Havoc","floor":6},{"not_picked":["Flex","Whirlwind"],"picked":"Feed","floor":7},{"not_picked":["Fire Breathing","Anger"],"picked":"Entrench","floor":10},{"not_picked":["Armaments","Cleave"],"picked":"Metallicize","floor":11},{"not_picked":["Entrench","Thunderclap"],"picked":"Spot Weakness","floor":13},{"not_picked":["Perfected Strike","Twin Strike","Fire Breathing"],"picked":"SKIP","floor":14},{"not_picked":["Limit Break","Brutality"],"picked":"Barricade","floor":16},{"not_picked":["Twin Strike","Sword Boomerang"],"picked":"Clothesline+1","floor":18}],"player_experience":319495,"relics_obtained":[{"floor":6,"key":"Strawberry"},{"floor":9,"key":"Du-Vu Doll"}],"event_choices":[{"damage_healed":0,"gold_gain":0,"player_choice":"Take Damage","damage_taken":20,"relics_obtained":["Golden Idol"],"max_hp_gain":0,"max_hp_loss":0,"event_name":"Golden Idol","floor":3,"gold_loss":0}],"is_beta":false,"boss_relics":[{"not_picked":["Black Star","Runic Pyramid"],"picked":"Black Blood"}],"items_purged_floors":[],"is_endless":false,"potions_floor_spawned":[2,4,7,11,13,14],"killed_by":"Spheric Guardian","ascension_level":8}