{"path_per_floor":["M","M","?","?","M","E","R","M","T","?","M","M","M","M","R","B",null,"M","?","M","M"],"character_chosen":"THE_SILENT","items_purchased":[],"gold_per_floor":[16,27,27,27,38,64,64,80,126,126,146,163,182,197,197,295,295,314,314,324,335],"floor_reached":22,"campfire_rested":2,"playtime":2927,"current_hp_per_floor":[61,61,61,54,54,32,53,43,43,43,43,43,22,22,43,17,70,51,51,22,12],"items_purged":[],"gold":335,"play_id":"95b82f99-7e5f-4060-86d0-fe34dcc778db","is_prod":false,"is_daily":false,"is_ascension_mode":false,"campfire_upgraded":0,"path_taken":["M","?","?","?","M","E","R","M","T","?","?","M","M","?","R","BOSS","M","?","M","M","?"],"build_version":"2018-02-01-PROD3","purchased_purges":0,"victory":false,"master_deck":["Defend_G","Defend_G","Defend_G","Defend_G","Defend_G","Strike_G+1","Strike_G","Survivor","Neutralize+1","After Image","Outmaneuver","Backflip","Footwork","Outmaneuver","Well Laid Plans","Outmaneuver","Footwork","Flying Knee","Envenom","Dagger Throw+1","Terror+1","Distraction+1","Riddle With Holes+1","Backflip"],"max_hp_per_floor":[70,70,70,70,70,70,70,70,70,70,70,70,70,70,70,70,70,70,70,70,70],"relics":["Ring of the Snake","Blue Candle","Whetstone","Snake Skull","Astrolabe"],"card_choices":[{"not_picked":["Glass Knife","Burst"],"picked":"After Image"},{"not_picked":["Masterful Stab","Phantasmal Killer"],"picked":"Outmaneuver"},{"not_picked":["Blade Dance","Deflect"],"picked":"Backflip"},{"not_picked":["Bane","Terror"],"picked":"Footwork"},{"not_picked":["Deflect","Sucker Punch"],"picked":"Outmaneuver"},{"not_picked":["Escape Plan","PiercingWail"],"picked":"Well Laid Plans"},{"not_picked":["Blade Dance","Sucker Punch"],"picked":"Outmaneuver"},{"not_picked":["Corpse Explosion","Blur"],"picked":"Footwork"},{"not_picked":["Accuracy","Catalyst"],"picked":"Flying Knee"},{"not_picked":["Venomology","Glass Knife"],"picked":"Envenom"},{"not_picked":["Underhanded Strike","Poisoned Stab"],"picked":"Riddle With Holes"},{"not_picked":["Dash","Acrobatics"],"picked":"Backflip"}],"player_experience":155242,"potions_floor_usage":[],"damage_taken":[{"damage":9.0,"enemies":"Blue Slaver","floor":1.0,"turns":7.0},{"damage":0.0,"enemies":"Small Slimes","floor":2.0,"turns":6.0},{"damage":0.0,"enemies":"2 Louse","floor":5.0,"turns":5.0},{"damage":22.0,"enemies":"Lagavulin","floor":6.0,"turns":13.0},{"damage":10.0,"enemies":"Lots of Slimes","floor":8.0,"turns":7.0},{"damage":0.0,"enemies":"Looter","floor":11.0,"turns":5.0},{"damage":0.0,"enemies":"2 Fungi Beasts","floor":12.0,"turns":5.0},{"damage":21.0,"enemies":"Exordium Wildlife","floor":13.0,"turns":9.0},{"damage":0.0,"enemies":"Large Slime","floor":14.0,"turns":10.0},{"damage":26.0,"enemies":"The Guardian","floor":16.0,"turns":16.0},{"damage":19,"enemies":"3 Byrds","floor":18,"turns":8},{"damage":29,"enemies":"2 Thieves","floor":20,"turns":5},{"damage":10,"enemies":"Snecko","floor":21,"turns":6},{"damage":19,"enemies":"Slaver and Parasite","floor":22,"turns":3}],"event_choices":[{"event_name":"Big Fish","player_choice":"Box","floor":3.0,"damage_taken":0.0},{"event_name":"Golden Wing","player_choice":"Card Removal","floor":4.0,"damage_taken":0.0},{"event_name":"The Cleric","player_choice":"Leave","floor":10.0,"damage_taken":0.0},{"event_name":"The Woman in Blue","player_choice":"Bought 0 Potions","floor":19,"damage_taken":0}],"boss_relics":[],"potions_floor_spawned":[2,6,8,11,20],"seed_played":"-5881762233982056492","killed_by":"Slaver and Parasite","ascension_level":0,"is_trial":false}