{"gold_per_floor":[114,125,135,153,78,113,113,190,190,340,24,50,62,84,96,183,195,222,234,296,66,79,79,111,111,111,126,126,126,142,175,175,175],"floor_reached":33,"playtime":1526,"items_purged":["Doubt","Strike_G"],"score":586,"play_id":"40c04e03-ed30-4a1a-a901-650c87d57dc8","local_time":"20181201224038","is_ascension_mode":true,"campfire_choices":[{"floor":7,"key":"REST"},{"data":"Neutralize","floor":13,"key":"SMITH"},{"data":"Noxious Fumes","floor":15,"key":"SMITH"},{"floor":23,"key":"REST"},{"data":"Malaise","floor":25,"key":"SMITH"},{"floor":32,"key":"REST"}],"neow_cost":"NONE","seed_source_timestamp":643041091259157,"circlet_count":0,"master_deck":["AscendersBane","Defend_G","Defend_G","Defend_G","Defend_G","Defend_G","Strike_G","Strike_G","Strike_G","Survivor","Neutralize+1","Slice","Dagger Spray","Dodge and Roll","Dagger Spray","Well Laid Plans","Venomology","Noxious Fumes+1","Malaise+1","Infinite Blades","Backflip","Adrenaline","Writhe"],"relics":["Ring of the Snake","Juzu Bracelet","Gambling Chip","Ninja Scroll","Shuriken","Membership Card","MawBank","Eternal Feather","Blood Vial","ClockworkSouvenir","Singing Bowl","Bird Faced Urn","Bronze Scales","Ice Cream"],"potions_floor_usage":[4,6,16,19,24,27,31,31,33,33],"damage_taken":[{"damage":2,"enemies":"Cultist","floor":1,"turns":5},{"damage":7,"enemies":"Jaw Worm","floor":2,"turns":6},{"damage":1,"enemies":"Small Slimes","floor":3,"turns":3},{"damage":5,"enemies":"Exordium Thugs","floor":4,"turns":5},{"damage":54,"enemies":"Gremlin Nob","floor":6,"turns":6},{"damage":7,"enemies":"3 Sentries","floor":12,"turns":4},{"damage":1,"enemies":"Large Slime","floor":14,"turns":4},{"damage":15,"enemies":"Hexaghost","floor":16,"turns":9},{"damage":0,"enemies":"3 Byrds","floor":18,"turns":5},{"damage":24,"enemies":"Colosseum Slavers","floor":19,"turns":5},{"damage":13,"enemies":"Chosen","floor":22,"turns":4},{"damage":29,"enemies":"Gremlin Leader","floor":24,"turns":5},{"damage":9,"enemies":"Snake Plant","floor":27,"turns":7},{"damage":26,"enemies":"Sentry and Sphere","floor":30,"turns":6},{"damage":7,"enemies":"Book of Stabbing","floor":31,"turns":6},{"damage":78,"enemies":"Automaton","floor":33,"turns":8}],"seed_played":"7434619688035730929","potions_obtained":[{"floor":2,"key":"Energy Potion"},{"floor":3,"key":"Regen Potion"},{"floor":6,"key":"Fire Potion"},{"floor":16,"key":"PowerPotion"},{"floor":27,"key":"SpeedPotion"}],"is_trial":false,"path_per_floor":["M","M","M","M","?","E","R","T","T","?","$","E","R","M","R","B",null,"M","?","?","$","M","R","E","R","T","M","?","?","M","E","R","B"],"character_chosen":"THE_SILENT","items_purchased":["Membership Card","SmokeBomb","Blood Vial","ClockworkSouvenir"],"campfire_rested":3,"item_purchase_floors":[11,11,21,21],"current_hp_per_floor":[57,50,49,44,44,5,24,24,24,24,24,17,17,16,16,1,50,50,26,26,26,15,46,19,31,31,32,32,32,16,19,52,0],"gold":175,"neow_bonus":"RANDOM_COMMON_RELIC","is_prod":false,"is_daily":false,"chose_seed":false,"campfire_upgraded":3,"win_rate":0,"timestamp":1543722038,"path_taken":["M","M","M","M","?","E","R","?","T","?","$","E","R","M","R","BOSS","M","?","?","$","M","R","E","R","T","M","?","?","M","E","R","BOSS"],"build_version":"2018-11-15","purchased_purges":2,"victory":false,"max_hp_per_floor":[66,66,66,66,66,66,66,66,66,66,66,66,66,66,66,66,66,66,66,66,66,66,66,66,66,66,68,68,68,70,72,72,72],"card_choices":[{"not_picked":["Acrobatics","Prepared"],"picked":"Slice","floor":1},{"not_picked":["Backflip","Choke"],"picked":"Dagger Spray","floor":2},{"not_picked":["Backflip","A Thousand Cuts"],"picked":"Dodge and Roll","floor":3},{"not_picked":["PiercingWail","Bane"],"picked":"Dagger Spray","floor":4},{"not_picked":["Heel Hook","Accuracy"],"picked":"Well Laid Plans","floor":6},{"not_picked":["Slice","Underhanded Strike"],"picked":"Venomology","floor":12},{"not_picked":["Blur","All Out Attack"],"picked":"Noxious Fumes","floor":14},{"not_picked":["Grand Finale","Phantasmal Killer"],"picked":"Malaise","floor":16},{"not_picked":["Dagger Spray","Prepared"],"picked":"Infinite Blades","floor":18},{"not_picked":["Outmaneuver","Flying Knee"],"picked":"Backflip","floor":22},{"not_picked":["Choke","Riddle With Holes"],"picked":"Adrenaline","floor":24},{"not_picked":["Blade Dance","Quick Slash","Flying Knee"],"picked":"Singing Bowl","floor":27},{"not_picked":["Underhanded Strike","Bane","Outmaneuver"],"picked":"Singing Bowl","floor":30},{"not_picked":["Dagger Spray","Prepared","Well Laid Plans"],"picked":"Singing Bowl","floor":31}],"player_experience":649892,"relics_obtained":[{"floor":6,"key":"Gambling Chip"},{"floor":8,"key":"Ninja Scroll"},{"floor":9,"key":"Shuriken"},{"floor":12,"key":"MawBank"},{"floor":24,"key":"Singing Bowl"},{"floor":26,"key":"Bird Faced Urn"},{"floor":31,"key":"Ice Cream"}],"event_choices":[{"cards_removed":["Strike_G"],"damage_healed":0,"gold_gain":0,"player_choice":"Card Removal","damage_taken":0,"max_hp_gain":0,"max_hp_loss":0,"event_name":"The Cleric","floor":5,"gold_loss":75},{"damage_healed":0,"gold_gain":150,"player_choice":"AGREE","damage_taken":0,"max_hp_gain":0,"max_hp_loss":0,"event_name":"Liars Game","floor":10,"gold_loss":0,"cards_obtained":["Doubt"]},{"damage_healed":0,"gold_gain":0,"player_choice":"Fight","damage_taken":0,"max_hp_gain":0,"max_hp_loss":0,"event_name":"Colosseum","floor":19,"gold_loss":0},{"damage_healed":0,"gold_gain":0,"player_choice":"Fled From Nobs","damage_taken":0,"max_hp_gain":0,"max_hp_loss":0,"event_name":"Colosseum","floor":19,"gold_loss":0},{"damage_healed":0,"gold_gain":50,"player_choice":"Stole From Cult","damage_taken":0,"max_hp_gain":0,"max_hp_loss":0,"event_name":"Nest","floor":20,"gold_loss":0},{"damage_healed":0,"gold_gain":0,"player_choice":"Ignored","damage_taken":0,"max_hp_gain":0,"max_hp_loss":0,"event_name":"Ghosts","floor":28,"gold_loss":0},{"damage_healed":0,"gold_gain":0,"player_choice":"Opened","damage_taken":0,"relics_obtained":["Bronze Scales"],"max_hp_gain":0,"max_hp_loss":0,"event_name":"The Mausoleum","floor":29,"gold_loss":0,"cards_obtained":["Writhe"]}],"is_beta":false,"boss_relics":[{"not_picked":["Calling Bell","White Beast Statue"],"picked":"Eternal Feather"}],"items_purged_floors":[11,21],"is_endless":false,"potions_floor_spawned":[2,3,6,16,27,30],"killed_by":"Automaton","ascension_level":20}