{"path_per_floor":["M","?","?","M","?","R","M","R","T","M","$","R","?","M","R","B",null,"M","$","?","M","M","M","R","M","T","M","M","?","M","$","R","B",null,"M","T","?","M","?","M","R","M","T","$","E","R","M","M","R"],"character_chosen":"THE_SILENT","items_purchased":["Leg Sweep","Prepared","Prayer Wheel","Letter Opener","Footwork","Deflect","Infinite Blades","Thinking Ahead"],"gold_per_floor":[119,294,244,260,315,315,334,334,358,374,111,111,140,154,154,257,257,272,30,30,42,61,74,74,90,113,133,151,151,167,42,42,145,145,157,205,205,215,215,230,230,246,246,0,31,31,50,63,63],"floor_reached":50,"campfire_rested":5,"playtime":10812,"current_hp_per_floor":[70,70,70,70,70,70,69,69,69,52,52,52,47,38,59,43,70,69,69,53,37,33,28,49,47,47,33,27,27,22,22,43,29,70,70,70,60,56,56,50,50,28,28,28,31,52,43,41,62],"items_purged":[],"gold":63,"play_id":"516bec69-27cd-4487-8703-06af7f592fb9","is_prod":false,"is_daily":false,"is_ascension_mode":false,"campfire_upgraded":4,"path_taken":["M","?","?","M","?","R","M","R","T","?","$","R","?","?","R","BOSS","M","$","?","M","M","M","R","M","T","M","M","?","M","$","R","BOSS","M","?","?","?","?","M","R","M","T","$","E","R","?","M","R","BOSS"],"build_version":"2018-01-25-PROD3","purchased_purges":0,"victory":false,"master_deck":["Defend_G","Defend_G","Defend_G","Defend_G","Defend_G","Strike_G","Strike_G","Strike_G","Strike_G","Strike_G","Survivor","Neutralize","Die Die Die+1","Caltrops+1","Calculated Gamble+1","Acrobatics","Leg Sweep","Prepared","Leg Sweep","Backflip","After Image","Sucker Punch","Backflip","Backflip","Escape Plan","Doubt","Acrobatics","A Thousand Cuts+1","Flechettes","Decay","Footwork","Deflect","Night Terror","Footwork","Injury","Backflip+1","Madness","Madness","Noxious Fumes","Blade Dance","Regret","Infinite Blades","Thinking Ahead","Blade Dance+1","Caltrops"],"max_hp_per_floor":[70,70,70,70,70,70,70,70,70,70,70,70,70,70,70,70,70,70,70,70,70,70,70,70,70,70,70,70,70,70,70,70,70,70,70,70,70,70,70,70,70,70,70,70,70,70,70,70,70],"relics":["Ring of the Snake","Ancient Tea Set","Prayer Wheel","Odd Mushroom","Cursed Key","Letter Opener","Enchiridion","Bag of Marbles","Sozu","Orichalcum","Meat on the Bone","Pen Nib"],"card_choices":[{"not_picked":["Adrenaline","Dagger Spray"],"picked":"Caltrops"},{"not_picked":["Dagger Throw","Outmaneuver"],"picked":"Calculated Gamble"},{"not_picked":["Poisoned Stab","Deflect"],"picked":"Acrobatics"},{"not_picked":["Poisoned Stab","Malaise"],"picked":"Leg Sweep"},{"not_picked":["Dagger Throw","Venomology"],"picked":"Backflip"},{"not_picked":["Adrenaline","Phantasmal Killer"],"picked":"After Image"},{"not_picked":["Riddle With Holes","Bane"],"picked":"Sucker Punch"},{"not_picked":["Dagger Spray","Malaise"],"picked":"Backflip"},{"not_picked":["Outmaneuver","Bouncing Flask"],"picked":"Backflip"},{"not_picked":["Catalyst","Eviscerate"],"picked":"Escape Plan"},{"not_picked":["Choke","Skewer"],"picked":"Acrobatics"},{"not_picked":["Bane","Outmaneuver"],"picked":"A Thousand Cuts"},{"not_picked":["Quick Slash","Acrobatics"],"picked":"Flechettes"},{"not_picked":["Doppelganger","Unload"],"picked":"Night Terror"},{"not_picked":["Flechettes","Flying Knee"],"picked":"Footwork"},{"not_picked":["Bouncing Flask","Deflect"],"picked":"Backflip"},{"not_picked":["Choke","Sucker Punch"],"picked":"Noxious Fumes"},{"not_picked":["Deflect","Sucker Punch"],"picked":"Blade Dance"},{"not_picked":["Deadly Poison","Backflip"],"picked":"Blade Dance"},{"not_picked":["Dagger Throw","Die Die Die"],"picked":"Caltrops"}],"player_experience":113834,"potions_floor_usage":[21,21,22,25,33],"damage_taken":[{"damage":0,"enemies":"Jaw Worm","floor":1,"turns":3},{"damage":0,"enemies":"2 Louse","floor":4,"turns":1},{"damage":1,"enemies":"Cultist","floor":7,"turns":3},{"damage":17,"enemies":"Exordium Wildlife","floor":10,"turns":6},{"damage":5,"enemies":"The Mushroom Lair","floor":13,"turns":3},{"damage":9,"enemies":"Exordium Thugs","floor":14,"turns":6},{"damage":16,"enemies":"The Guardian","floor":16,"turns":18},{"damage":1,"enemies":"Spheric Guardian","floor":18,"turns":9},{"damage":16,"enemies":"Chosen","floor":21,"turns":7},{"damage":4,"enemies":"Slaver and Parasite","floor":22,"turns":10},{"damage":5,"enemies":"Centurion and Healer","floor":23,"turns":16},{"damage":2,"enemies":"Sentry and Sphere","floor":25,"turns":6},{"damage":14,"enemies":"3 Cultists","floor":27,"turns":4},{"damage":6,"enemies":"Snake Plant","floor":28,"turns":6},{"damage":5,"enemies":"Centurion and Healer","floor":30,"turns":8},{"damage":14,"enemies":"Collector","floor":33,"turns":14},{"damage":0,"enemies":"3 Shapes","floor":35,"turns":5},{"damage":4,"enemies":"3 Darklings","floor":38,"turns":11},{"damage":6,"enemies":"4 Shapes","floor":40,"turns":6},{"damage":22,"enemies":"Maw","floor":42,"turns":9},{"damage":9,"enemies":"Nemesis","floor":45,"turns":11},{"damage":9,"enemies":"3 Darklings","floor":47,"turns":3},{"damage":14,"enemies":"Sphere and 2 Shapes","floor":48,"turns":5},{"damage":70,"enemies":"Awakened One","floor":50,"turns":9}],"event_choices":[{"event_name":"Liars Game","player_choice":"agreed","floor":2,"damage_taken":0},{"event_name":"The Cleric","player_choice":"Card Removal","floor":3,"damage_taken":0},{"event_name":"Golden Wing","player_choice":"Gained Gold","floor":5,"damage_taken":0},{"event_name":"Mushrooms","player_choice":"Fought Mushrooms","floor":13,"damage_taken":0},{"event_name":"Cursed Tome","player_choice":"Obtained Book","floor":20,"damage_taken":0},{"event_name":"Forgotten Altar","player_choice":"Smashed Altar","floor":29,"damage_taken":0},{"event_name":"Winding Halls","player_choice":"Embrace Madness","floor":37,"damage_taken":0},{"event_name":"The Lab","player_choice":"Got Potions","floor":39,"damage_taken":0}],"boss_relics":[{"not_picked":["Lizard Tail","Black Star"],"picked":"Cursed Key"},{"not_picked":["The Specimen","Tiny House"],"picked":"Sozu"}],"potions_floor_spawned":[1,4,10,14,21,28,30,38,45,48],"seed_played":"-6140488057159719700","killed_by":"Awakened One","ascension_level":0,"is_trial":false}