{"gold_per_floor":[119,119,4,4,79,118,118,162,162,202,227,227,250,266,266,357,357,381,431,431],"floor_reached":20,"playtime":702,"items_purged":[],"score":566,"play_id":"6ee8fba8-44ca-455c-88c0-c4aa5dcfad6b","local_time":"20181107133902","is_ascension_mode":true,"campfire_choices":[{"data":"Neutralize","floor":7,"key":"SMITH"},{"floor":15,"key":"REST"}],"neow_cost":"NONE","seed_source_timestamp":86953903994258,"circlet_count":0,"master_deck":["AscendersBane","Defend_G","Defend_G","Defend_G","Defend_G","Defend_G","Strike_G","Strike_G","Survivor","Neutralize+1","Footwork","Cloak And Dagger","Caltrops+1","Accuracy","Dash","Poisoned Stab","Poisoned Stab","PiercingWail","After Image"],"relics":["Ring of the Snake","NeowsBlessing","Golden Idol","Regal Pillow","Juzu Bracelet","Torii","FossilizedHelix","Empty Cage"],"potions_floor_usage":[10,10,16,20],"damage_taken":[{"damage":0,"enemies":"Jaw Worm","floor":1,"turns":1},{"damage":0,"enemies":"Lagavulin","floor":6,"turns":1},{"damage":0,"enemies":"3 Sentries","floor":8,"turns":1},{"damage":39,"enemies":"Gremlin Nob","floor":10,"turns":5},{"damage":0,"enemies":"2 Louse","floor":11,"turns":3},{"damage":0,"enemies":"Small Slimes","floor":13,"turns":4},{"damage":0,"enemies":"3 Louse","floor":14,"turns":4},{"damage":0,"enemies":"The Guardian","floor":16,"turns":12},{"damage":2,"enemies":"Shell Parasite","floor":18,"turns":9},{"damage":57,"enemies":"Masked Bandits","floor":20,"turns":5}],"seed_played":"7679563870215002914","potions_obtained":[{"floor":1,"key":"PowerPotion"},{"floor":8,"key":"FearPotion"},{"floor":10,"key":"Strength Potion"},{"floor":13,"key":"Explosive Potion"},{"floor":14,"key":"Fire Potion"}],"is_trial":false,"path_per_floor":["M","?","$","?","?","E","R","E","T","E","M","?","M","M","R","B",null,"M","?","?"],"character_chosen":"THE_SILENT","items_purchased":["Footwork","Cloak And Dagger"],"campfire_rested":1,"item_purchase_floors":[3,3],"current_hp_per_floor":[59,52,52,52,41,41,41,41,41,2,2,2,2,2,35,35,54,52,52,0],"gold":431,"neow_bonus":"THREE_ENEMY_KILL","is_prod":false,"is_daily":false,"chose_seed":false,"campfire_upgraded":1,"win_rate":0,"timestamp":1541615942,"path_taken":["M","?","$","?","?","E","R","E","T","E","M","?","M","M","R","BOSS","M","?","?"],"build_version":"2018-11-01","purchased_purges":0,"victory":false,"max_hp_per_floor":[66,66,66,60,60,60,60,60,60,60,60,60,60,60,60,60,60,60,60,60],"card_choices":[{"not_picked":["Accuracy","Eviscerate","Setup"],"picked":"SKIP","floor":1},{"not_picked":["Grand Finale","Dodge and Roll"],"picked":"Caltrops","floor":6},{"not_picked":["Phantasmal Killer","Prepared"],"picked":"Accuracy","floor":8},{"not_picked":["Quick Slash","Distraction"],"picked":"Dash","floor":10},{"not_picked":["Setup","Bane"],"picked":"Poisoned Stab","floor":11},{"not_picked":["Finisher","Backflip"],"picked":"Poisoned Stab","floor":13},{"not_picked":["Riddle With Holes","Poisoned Stab"],"picked":"PiercingWail","floor":14},{"not_picked":["Bullet Time","Venomology"],"picked":"After Image","floor":16},{"not_picked":["Outmaneuver+1","Bane","Escape Plan"],"picked":"SKIP","floor":18}],"player_experience":624330,"relics_obtained":[{"floor":6,"key":"Regal Pillow"},{"floor":8,"key":"Juzu Bracelet"},{"floor":9,"key":"Torii"},{"floor":10,"key":"FossilizedHelix"}],"event_choices":[{"cards_removed":["Strike_G"],"damage_healed":0,"gold_gain":0,"player_choice":"Card Removal","damage_taken":7,"max_hp_gain":0,"max_hp_loss":0,"event_name":"Golden Wing","floor":2,"gold_loss":0},{"damage_healed":0,"gold_gain":0,"player_choice":"Lose Max HP","damage_taken":0,"relics_obtained":["Golden Idol"],"max_hp_gain":0,"max_hp_loss":6,"event_name":"Golden Idol","floor":4,"gold_loss":0},{"damage_healed":0,"gold_gain":75,"player_choice":"Gather Gold","damage_taken":11,"max_hp_gain":0,"max_hp_loss":0,"event_name":"World of Goop","floor":5,"gold_loss":0},{"damage_healed":0,"gold_gain":0,"player_choice":"Grow","damage_taken":0,"max_hp_gain":0,"max_hp_loss":0,"event_name":"Living Wall","floor":12,"gold_loss":0,"cards_upgraded":["Caltrops"]},{"damage_healed":0,"gold_gain":50,"player_choice":"Stole From Cult","damage_taken":0,"max_hp_gain":0,"max_hp_loss":0,"event_name":"Nest","floor":19,"gold_loss":0},{"damage_healed":0,"gold_gain":0,"player_choice":"Fought Bandits","damage_taken":0,"max_hp_gain":0,"max_hp_loss":0,"event_name":"Masked Bandits","floor":20,"gold_loss":0}],"is_beta":false,"boss_relics":[{"not_picked":["Tiny House","Busted Crown"],"picked":"Empty Cage"}],"items_purged_floors":[],"is_endless":false,"potions_floor_spawned":[1,8,10,13,14],"killed_by":"Masked Bandits","ascension_level":19}