{"path_per_floor":["M","M","M","M","M","R","M","?","T","M","M","R","?","M","R","B",null,"M","$","M","M"],"character_chosen":"IRONCLAD","items_purchased":["Apotheosis","Immolate"],"gold_per_floor":[113,129,149,165,176,176,196,196,196,212,236,236,236,260,260,388,388,402,63,49,64],"floor_reached":22,"campfire_rested":1,"playtime":1339,"current_hp_per_floor":[80,80,80,80,78,78,80,60,60,55,53,53,37,36,60,30,80,78,78,76,28],"items_purged":[],"gold":64,"score":184,"play_id":"b8dc2157-9711-4e57-9c70-6971b9a38017","is_prod":false,"is_daily":false,"is_ascension_mode":false,"campfire_upgraded":2,"path_taken":["M","M","M","M","M","R","M","?","T","M","M","R","?","M","R","BOSS","M","$","M","M","M"],"build_version":"2018-02-15-PROD1","purchased_purges":0,"victory":false,"master_deck":["Strike_R","Strike_R","Strike_R","Strike_R","Strike_R+1","Defend_R","Defend_R","Defend_R","Defend_R","Bash","Exhume","Inflame+1","Warcry+1","Ghostly Armor","Clash","Clash","True Grit+1","Infernal Blade","Fiend Fire","True Grit","Carnage","Evolve","Pummel","Dual Wield","Pummel","Apotheosis","Immolate","Ghostly Armor","True Grit+1"],"max_hp_per_floor":[80,80,80,80,80,80,80,80,80,80,80,80,80,80,80,80,80,80,80,80,80],"relics":["Burning Blood","Golden Idol","Charon\u0027s Ashes","Orrery"],"card_choices":[{"not_picked":["Headbutt","Blood for Blood"],"picked":"Inflame"},{"not_picked":["Wild Strike","Iron Wave"],"picked":"Warcry"},{"not_picked":["Sever Soul","Pommel Strike"],"picked":"Ghostly Armor"},{"not_picked":["Body Slam","Headbutt"],"picked":"Clash"},{"not_picked":["Cleave","Pommel Strike"],"picked":"Clash"},{"not_picked":["Rupture","Reckless Charge"],"picked":"True Grit"},{"not_picked":["Sword Boomerang","Headbutt"],"picked":"Infernal Blade"},{"not_picked":["Limit Break","Double Tap"],"picked":"Fiend Fire"},{"not_picked":["Heavy Blade","Spot Weakness"],"picked":"True Grit"},{"not_picked":["Shrug It Off","Clash"],"picked":"Carnage"},{"not_picked":["Fire Breathing","Flex"],"picked":"Evolve"},{"not_picked":["Armaments","Wild Strike"],"picked":"Pummel"},{"not_picked":["Hemokinesis","Sword Boomerang"],"picked":"Dual Wield"},{"not_picked":["Body Slam","Flex"],"picked":"Pummel"},{"not_picked":["Rage","Pommel Strike"],"picked":"Ghostly Armor"},{"not_picked":["Thunderclap","Headbutt"],"picked":"True Grit"}],"player_experience":214632,"potions_floor_usage":[18,20,20],"damage_taken":[{"damage":0,"enemies":"2 Louse","floor":1,"turns":2},{"damage":4,"enemies":"Small Slimes","floor":2,"turns":4},{"damage":4,"enemies":"Jaw Worm","floor":3,"turns":5},{"damage":4,"enemies":"Blue Slaver","floor":4,"turns":5},{"damage":8,"enemies":"Large Slime","floor":5,"turns":9},{"damage":0,"enemies":"Exordium Wildlife","floor":7,"turns":4},{"damage":11,"enemies":"Lots of Slimes","floor":10,"turns":3},{"damage":8,"enemies":"Red Slaver","floor":11,"turns":2},{"damage":7,"enemies":"Blue Slaver","floor":14,"turns":2},{"damage":36,"enemies":"The Guardian","floor":16,"turns":10},{"damage":8,"enemies":"Shell Parasite","floor":18,"turns":3},{"damage":19,"enemies":"2 Thieves","floor":20,"turns":4},{"damage":54,"enemies":"Snake Plant","floor":21,"turns":6},{"damage":35,"enemies":"Centurion and Healer","floor":22,"turns":5}],"event_choices":[{"event_name":"Golden Idol","player_choice":"Take Damage","floor":8,"damage_taken":0},{"event_name":"Shining Light","player_choice":"Entered Light","floor":13,"damage_taken":0}],"boss_relics":[{"not_picked":["Astrolabe","Runic Pyramid"],"picked":"Orrery"}],"potions_floor_spawned":[3,4,7,11,14,20],"seed_played":"159597724412229658","killed_by":"Centurion and Healer","ascension_level":0,"is_trial":false}