{"path_per_floor":["M","?","M","M","M","E","R","E","T","?","?","M","M","M","R","B",null,"M","?","?","M","M","R"],"character_chosen":"THE_SILENT","items_purchased":[],"gold_per_floor":[113,113,126,141,154,184,184,217,264,264,339,355,369,381,381,485,485,496,496,496,511,530,530,530],"floor_reached":24,"campfire_rested":1,"playtime":999,"current_hp_per_floor":[63,63,63,63,63,45,45,32,32,32,21,23,18,18,36,23,53,35,35,35,28,30,30,0],"items_purged":[],"gold":530,"score":305,"play_id":"e03f5eb7-7dda-40c4-a09e-7836d1a8fbe2","local_time":"20180425111356","is_prod":false,"is_daily":false,"chose_seed":false,"is_ascension_mode":true,"campfire_upgraded":2,"timestamp":1524672836,"path_taken":["M","?","M","M","M","E","R","E","T","?","?","?","M","M","R","BOSS","M","?","?","M","M","R","E"],"build_version":"2018-04-19","seed_source_timestamp":1985218811037450,"purchased_purges":0,"victory":false,"master_deck":["Defend_G","Defend_G","Defend_G","Survivor","Neutralize","Deadly Poison","Bouncing Flask+1","Prepared","Unload","Terror","All Out Attack+1","Blur","Catalyst+1","Leg Sweep","Burst","Choke+1","Setup+1","Well Laid Plans+1","Noxious Fumes","Distraction"],"max_hp_per_floor":[63,63,63,63,63,63,63,63,63,63,63,63,63,63,63,63,63,63,63,63,63,63,63,63],"relics":["Ring of the Snake","Oddly Smooth Stone","Smiling Mask","Blood Vial","Astrolabe"],"card_choices":[{"not_picked":["Outmaneuver","Dash"],"picked":"Prepared","floor":1},{"not_picked":["PiercingWail","Bouncing Flask"],"picked":"Terror","floor":3},{"not_picked":["Escape Plan","Malaise"],"picked":"All Out Attack","floor":4},{"not_picked":["Acrobatics","Outmaneuver"],"picked":"Blur","floor":6},{"not_picked":["Cloak And Dagger","Deflect"],"picked":"Catalyst","floor":12},{"not_picked":["Outmaneuver","Eviscerate"],"picked":"Leg Sweep","floor":13},{"not_picked":["Phantasmal Killer","After Image"],"picked":"Burst","floor":16},{"not_picked":["Dagger Throw","Escape Plan"],"picked":"Noxious Fumes","floor":18},{"not_picked":["Caltrops","Prepared"],"picked":"Distraction","floor":21}],"player_experience":259485,"potions_floor_usage":[5,6,16,18,18,24],"damage_taken":[{"damage":0,"enemies":"2 Louse","floor":1,"turns":3},{"damage":0,"enemies":"Small Slimes","floor":3,"turns":2},{"damage":0,"enemies":"Cultist","floor":4,"turns":3},{"damage":0,"enemies":"2 Fungi Beasts","floor":5,"turns":2},{"damage":18,"enemies":"Gremlin Nob","floor":6,"turns":4},{"damage":13,"enemies":"Lagavulin","floor":8,"turns":7},{"damage":0,"enemies":"Lots of Slimes","floor":12,"turns":1},{"damage":7,"enemies":"Blue Slaver","floor":13,"turns":4},{"damage":2,"enemies":"Looter","floor":14,"turns":3},{"damage":15,"enemies":"Hexaghost","floor":16,"turns":7},{"damage":20,"enemies":"2 Thieves","floor":18,"turns":5},{"damage":9,"enemies":"3 Byrds","floor":21,"turns":5},{"damage":0,"enemies":"Snecko","floor":22,"turns":4},{"damage":45,"enemies":"Slavers","floor":24,"turns":4}],"event_choices":[{"event_name":"Living Wall","player_choice":"Change","floor":2,"damage_taken":0},{"event_name":"Upgrade Shrine","player_choice":"Upgraded","floor":10,"damage_taken":0},{"event_name":"World of Goop","player_choice":"Gather Gold","floor":11,"damage_taken":0},{"event_name":"Back to Basics","player_choice":"Elegance","floor":19,"damage_taken":0},{"event_name":"Drug Dealer","player_choice":"Ignored","floor":20,"damage_taken":0}],"boss_relics":[{"not_picked":["Calling Bell","Runic Pyramid"],"picked":"Astrolabe"}],"potions_floor_spawned":[1,4,5,6,16,22],"seed_played":"6188479926128257095","killed_by":"Slavers","ascension_level":9,"is_trial":false}