{"gold_per_floor":[115,126,126,139,139,166,166,166,211,211,238,250,250,269,269,269],"floor_reached":16,"playtime":1430,"items_purged":[],"score":110,"play_id":"ca430012-aca9-4e10-9521-48a468ce1443","local_time":"20190111174110","is_ascension_mode":false,"campfire_choices":[{"floor":7,"key":"REST"},{"floor":10,"key":"REST"},{"floor":15,"key":"REST"}],"neow_cost":"NONE","seed_source_timestamp":0,"circlet_count":0,"master_deck":["Defend_G","Defend_G","Defend_G","Defend_G","Defend_G","Strike_G","Strike_G","Strike_G","Strike_G","Strike_G","Survivor","Neutralize+1","Deadly Poison","Dodge and Roll","Dash","Poisoned Stab+1","Backstab"],"special_seed":0,"relics":["Ring of the Snake","Orichalcum","Lantern","Potion Belt","Ornamental Fan"],"potions_floor_usage":[6],"damage_taken":[{"damage":0.0,"enemies":"Jaw Worm","floor":1.0,"turns":4.0},{"damage":0.0,"enemies":"2 Louse","floor":2.0,"turns":3.0},{"damage":5.0,"enemies":"Small Slimes","floor":4.0,"turns":4.0},{"damage":41,"enemies":"Gremlin Nob","floor":6,"turns":6},{"damage":8,"enemies":"3 Sentries","floor":11,"turns":14},{"damage":0,"enemies":"Blue Slaver","floor":12,"turns":4},{"damage":0,"enemies":"2 Fungi Beasts","floor":14,"turns":3},{"damage":74,"enemies":"Slime Boss","floor":16,"turns":14}],"seed_played":"-1317311844547180789","potions_obtained":[{"floor":4.0,"key":"Ancient Potion"},{"floor":6,"key":"Strength Potion"}],"is_trial":false,"path_per_floor":["M","M","?","M","?","E","R","?","T","R","E","M","?","M","R","B"],"character_chosen":"THE_SILENT","items_purchased":[],"campfire_rested":3,"item_purchase_floors":[],"current_hp_per_floor":[77,77,82,77,77,36,60,42,42,66,58,58,42,42,66,0],"gold":269,"neow_bonus":"TEN_PERCENT_HP_BONUS","is_prod":false,"is_daily":false,"chose_seed":false,"campfire_upgraded":0,"win_rate":0.0,"timestamp":1547246470,"path_taken":["M","M","?","M","?","E","R","?","T","R","E","?","?","M","R","BOSS"],"build_version":"2019-01-10","purchased_purges":0,"victory":false,"max_hp_per_floor":[77,77,82,82,82,82,82,82,82,82,82,82,82,82,82,82],"card_choices":[{"not_picked":["Quick Slash","Backflip"],"picked":"Deadly Poison","floor":1.0},{"not_picked":["Infinite Blades","Acrobatics","Blade Dance"],"picked":"SKIP","floor":2.0},{"not_picked":["PiercingWail","Acrobatics"],"picked":"Dodge and Roll","floor":4.0},{"not_picked":["Outmaneuver","Dagger Throw"],"picked":"Dash","floor":6},{"not_picked":["Calculated Gamble","PiercingWail","Flying Knee"],"picked":"SKIP","floor":11},{"not_picked":["Expertise","Choke"],"picked":"Poisoned Stab","floor":12},{"not_picked":["Flying Knee","Tactician"],"picked":"Backstab","floor":14}],"player_experience":45862,"relics_obtained":[{"floor":6,"key":"Orichalcum"},{"floor":9,"key":"Potion Belt"},{"floor":11,"key":"Ornamental Fan"}],"event_choices":[{"damage_healed":0.0,"max_hp_gain":5.0,"max_hp_loss":0.0,"gold_gain":0.0,"event_name":"Big Fish","player_choice":"Donut","floor":3.0,"gold_loss":0.0,"damage_taken":0.0},{"damage_healed":0.0,"max_hp_gain":0.0,"max_hp_loss":0.0,"gold_gain":0.0,"event_name":"The Cleric","player_choice":"Leave","floor":5.0,"gold_loss":0.0,"damage_taken":0.0},{"damage_healed":0,"gold_gain":0,"player_choice":"Success","damage_taken":18,"relics_obtained":["Lantern"],"max_hp_gain":0,"max_hp_loss":0,"event_name":"Scrap Ooze","floor":8,"gold_loss":0},{"damage_healed":0,"gold_gain":0,"player_choice":"Entered Light","damage_taken":16,"max_hp_gain":0,"max_hp_loss":0,"event_name":"Shining Light","floor":13,"gold_loss":0,"cards_upgraded":["Poisoned Stab","Neutralize"]}],"is_beta":false,"boss_relics":[],"items_purged_floors":[],"is_endless":false,"potions_floor_spawned":[4,6],"killed_by":"Slime Boss","ascension_level":0}