{"gold_per_floor":[116,116,116,132,132,163,176,195,220,234,244,257,12,12,12,116,116,132,145,145,164,176,207,207],"floor_reached":24,"playtime":4841,"items_purged":[],"score":247,"play_id":"281b6734-1073-4893-915b-f24464abe1d4","local_time":"20190124121405","is_ascension_mode":false,"campfire_choices":[{"data":"Inflame","floor":15,"key":"SMITH"}],"neow_cost":"NONE","seed_source_timestamp":189855428395400,"circlet_count":0,"master_deck":["Bash","Armaments+1","Shrug It Off","Inflame+1","Juggernaut","Intimidate","Barricade","Exhume","Impervious","Feel No Pain","Searing Blow","Disarm","Thunderclap","Metallicize","Armaments+1","RitualDagger","Inflame","Twin Strike+1","Demon Form"],"relics":["Burning Blood","NeowsBlessing","Bronze Scales","Strawberry","Shuriken","Pandora\u0027s Box","Dream Catcher"],"potions_floor_usage":[23],"damage_taken":[{"damage":0,"enemies":"2 Louse","floor":1,"turns":1},{"damage":0,"enemies":"Small Slimes","floor":4,"turns":1},{"damage":0,"enemies":"3 Sentries","floor":6,"turns":2},{"damage":0,"enemies":"Jaw Worm","floor":7,"turns":4},{"damage":17,"enemies":"Gremlin Gang","floor":8,"turns":5},{"damage":2,"enemies":"Exordium Wildlife","floor":10,"turns":6},{"damage":0,"enemies":"Red Slaver","floor":11,"turns":5},{"damage":5,"enemies":"Looter","floor":12,"turns":4},{"damage":85,"enemies":"Slime Boss","floor":16,"turns":16},{"damage":1,"enemies":"Spheric Guardian","floor":18,"turns":7},{"damage":8,"enemies":"Shell Parasite","floor":19,"turns":7},{"damage":17,"enemies":"Snecko","floor":21,"turns":8},{"damage":23,"enemies":"Cultist and Chosen","floor":22,"turns":9},{"damage":47,"enemies":"Gremlin Leader","floor":23,"turns":9},{"damage":14,"enemies":"Snake Plant","floor":24,"turns":2}],"seed_played":"-6837040703816440179","potions_obtained":[{"floor":4,"key":"Energy Potion"},{"floor":6,"key":"Weak Potion"},{"floor":8,"key":"Dexterity Potion"}],"is_trial":false,"path_per_floor":["?","?","$","M","M","?","?"],"character_chosen":"IRONCLAD","items_purchased":["Shuriken"],"campfire_rested":0,"item_purchase_floors":[13],"current_hp_per_floor":[80,80,80,80,80,80,80,69,76,80,86,87,87,87,87,8,87,87,85,79,68,51,10,0],"gold":207,"neow_bonus":"THREE_ENEMY_KILL","is_prod":false,"is_daily":false,"chose_seed":false,"campfire_upgraded":1,"win_rate":0,"timestamp":1548328445,"path_taken":["M","?","?","M","?","E","M","?","T","?","M","M","$","?","R","BOSS","M","M","?","M","M","E","M"],"build_version":"2019-01-22","purchased_purges":0,"victory":false,"max_hp_per_floor":[80,80,80,80,80,80,80,80,87,87,87,87,87,87,87,87,87,87,87,87,87,87,87,87],"card_choices":[{"not_picked":["Anger","Iron Wave"],"picked":"Armaments","floor":1},{"not_picked":["Combust","Bloodletting","Uppercut"],"picked":"SKIP","floor":4},{"not_picked":["Headbutt","Wild Strike","Thunderclap"],"picked":"SKIP","floor":6},{"not_picked":["Blood for Blood","Hemokinesis","Twin Strike"],"picked":"SKIP","floor":7},{"not_picked":["Thunderclap","Pummel"],"picked":"Shrug It Off","floor":8},{"not_picked":["Headbutt","Heavy Blade","Warcry"],"picked":"SKIP","floor":10},{"not_picked":["Feel No Pain","Sword Boomerang"],"picked":"Inflame","floor":11},{"not_picked":["Thunderclap","Rampage","Wild Strike"],"picked":"SKIP","floor":12},{"not_picked":["Limit Break","Fiend Fire"],"picked":"Juggernaut","floor":16},{"not_picked":["Burning Pact","Bloodletting","Armaments"],"picked":"SKIP","floor":18},{"not_picked":["Warcry","Flex+1"],"picked":"Armaments+1","floor":19},{"not_picked":["Thunderclap","Reckless Charge"],"picked":"Inflame","floor":21},{"not_picked":["Rampage+1","Havoc"],"picked":"Twin Strike+1","floor":22},{"not_picked":["True Grit","Fire Breathing"],"picked":"Demon Form","floor":23}],"player_experience":140493,"relics_obtained":[{"floor":6,"key":"Bronze Scales"},{"floor":9,"key":"Strawberry"},{"floor":23,"key":"Dream Catcher"}],"event_choices":[{"damage_healed":0,"gold_gain":0,"player_choice":"Leave","damage_taken":0,"max_hp_gain":0,"max_hp_loss":0,"event_name":"The Cleric","floor":2,"gold_loss":0},{"damage_healed":0,"gold_gain":0,"player_choice":"Grow","damage_taken":0,"max_hp_gain":0,"max_hp_loss":0,"event_name":"Living Wall","floor":3,"gold_loss":0,"cards_upgraded":["Armaments"]},{"damage_healed":0,"gold_gain":0,"player_choice":"Got Potions","damage_taken":0,"max_hp_gain":0,"max_hp_loss":0,"event_name":"Lab","floor":14,"gold_loss":0},{"damage_healed":0,"gold_gain":0,"player_choice":"Joined the Cult","damage_taken":6,"max_hp_gain":0,"max_hp_loss":0,"event_name":"Nest","floor":20,"gold_loss":0,"cards_obtained":["RitualDagger"]}],"is_beta":true,"boss_relics":[{"not_picked":["Coffee Dripper","Mark of Pain"],"picked":"Pandora\u0027s Box"}],"items_purged_floors":[],"is_endless":false,"potions_floor_spawned":[4,6,8,19,22],"killed_by":"Snake Plant","ascension_level":0}