{"gold_per_floor":[117,65,65,81,92,119,132,166,238,238,238,83,102,121,121,226,226,240,190,204,223,240,240,268,268,292,292,307,323,323,76,76,178,178,192,192,192,192,204,238,238,238,265,265,265],"floor_reached":45,"playtime":1897,"items_purged":["Strike_B","Strike_B"],"score":473,"play_id":"b16a4db8-ae5b-489f-bf6d-aab41b54e48e","local_time":"20190131024246","is_ascension_mode":false,"campfire_choices":[{"floor":11,"key":"REST"},{"floor":15,"key":"REST"},{"floor":23,"key":"REST"},{"floor":25,"key":"REST"},{"floor":30,"key":"REST"},{"floor":32,"key":"REST"},{"floor":41,"key":"RECALL"},{"floor":44,"key":"REST"}],"neow_cost":"NONE","seed_source_timestamp":166460982659400,"circlet_count":0,"master_deck":["Strike_B","Defend_B","Defend_B","Defend_B","Defend_B+1","Zap","Ball Lightning","Genetic Algorithm","Defragment","Loop","Seek+1","Ball Lightning","Capacitor","Defragment+1","Writhe","Electrodynamics"],"relics":["Cracked Core","NeowsBlessing","DataDisk","Ice Cream","Velvet Choker","War Paint","Regal Pillow","Molten Egg 2","Oddly Smooth Stone","Runic Pyramid","Prayer Wheel","Lantern"],"potions_floor_usage":[7,8,8],"damage_taken":[{"damage":0,"enemies":"Cultist","floor":1,"turns":1},{"damage":0,"enemies":"2 Louse","floor":4,"turns":1},{"damage":0,"enemies":"Jaw Worm","floor":5,"turns":1},{"damage":28,"enemies":"Gremlin Nob","floor":6,"turns":4},{"damage":0,"enemies":"Looter","floor":7,"turns":2},{"damage":26,"enemies":"3 Sentries","floor":8,"turns":7},{"damage":7,"enemies":"Blue Slaver","floor":13,"turns":3},{"damage":17,"enemies":"Exordium Thugs","floor":14,"turns":4},{"damage":22,"enemies":"The Guardian","floor":16,"turns":8},{"damage":0,"enemies":"Spheric Guardian","floor":18,"turns":3},{"damage":0,"enemies":"Chosen","floor":20,"turns":4},{"damage":10,"enemies":"Snecko","floor":21,"turns":4},{"damage":23,"enemies":"Shelled Parasite and Fungi","floor":22,"turns":5},{"damage":57,"enemies":"Slavers","floor":24,"turns":5},{"damage":19,"enemies":"Cultist and Chosen","floor":28,"turns":5},{"damage":2,"enemies":"Snecko","floor":29,"turns":4},{"damage":51,"enemies":"Champ","floor":33,"turns":9},{"damage":18,"enemies":"3 Darklings","floor":35,"turns":7},{"damage":0,"enemies":"3 Shapes","floor":39,"turns":4},{"damage":37,"enemies":"Nemesis","floor":40,"turns":7},{"damage":75,"enemies":"Reptomancer","floor":45,"turns":5}],"seed_played":"-7288950410697329578","potions_obtained":[{"floor":1,"key":"Swift Potion"},{"floor":5,"key":"Energy Potion"},{"floor":7,"key":"Regen Potion"},{"floor":14,"key":"Strength Potion"},{"floor":21,"key":"FearPotion"},{"floor":33,"key":"FearPotion"},{"floor":35,"key":"Explosive Potion"}],"is_trial":false,"path_per_floor":["M","$","?","M","M","E","M","E","T","?","R","$","M","M","R","B",null,"M","?","M","M","M","R","E","R","T","?","M","M","R","$","R","B",null,"M","?","?","?","M","E","R","?","T","R","E"],"character_chosen":"DEFECT","items_purchased":["Ball Lightning","Loop","Oddly Smooth Stone"],"campfire_rested":7,"item_purchase_floors":[2,12,31],"current_hp_per_floor":[75,75,75,75,75,47,47,36,36,36,58,58,51,34,56,34,75,75,75,75,65,42,64,7,29,29,29,10,8,45,45,75,24,75,57,75,75,75,75,38,38,38,38,75,0],"gold":265,"neow_bonus":"THREE_ENEMY_KILL","is_prod":false,"is_daily":false,"chose_seed":false,"campfire_upgraded":0,"win_rate":0,"timestamp":1548898966,"path_taken":["M","?","?","?","M","E","M","E","T","?","R","$","?","M","R","BOSS","M","?","?","?","M","R","E","R","T","?","M","M","R","$","R","BOSS","M","?","?","?","?","E","R","?","T","R","E"],"build_version":"2019-01-23","purchased_purges":2,"victory":false,"max_hp_per_floor":[75,75,75,75,75,75,75,75,75,75,75,75,75,75,75,75,75,75,75,75,75,75,75,75,75,75,75,75,75,75,75,75,75,75,75,75,75,75,75,75,75,75,75,75,75],"card_choices":[{"not_picked":["Chill","Coolheaded"],"picked":"Capacitor","floor":1},{"not_picked":["Rip and Tear","Go for the Eyes","Turbo"],"picked":"SKIP","floor":4},{"not_picked":["Compile Driver","Doom and Gloom","Hologram"],"picked":"SKIP","floor":5},{"not_picked":["Compile Driver","Doom and Gloom"],"picked":"Genetic Algorithm","floor":6},{"not_picked":["Go for the Eyes","Undo","Redo"],"picked":"SKIP","floor":7},{"not_picked":["Hello World","Consume"],"picked":"Defragment","floor":8},{"not_picked":["Sunder","Turbo","FTL"],"picked":"SKIP","floor":13},{"not_picked":["Leap","Self Repair"],"picked":"Seek","floor":14},{"not_picked":["Chill","Stack"],"picked":"Ball Lightning","floor":18},{"not_picked":["Rebound","Hologram","Coolheaded"],"picked":"SKIP","floor":20},{"not_picked":["Sweeping Beam","Reboot","Conserve Battery"],"picked":"SKIP","floor":21},{"not_picked":["Melter+1","Beam Cell","Go for the Eyes"],"picked":"SKIP","floor":22},{"not_picked":["Darkness","Reinforced Body","BootSequence"],"picked":"SKIP","floor":24},{"not_picked":["Turbo+1","Beam Cell+1"],"picked":"Capacitor","floor":28},{"not_picked":["Hologram","Steam"],"picked":"Defragment+1","floor":29},{"not_picked":["Ball Lightning+1","Redo","Leap"],"picked":"SKIP","floor":35},{"not_picked":["Compile Driver+1","Go for the Eyes+1","Hologram+1"],"picked":"SKIP","floor":39},{"not_picked":["White Noise","Hello World"],"picked":"Electrodynamics","floor":40}],"player_experience":165242,"relics_obtained":[{"floor":6,"key":"DataDisk"},{"floor":8,"key":"Ice Cream"},{"floor":24,"key":"War Paint"},{"floor":26,"key":"Regal Pillow"},{"floor":40,"key":"Prayer Wheel"},{"floor":43,"key":"Lantern"}],"event_choices":[{"cards_removed":["Capacitor"],"damage_healed":0,"gold_gain":0,"player_choice":"Offered Uncommon","damage_taken":0,"max_hp_gain":0,"max_hp_loss":0,"event_name":"Bonfire Elementals","floor":3,"gold_loss":0},{"cards_removed":["Strike_B"],"damage_healed":0,"gold_gain":0,"player_choice":"Purged","damage_taken":0,"max_hp_gain":0,"max_hp_loss":0,"event_name":"Purifier","floor":10,"gold_loss":0},{"damage_healed":0,"gold_gain":0,"player_choice":"Bet on Owner","damage_taken":0,"max_hp_gain":0,"max_hp_loss":0,"event_name":"The Joust","floor":19,"gold_loss":50},{"damage_healed":0,"gold_gain":0,"player_choice":"Opened","damage_taken":0,"relics_obtained":["Molten Egg 2"],"max_hp_gain":0,"max_hp_loss":0,"event_name":"The Mausoleum","floor":27,"gold_loss":0},{"damage_healed":19,"gold_gain":0,"player_choice":"Writhe","damage_taken":0,"max_hp_gain":0,"max_hp_loss":0,"event_name":"Winding Halls","floor":36,"gold_loss":0,"cards_obtained":["Writhe"]},{"cards_removed":["Dualcast"],"damage_healed":0,"gold_gain":0,"player_choice":"Removed Skill","damage_taken":0,"max_hp_gain":0,"max_hp_loss":0,"event_name":"Falling","floor":37,"gold_loss":0},{"damage_healed":0,"gold_gain":0,"player_choice":"Bought 0 Potions","damage_taken":0,"max_hp_gain":0,"max_hp_loss":0,"event_name":"The Woman in Blue","floor":38,"gold_loss":0},{"damage_healed":0,"gold_gain":0,"player_choice":"Ignored","damage_taken":0,"max_hp_gain":0,"max_hp_loss":0,"event_name":"NoteForYourself","floor":42,"gold_loss":0}],"is_beta":true,"boss_relics":[{"not_picked":["Runic Dome","Tiny House"],"picked":"Velvet Choker"},{"not_picked":["Nuclear Battery","White Beast Statue"],"picked":"Runic Pyramid"}],"items_purged_floors":[12,31],"is_endless":false,"potions_floor_spawned":[1,5,7,14,21,33,35,40],"killed_by":"Reptomancer","ascension_level":0}