{"path_per_floor":["M","M","?","$","?","E","M","R","T","M","?","R","$","M","R","B",null,"M","?","?","M","$","E","R","?","T","$","M","M","$","M","R","B",null,"M","M","$","?","M","M","?","T","T","R","M","R","M","M","R"],"character_chosen":"THE_SILENT","items_purchased":["Caltrops","Ginger","Acrobatics","Infinite Blades","Swift Strike","Cloak And Dagger","Caltrops"],"gold_per_floor":[114,131,131,51,226,285,296,296,296,307,307,307,2,17,17,137,137,161,161,161,180,127,167,167,167,192,123,134,148,45,61,61,158,158,177,197,67,0,20,31,31,55,131,131,142,142,158,168,168],"floor_reached":50,"campfire_rested":3,"playtime":4078,"current_hp_per_floor":[63,62,62,62,62,26,22,40,54,54,54,77,77,77,77,13,77,65,65,65,65,65,59,59,59,64,64,54,58,58,56,56,55,77,77,67,67,67,43,35,54,59,64,64,69,69,74,56,77],"items_purged":[],"gold":168,"play_id":"b725f152-91be-45c8-a624-e1efea3df66c","is_prod":false,"is_daily":false,"is_ascension_mode":false,"campfire_upgraded":2,"path_taken":["M","M","?","?","?","E","M","R","T","M","?","R","?","M","R","BOSS","M","?","?","?","$","E","R","?","T","$","M","M","?","M","R","BOSS","M","M","?","?","M","M","?","?","T","R","?","R","M","M","R","BOSS"],"build_version":"2018-01-25-PROD3","purchased_purges":0,"victory":false,"master_deck":["Defend_G+1","Defend_G+1","Defend_G+1","Defend_G+1","Defend_G+1","Strike_G+1","Strike_G+1","Strike_G+1","Strike_G+1","Strike_G+1","Survivor","Neutralize","Escape Plan","Caltrops","Doubt","Endless Agony","Endless Agony","Choke+1","Injury","Dash","A Thousand Cuts","Endless Agony","Acrobatics","Acrobatics","Writhe","Infinite Blades+1","Endless Agony","Well Laid Plans+1","Swift Strike","Acrobatics","Adrenaline","Prepared","Calculated Gamble+1","Cloak And Dagger","Caltrops","Cloak And Dagger+1","Outmaneuver+1","Writhe","Pain","Clumsy","Cloak And Dagger","Deflect"],"max_hp_per_floor":[63,63,63,63,63,63,63,63,77,77,77,77,77,77,77,77,77,77,77,77,77,77,77,77,77,77,77,77,77,77,77,77,77,77,77,77,77,77,77,77,77,77,77,77,77,77,77,77,77],"relics":["Ring of the Snake","Du-Vu Doll","Tiny Chest","Mango","Bloody Idol","Ginger","Cursed Key","Girya","Anchor","Sozu","Red Mask","Orichalcum","Darkstone Periapt"],"card_choices":[{"not_picked":["Bane","Skewer"],"picked":"Escape Plan"},{"not_picked":["Slice","Skewer"],"picked":"Endless Agony"},{"not_picked":["Tools of the Trade","Underhanded Strike"],"picked":"Endless Agony"},{"not_picked":["Dodge and Roll","Dagger Spray"],"picked":"Choke"},{"not_picked":["Reflex","Flying Knee"],"picked":"Dash"},{"not_picked":["Bullet Time","Burst"],"picked":"A Thousand Cuts"},{"not_picked":["Slice","Riddle With Holes"],"picked":"Endless Agony"},{"not_picked":["Caltrops","Cloak And Dagger"],"picked":"Acrobatics"},{"not_picked":["Dagger Throw","Distraction"],"picked":"Endless Agony"},{"not_picked":["Backstab","Underhanded Strike"],"picked":"Well Laid Plans"},{"not_picked":["Poisoned Stab","Sucker Punch"],"picked":"Acrobatics"},{"not_picked":["Unload","Corpse Explosion"],"picked":"Adrenaline"},{"not_picked":["Deflect","Deadly Poison"],"picked":"Prepared"},{"not_picked":["Underhanded Strike","Prepared"],"picked":"Calculated Gamble"},{"not_picked":["Masterful Stab","Caltrops"],"picked":"Cloak And Dagger"},{"not_picked":["Deflect","Slice"],"picked":"Outmaneuver"},{"not_picked":["PiercingWail","Quick Slash"],"picked":"Cloak And Dagger"},{"not_picked":["Quick Slash","Masterful Stab"],"picked":"Deflect"}],"player_experience":151164,"potions_floor_usage":[10,16,23,33,33],"damage_taken":[{"damage":0,"enemies":"Small Slimes","floor":1,"turns":5},{"damage":1,"enemies":"Jaw Worm","floor":2,"turns":6},{"damage":36,"enemies":"3 Sentries","floor":6,"turns":10},{"damage":4,"enemies":"Cultist","floor":7,"turns":4},{"damage":0,"enemies":"2 Fungi Beasts","floor":10,"turns":3},{"damage":0,"enemies":"Exordium Wildlife","floor":14,"turns":3},{"damage":64,"enemies":"Hexaghost","floor":16,"turns":12},{"damage":12,"enemies":"Shell Parasite","floor":18,"turns":5},{"damage":0,"enemies":"3 Byrds","floor":21,"turns":3},{"damage":6,"enemies":"Slavers","floor":23,"turns":5},{"damage":15,"enemies":"Snake Plant","floor":28,"turns":4},{"damage":1,"enemies":"3 Cultists","floor":29,"turns":4},{"damage":7,"enemies":"Centurion and Healer","floor":31,"turns":5},{"damage":6,"enemies":"Champ","floor":33,"turns":7},{"damage":0,"enemies":"Orb Walker","floor":35,"turns":2},{"damage":15,"enemies":"3 Darklings","floor":36,"turns":4},{"damage":29,"enemies":"Sphere and 2 Shapes","floor":39,"turns":4},{"damage":13,"enemies":"4 Shapes","floor":40,"turns":6},{"damage":0,"enemies":"3 Darklings","floor":45,"turns":2},{"damage":0,"enemies":"Sphere and 2 Shapes","floor":47,"turns":2},{"damage":23,"enemies":"4 Shapes","floor":48,"turns":4},{"damage":87,"enemies":"Time Eater","floor":50,"turns":8}],"event_choices":[{"event_name":"The Cleric","player_choice":"Leave","floor":3,"damage_taken":0},{"event_name":"Liars Game","player_choice":"agreed","floor":5,"damage_taken":0},{"event_name":"Golden Idol","player_choice":"Take Wound","floor":11,"damage_taken":0},{"event_name":"Beggar","player_choice":"Ignored","floor":19,"damage_taken":0},{"event_name":"Back to Basics","player_choice":"Simplicity","floor":20,"damage_taken":0},{"event_name":"Forgotten Altar","player_choice":"Gave Idol","floor":25,"damage_taken":0},{"event_name":"Tomb of Lord Red Mask","player_choice":"Paid","floor":38,"damage_taken":0},{"event_name":"Winding Halls","player_choice":"Writhe","floor":41,"damage_taken":0}],"boss_relics":[{"not_picked":["Black Star","White Beast Statue"],"picked":"Cursed Key"},{"not_picked":["Velvet Choker","The Specimen"],"picked":"Sozu"}],"potions_floor_spawned":[6,7,16,21,28,29,33,35,36,45,47],"seed_played":"8226467325399840714","killed_by":"Time Eater","ascension_level":0,"is_trial":false}