{"path_per_floor":["M","?","T","M","M","E","?","T","T","R","E","M","M","$","R","B",null,"M","M","$","M","?","E","M","R","T","?","E","T"],"character_chosen":"IRONCLAD","items_purchased":["Paper Frog","Unceasing Top","Bag of Preparation"],"gold_per_floor":[115,115,115,128,143,168,168,168,168,168,199,211,230,40,40,138,438,453,469,45,63,63,90,110,110,110,110,143,173],"floor_reached":30,"campfire_rested":1,"playtime":1094,"current_hp_per_floor":[79,79,79,80,80,77,77,77,77,77,80,79,77,77,77,77,79,69,75,75,56,56,17,9,48,48,48,16,16],"items_purged":["Normality"],"gold":173,"score":348,"play_id":"1edabbcd-2b6f-46cf-a4b2-c64fbcf13945","is_prod":false,"is_daily":false,"is_ascension_mode":true,"campfire_upgraded":2,"path_taken":["M","?","?","M","M","E","?","?","T","R","E","M","M","$","R","BOSS","M","M","$","M","?","E","?","R","T","?","E","?","M"],"build_version":"2018-02-22-PROD1","purchased_purges":1,"victory":false,"master_deck":["Strike_R","Strike_R","Strike_R","Strike_R","Defend_R+1","Defend_R+1","Defend_R","Defend_R","Bash+1","Headbutt","Clash","Warcry","Clash","Spot Weakness+1","Sever Soul","Double Tap","Doubt","Clumsy","Reckless Charge+1","Ghostly Armor","Ghostly Armor","Iron Wave+1","Limit Break"],"max_hp_per_floor":[80,80,80,80,80,80,80,80,80,80,80,80,80,80,80,80,80,80,80,80,80,80,80,80,80,80,80,80,80],"relics":["Burning Blood","War Paint","Mummified Hand","Anchor","The Courier","Matryoshka","Centennial Puzzle","Paper Frog","Calling Bell","Letter Opener","Bronze Scales","Old Coin","Unceasing Top","Bag of Preparation","Regal Pillow","Bag of Marbles","Dead Branch","Dodecahedron","Tiny Chest","Magic Flower"],"card_choices":[{"not_picked":["Body Slam","Wild Strike"],"picked":"Headbutt"},{"not_picked":["Armaments","Havoc"],"picked":"Clash"},{"not_picked":["Carnage","Infernal Blade"],"picked":"Warcry"},{"not_picked":["Iron Wave","Perfected Strike"],"picked":"Clash"},{"not_picked":["Wild Strike","Uppercut"],"picked":"Spot Weakness"},{"not_picked":["Armaments","Twin Strike"],"picked":"Sever Soul"},{"not_picked":["Offering","Reaper"],"picked":"Double Tap"},{"not_picked":["Havoc","Intimidate"],"picked":"Reckless Charge"},{"not_picked":["Shockwave","Iron Wave"],"picked":"Ghostly Armor"},{"not_picked":["Pummel","Infernal Blade"],"picked":"Iron Wave"}],"player_experience":131045,"potions_floor_usage":[11,12,18,21,21,23,24,28],"damage_taken":[{"damage":7,"enemies":"Jaw Worm","floor":1,"turns":3},{"damage":2,"enemies":"Cultist","floor":4,"turns":4},{"damage":0,"enemies":"Small Slimes","floor":5,"turns":3},{"damage":9,"enemies":"Gremlin Nob","floor":6,"turns":3},{"damage":2,"enemies":"3 Sentries","floor":11,"turns":6},{"damage":7,"enemies":"Exordium Thugs","floor":12,"turns":3},{"damage":8,"enemies":"Large Slime","floor":13,"turns":4},{"damage":6,"enemies":"Slime Boss","floor":16,"turns":7},{"damage":16,"enemies":"Shell Parasite","floor":18,"turns":4},{"damage":0,"enemies":"Chosen","floor":19,"turns":3},{"damage":25,"enemies":"3 Cultists","floor":21,"turns":4},{"damage":45,"enemies":"Book of Stabbing","floor":23,"turns":5},{"damage":14,"enemies":"Slaver and Parasite","floor":24,"turns":3},{"damage":46,"enemies":"Gremlin Leader","floor":28,"turns":7},{"damage":17,"enemies":"Snake Plant","floor":30,"turns":4}],"event_choices":[{"event_name":"The Woman in Blue","player_choice":"Bought 0 Potions","floor":2,"damage_taken":0},{"event_name":"The Lab","player_choice":"Got Potions","floor":7,"damage_taken":0},{"event_name":"Transmorgrifier","player_choice":"Transform","floor":22,"damage_taken":0},{"event_name":"Match and Keep!","player_choice":"1 cards matched","floor":27,"damage_taken":0}],"boss_relics":[{"not_picked":["Question Card","Black Blood"],"picked":"Calling Bell"}],"potions_floor_spawned":[4,11,12,13,18,19,23,24],"seed_played":"3772209520876520575","killed_by":"Snake Plant","ascension_level":5,"is_trial":false}