{"path_per_floor":["M","M","?","M","M","E","R","M","T","R","$","?","E","T","R","B",null,"M"],"character_chosen":"IRONCLAD","items_purchased":["Blood Vial","Thunderclap"],"gold_per_floor":[114,125,125,135,154,189,189,208,208,208,2,77,107,107,107,204,204,214],"floor_reached":19,"campfire_rested":3,"playtime":676,"current_hp_per_floor":[72,67,60,59,47,25,49,32,32,56,56,45,16,16,40,32,68,4],"items_purged":[],"gold":214,"score":230,"play_id":"c9ee6db5-35cc-478a-b112-17e918373549","is_prod":false,"is_daily":false,"is_ascension_mode":true,"campfire_upgraded":0,"path_taken":["M","M","?","M","M","E","R","M","T","R","$","?","E","?","R","BOSS","M","?"],"build_version":"2018-02-22-PROD2","purchased_purges":0,"victory":false,"master_deck":["Bash","Disarm+1","Spot Weakness","Berserk","Pommel Strike","Clothesline","Warcry","Thunderclap","Armaments+1","Reaper","Seeing Red","Thunderclap","Inflame","Searing Blow","Rupture","Spot Weakness","Spot Weakness","Flex","Carnage"],"max_hp_per_floor":[80,80,80,80,80,80,80,80,80,80,80,80,80,80,80,80,80,80],"relics":["Question Card","Kunai","Art of War","Pantograph","Blood Vial","The Courier","War Paint","Pandora\u0027s Box"],"card_choices":[{"not_picked":["Anger","Corruption","Perfected Strike"],"picked":"Disarm"},{"not_picked":["Heavy Blade","Carnage","Rupture"],"picked":"Spot Weakness"},{"not_picked":["Infernal Blade","Combust","Corruption"],"picked":"Berserk"},{"not_picked":["Second Wind","Searing Blow","Sentinel"],"picked":"Pommel Strike"},{"not_picked":["Pommel Strike","Hemokinesis","Heavy Blade"],"picked":"Clothesline"},{"not_picked":["Dropkick","Hemokinesis","Anger"],"picked":"Warcry"},{"not_picked":["Immolate","Body Slam","Juggernaut"],"picked":"Armaments"},{"not_picked":["Dark Embrace","Barricade","Immolate"],"picked":"Reaper"}],"player_experience":143659,"potions_floor_usage":[6,16],"damage_taken":[{"damage":0,"enemies":"Small Slimes","floor":1,"turns":3},{"damage":5,"enemies":"Jaw Worm","floor":2,"turns":3},{"damage":1,"enemies":"Cultist","floor":4,"turns":3},{"damage":12,"enemies":"Looter","floor":5,"turns":3},{"damage":22,"enemies":"Lagavulin","floor":6,"turns":6},{"damage":17,"enemies":"2 Fungi Beasts","floor":8,"turns":4},{"damage":31,"enemies":"3 Sentries","floor":13,"turns":6},{"damage":35,"enemies":"Hexaghost","floor":16,"turns":9},{"damage":68,"enemies":"Chosen","floor":18,"turns":6},{"damage":6,"enemies":"3 Byrds","floor":19,"turns":1}],"event_choices":[{"event_name":"Scrap Ooze","player_choice":"success","floor":3,"damage_taken":7},{"event_name":"World of Goop","player_choice":"Gather Gold","floor":12,"damage_taken":0}],"boss_relics":[{"not_picked":["Snecko Eye","Ectoplasm"],"picked":"Pandora\u0027s Box"}],"potions_floor_spawned":[4,6,13,16],"seed_played":"3035982649657057993","killed_by":"3 Byrds","ascension_level":6,"is_trial":false}