{"gold_per_floor":[109,129,129,146,146,181,181,197,197,197,207,226,226,154,154,252,252,270,270,282,282,301,301,318,318,318,318,353,372,372,297,297,394,394,410,410,58,72,85,85,85],"floor_reached":41,"playtime":2468,"items_purged":["Fission"],"score":413,"play_id":"4c4444b2-f80d-4ed0-9f5e-b49cf7c187e5","local_time":"20190218223013","is_ascension_mode":false,"campfire_choices":[{"floor":7,"key":"REST"},{"floor":10,"key":"REST"},{"data":"Sunder","floor":15,"key":"SMITH"},{"data":"Meteor Strike","floor":25,"key":"SMITH"},{"data":"Buffer","floor":30,"key":"SMITH"},{"floor":32,"key":"REST"},{"floor":40,"key":"RECALL"}],"neow_cost":"NONE","seed_source_timestamp":330192095467900,"circlet_count":0,"master_deck":["Zap+1","Dualcast","Melter+1","Auto Shields+1","Skim+1","Force Field","Sunder+1","Buffer+1","Force Field","RitualDagger","Doom and Gloom","Meteor Strike+1","Self Repair","Creative AI","Chill","Creative AI","Scrape","Darkness","All For One","Turbo","Electrodynamics","Hologram","Sunder","Electrodynamics","Sunder+1"],"relics":["Snecko Eye","Blood Vial","War Paint","Nloth\u0027s Gift","Meat on the Bone","Cables","Pandora\u0027s Box","Medical Kit"],"potions_floor_usage":[18,33,38],"damage_taken":[{"damage":1,"enemies":"Jaw Worm","floor":1,"turns":4},{"damage":0,"enemies":"Cultist","floor":2,"turns":3},{"damage":7,"enemies":"2 Louse","floor":4,"turns":3},{"damage":41,"enemies":"3 Sentries","floor":6,"turns":16},{"damage":0,"enemies":"2 Fungi Beasts","floor":8,"turns":3},{"damage":0,"enemies":"3 Louse","floor":11,"turns":4},{"damage":7,"enemies":"Lots of Slimes","floor":12,"turns":8},{"damage":15,"enemies":"Slime Boss","floor":16,"turns":8},{"damage":5,"enemies":"3 Byrds","floor":18,"turns":5},{"damage":15,"enemies":"Spheric Guardian","floor":20,"turns":4},{"damage":11,"enemies":"Snecko","floor":22,"turns":6},{"damage":0,"enemies":"Snake Plant","floor":24,"turns":2},{"damage":29,"enemies":"Book of Stabbing","floor":28,"turns":7},{"damage":0,"enemies":"3 Cultists","floor":29,"turns":4},{"damage":39,"enemies":"Champ","floor":33,"turns":13},{"damage":15,"enemies":"Orb Walker","floor":35,"turns":3},{"damage":37,"enemies":"3 Darklings","floor":38,"turns":3},{"damage":0,"enemies":"Sphere and 2 Shapes","floor":39,"turns":3},{"damage":79,"enemies":"Nemesis","floor":41,"turns":3}],"seed_played":"3259844304641480826","potions_obtained":[{"floor":1,"key":"Weak Potion"},{"floor":8,"key":"SpeedPotion"},{"floor":12,"key":"LiquidBronze"},{"floor":16,"key":"AttackPotion"},{"floor":24,"key":"Ancient Potion"},{"floor":33,"key":"Explosive Potion"},{"floor":38,"key":"Strength Potion"}],"is_trial":false,"path_per_floor":["M","M","?","M","?","E","R","M","T","R","M","M","?","$","R","B",null,"M","?","M","?","M","$","M","R","T","?","E","M","R","?","R","B",null,"M","?","$","M","M","R","E"],"character_chosen":"DEFECT","items_purchased":["Sunder","Medical Kit","Sunder"],"campfire_rested":3,"item_purchase_floors":[14,37,37],"current_hp_per_floor":[74,74,74,67,52,11,33,35,35,57,59,54,54,54,54,41,75,70,64,51,51,42,42,44,44,44,44,29,43,43,43,65,47,75,60,60,60,44,53,53,0],"gold":85,"neow_bonus":"BOSS_RELIC","is_prod":false,"is_daily":false,"chose_seed":false,"campfire_upgraded":3,"win_rate":0,"timestamp":1550525413,"path_taken":["M","M","?","?","?","E","R","M","T","R","M","M","?","$","R","BOSS","M","?","M","?","M","$","?","R","T","?","E","M","R","?","R","BOSS","M","?","$","M","?","R","E"],"build_version":"2019-02-06","purchased_purges":1,"victory":false,"max_hp_per_floor":[75,75,75,75,75,75,75,75,75,75,75,75,75,75,75,75,75,75,75,75,75,75,75,75,75,75,75,75,75,75,75,75,75,75,75,75,75,75,75,75,75],"card_choices":[{"not_picked":["Recycle","Steam"],"picked":"Melter","floor":1},{"not_picked":["Double Energy","Barrage"],"picked":"Auto Shields","floor":2},{"not_picked":["Tempest","Aggregate","Coolheaded"],"picked":"SKIP","floor":4},{"not_picked":["Redo","Hologram"],"picked":"Skim","floor":6},{"not_picked":["Redo","Darkness","Chill"],"picked":"SKIP","floor":8},{"not_picked":["Defragment","Cold Snap"],"picked":"Force Field","floor":11},{"not_picked":["Stack","Barrage","Hologram"],"picked":"SKIP","floor":12},{"not_picked":["Hyperbeam","Biased Cognition"],"picked":"Buffer","floor":16},{"not_picked":["Chaos+1","Gash"],"picked":"Force Field","floor":18},{"not_picked":["Rip and Tear","Conserve Battery"],"picked":"Doom and Gloom","floor":20},{"not_picked":["Turbo+1","Reinforced Body"],"picked":"Meteor Strike","floor":22},{"not_picked":["Rebound+1","Barrage","Sweeping Beam"],"picked":"SKIP","floor":24},{"not_picked":["Turbo","Aggregate","Ball Lightning"],"picked":"SKIP","floor":28},{"not_picked":["Turbo","Sweeping Beam"],"picked":"Self Repair","floor":29},{"not_picked":["Electrodynamics","Rainbow"],"picked":"Creative AI","floor":33},{"not_picked":["Turbo","Gash+1"],"picked":"Hologram","floor":35},{"not_picked":["Redo","Heatsinks"],"picked":"Electrodynamics","floor":38},{"not_picked":["Go for the Eyes","Hologram"],"picked":"Sunder+1","floor":39}],"player_experience":229117,"relics_obtained":[{"floor":6,"key":"Blood Vial"},{"floor":9,"key":"War Paint"},{"floor":26,"key":"Meat on the Bone"},{"floor":28,"key":"Cables"}],"event_choices":[{"damage_healed":0,"gold_gain":0,"player_choice":"Ignored","damage_taken":0,"max_hp_gain":0,"max_hp_loss":0,"event_name":"Purifier","floor":3,"gold_loss":0},{"damage_healed":0,"gold_gain":0,"player_choice":"Entered Light","damage_taken":15,"max_hp_gain":0,"max_hp_loss":0,"event_name":"Shining Light","floor":5,"gold_loss":0,"cards_upgraded":["Defend_B","Defend_B"]},{"damage_healed":0,"gold_gain":0,"player_choice":"Grow","damage_taken":0,"max_hp_gain":0,"max_hp_loss":0,"event_name":"Living Wall","floor":13,"gold_loss":0,"cards_upgraded":["Melter"]},{"damage_healed":0,"gold_gain":0,"player_choice":"Joined the Cult","damage_taken":6,"max_hp_gain":0,"max_hp_loss":0,"event_name":"Nest","floor":19,"gold_loss":0,"cards_obtained":["RitualDagger"]},{"damage_healed":0,"gold_gain":0,"player_choice":"Traded Relic","damage_taken":0,"relics_obtained":["Nloth\u0027s Gift"],"max_hp_gain":0,"max_hp_loss":0,"event_name":"N\u0027loth","floor":21,"relics_lost":["Eternal Feather"],"gold_loss":0},{"damage_healed":0,"gold_gain":0,"player_choice":"Smashed Altar","damage_taken":0,"max_hp_gain":0,"max_hp_loss":0,"event_name":"Forgotten Altar","floor":27,"gold_loss":0,"cards_obtained":["Decay"]},{"cards_removed":["Decay"],"damage_healed":0,"gold_gain":0,"player_choice":"Gave Gold","damage_taken":0,"max_hp_gain":0,"max_hp_loss":0,"event_name":"Beggar","floor":31,"gold_loss":75},{"damage_healed":0,"gold_gain":0,"player_choice":"Upgraded","damage_taken":0,"max_hp_gain":0,"max_hp_loss":0,"event_name":"Upgrade Shrine","floor":36,"gold_loss":0,"cards_upgraded":["Skim"]}],"is_beta":true,"boss_relics":[{"not_picked":["Velvet Choker","Empty Cage"],"picked":"Eternal Feather"},{"not_picked":["Runic Dome","Coffee Dripper"],"picked":"Pandora\u0027s Box"}],"items_purged_floors":[37],"is_endless":false,"potions_floor_spawned":[1,8,12,16,24,33,35,38],"killed_by":"Nemesis","ascension_level":0}