{"path_per_floor":["M","$","?","M","M","E","?","R","T","?","R","M","E","M","R"],"character_chosen":"THE_SILENT","items_purchased":["Heel Hook"],"gold_per_floor":[118,38,38,63,79,123,152,152,152,152,152,170,214,238,238],"floor_reached":16,"campfire_rested":2,"playtime":949,"current_hp_per_floor":[64,64,47,47,47,33,13,34,34,20,41,41,18,18,18],"items_purged":[],"gold":238,"score":110,"play_id":"46904786-0738-45de-80c0-bf1cf637a783","is_prod":false,"is_daily":false,"is_ascension_mode":false,"campfire_upgraded":1,"path_taken":["M","$","?","M","M","E","?","R","T","?","R","?","E","M","R","BOSS"],"build_version":"2018-02-08-PROD1","purchased_purges":0,"victory":false,"master_deck":["Defend_G","Defend_G","Defend_G","Defend_G","Defend_G","Strike_G","Strike_G+1","Strike_G","Strike_G","Strike_G","Survivor","Neutralize","Backflip","Finisher","Heel Hook","Quick Slash","Predator+1","Burst+1","Riddle With Holes","Acrobatics","Dodge and Roll","Quick Slash"],"max_hp_per_floor":[70,70,70,70,70,70,70,70,70,70,70,70,70,70,70],"relics":["Ring of the Snake","Golden Idol","Happy Flower","Odd Mushroom","Bird Faced Urn","Oddly Smooth Stone"],"card_choices":[{"not_picked":["Deflect","Caltrops"],"picked":"Backflip"},{"not_picked":["Outmaneuver","PiercingWail"],"picked":"Finisher"},{"not_picked":["PiercingWail","Malaise"],"picked":"Quick Slash"},{"not_picked":["Quick Slash","Acrobatics"],"picked":"Predator"},{"not_picked":["Outmaneuver","Deadly Poison"],"picked":"Burst"},{"not_picked":["Deadly Poison","Bane"],"picked":"Riddle With Holes"},{"not_picked":["Slice","Backflip"],"picked":"Acrobatics"},{"not_picked":["Backflip","Distraction"],"picked":"Dodge and Roll"},{"not_picked":["Choke","Bane"],"picked":"Quick Slash"}],"player_experience":27079,"potions_floor_usage":[6,7,16,16,16],"damage_taken":[{"damage":6,"enemies":"Jaw Worm","floor":1,"turns":9},{"damage":0,"enemies":"Small Slimes","floor":4,"turns":2},{"damage":0,"enemies":"2 Louse","floor":5,"turns":2},{"damage":14,"enemies":"3 Sentries","floor":6,"turns":8},{"damage":20,"enemies":"The Mushroom Lair","floor":7,"turns":5},{"damage":0,"enemies":"2 Fungi Beasts","floor":12,"turns":3},{"damage":23,"enemies":"Lagavulin","floor":13,"turns":7},{"damage":0,"enemies":"3 Louse","floor":14,"turns":3},{"damage":20,"enemies":"The Guardian","floor":16,"turns":8}],"event_choices":[{"event_name":"Golden Idol","player_choice":"Take Damage","floor":3,"damage_taken":0},{"event_name":"Mushrooms","player_choice":"Fought Mushrooms","floor":7,"damage_taken":0},{"event_name":"Shining Light","player_choice":"Entered Light","floor":10,"damage_taken":0}],"boss_relics":[],"potions_floor_spawned":[5,6,7,12,14],"seed_played":"1928395719733533649","killed_by":"The Guardian","ascension_level":0,"is_trial":false}