{"path_per_floor":["M","?","?","?","T","R","$","?","T","M","?","M","$","E","R","B",null,"M","?","$","M","$","E","R","M","T","E","R","M","E","M","R","B",null,"M","M","M","M","?","E","M","M","T","R","?","R","$","M","R","B"],"character_chosen":"DEFECT","items_purchased":["Scrape","Doom and Gloom","Apotheosis","Glacier","Static Discharge+1","Bottled Lightning","Runic Capacitor","Loop+1","Oddly Smooth Stone"],"gold_per_floor":[110,110,210,210,210,210,56,56,56,70,70,85,3,43,43,174,174,174,374,36,56,16,59,59,79,79,117,117,135,179,204,204,328,328,344,359,382,407,740,769,779,789,789,789,789,789,2,21,21,21],"floor_reached":51,"campfire_rested":3,"playtime":2543,"item_purchase_floors":[7,13,20,20,22,47,47,47,47],"current_hp_per_floor":[73,61,61,61,61,61,61,61,61,61,66,66,66,55,55,27,67,67,67,67,67,67,57,80,79,79,62,80,80,76,80,80,67,77,80,80,80,80,80,77,72,73,73,73,73,73,73,63,87,86],"items_purged":["Injury","Strike_B","Strike_B+1"],"gold":21,"score":956,"play_id":"5c4ebfd5-3868-41ba-b955-ba9a5a32ec08","local_time":"20180615120111","is_prod":false,"is_daily":false,"chose_seed":false,"is_ascension_mode":true,"campfire_upgraded":3,"win_rate":0,"timestamp":1529082071,"campfire_choices":[{"data":"Defend_B","floor":6,"key":"SMITH"},{"data":"Chaos","floor":15,"key":"SMITH"},{"floor":24,"key":"REST"},{"floor":28,"key":"REST"},{"data":"Scrape","floor":32,"key":"SMITH"},{"data":"Strike_B","floor":44,"key":"PURGE"},{"data":"Defend_B","floor":46,"key":"PURGE"},{"floor":49,"key":"REST"}],"path_taken":["M","?","?","?","?","R","$","?","T","?","?","M","?","E","R","BOSS","M","?","$","?","?","E","R","M","T","E","R","?","E","M","R","BOSS","M","M","M","M","?","E","M","?","T","R","?","R","$","M","R","BOSS"],"build_version":"2018-06-14v2","seed_source_timestamp":2534624354695619,"purchased_purges":3,"victory":true,"master_deck":["Strike_B+1","Defend_B+1","Defend_B","Defend_B","Zap","Dualcast","Scrape+1","Reinforced Body","Chaos+1","White Noise+1","Doom and Gloom","Capacitor+1","All For One","Self Repair+1","Fusion","Consume","Conserve Battery","Apotheosis","Glacier+1","Storm+1","Static Discharge+1","Static Discharge+1","Core Surge","Double Energy","Defragment+1","Thunder Strike","Sunder+1","Force Field+1","Conserve Battery","Loop+1","Conserve Battery"],"max_hp_per_floor":[75,75,75,75,75,75,75,75,75,75,80,80,80,80,80,80,80,80,80,80,80,80,80,80,80,80,80,80,80,80,80,80,80,80,80,80,80,80,80,87,87,87,87,87,87,87,87,87,87,87],"relics":["Snecko Eye","Art of War","Whetstone","Matryoshka","Frozen Egg 2","Orrery","Lantern","Blood Vial","Centennial Puzzle","War Paint","Ice Cream","Busted Crown","Strawberry","Bottled Flame","Peace Pipe","Bottled Lightning","Runic Capacitor","Oddly Smooth Stone"],"card_choices":[{"not_picked":["Steam Power","Gash","Coolheaded"],"picked":"SKIP","floor":1},{"not_picked":["Gash","Turbo"],"picked":"Chaos","floor":10},{"not_picked":["FTL","Recycle"],"picked":"White Noise","floor":12},{"not_picked":["Melter","Thunder Strike"],"picked":"Capacitor","floor":14},{"not_picked":["Fission","Amplify"],"picked":"All For One","floor":16},{"not_picked":["Ball Lightning","Coolheaded"],"picked":"Self Repair+1","floor":17},{"not_picked":["Gash","Double Energy"],"picked":"Fusion","floor":17},{"not_picked":["Skim","Go for the Eyes"],"picked":"Consume","floor":17},{"not_picked":["Genetic Algorithm","Gash"],"picked":"Conserve Battery","floor":17},{"not_picked":["Steam+1","Storm+1","Ball Lightning"],"picked":"SKIP","floor":21},{"not_picked":["Steam+1","Ball Lightning"],"picked":"Storm+1","floor":21},{"not_picked":["Cold Snap+1","Reboot","Gash"],"picked":"SKIP","floor":23},{"not_picked":["Ball Lightning","Stack+1"],"picked":"Static Discharge+1","floor":25},{"not_picked":["Undo","Tempest+1","Lockon"],"picked":"SKIP","floor":27},{"not_picked":["Stack","Rebound"],"picked":"Core Surge","floor":29},{"not_picked":["Rebound","Hologram"],"picked":"Double Energy","floor":30},{"not_picked":["Doom and Gloom","Genetic Algorithm+1"],"picked":"Defragment+1","floor":31},{"not_picked":["Amplify","Biased Cognition+1"],"picked":"Thunder Strike","floor":33},{"not_picked":[],"picked":"Sunder+1","floor":35},{"not_picked":["Coolheaded"],"picked":"SKIP","floor":36},{"not_picked":["Steam"],"picked":"SKIP","floor":37},{"not_picked":["Redo+1"],"picked":"SKIP","floor":38},{"not_picked":["Turbo"],"picked":"SKIP","floor":40},{"not_picked":[],"picked":"Force Field+1","floor":41},{"not_picked":["Conserve Battery"],"picked":"SKIP","floor":42},{"not_picked":[],"picked":"Conserve Battery","floor":42},{"not_picked":[],"picked":"Conserve Battery","floor":48}],"player_experience":384026,"potions_floor_usage":[18,23,40,41,50,50],"damage_taken":[{"damage":2,"enemies":"Jaw Worm","floor":1,"turns":4},{"damage":0,"enemies":"Small Slimes","floor":10,"turns":2},{"damage":0,"enemies":"2 Louse","floor":12,"turns":2},{"damage":11,"enemies":"Lagavulin","floor":14,"turns":5},{"damage":28,"enemies":"Slime Boss","floor":16,"turns":8},{"damage":0,"enemies":"Shell Parasite","floor":18,"turns":2},{"damage":0,"enemies":"Chosen","floor":21,"turns":5},{"damage":20,"enemies":"Slavers","floor":23,"turns":4},{"damage":11,"enemies":"Sentry and Sphere","floor":25,"turns":4},{"damage":28,"enemies":"Gremlin Leader","floor":27,"turns":5},{"damage":5,"enemies":"Snake Plant","floor":29,"turns":3},{"damage":14,"enemies":"Book of Stabbing","floor":30,"turns":5},{"damage":8,"enemies":"Centurion and Healer","floor":31,"turns":4},{"damage":23,"enemies":"Automaton","floor":33,"turns":9},{"damage":0,"enemies":"Orb Walker","floor":35,"turns":4},{"damage":0,"enemies":"3 Shapes","floor":36,"turns":3},{"damage":3,"enemies":"Maw","floor":37,"turns":5},{"damage":4,"enemies":"4 Shapes","floor":38,"turns":2},{"damage":20,"enemies":"Nemesis","floor":40,"turns":5},{"damage":17,"enemies":"Sphere and 2 Shapes","floor":41,"turns":3},{"damage":1,"enemies":"Maw","floor":42,"turns":4},{"damage":22,"enemies":"4 Shapes","floor":48,"turns":4},{"damage":11,"enemies":"Awakened One","floor":50,"turns":12}],"relics_obtained":[{"floor":5,"key":"Whetstone"},{"floor":9,"key":"Matryoshka"},{"floor":14,"key":"Frozen Egg 2"},{"floor":23,"key":"Lantern"},{"floor":26,"key":"Blood Vial"},{"floor":26,"key":"Centennial Puzzle"},{"floor":27,"key":"War Paint"},{"floor":30,"key":"Ice Cream"},{"floor":40,"key":"Strawberry"},{"floor":43,"key":"Bottled Flame"},{"floor":43,"key":"Peace Pipe"}],"event_choices":[{"event_name":"Scrap Ooze","player_choice":"success","floor":2,"damage_taken":12},{"event_name":"Golden Shrine","player_choice":"Pray","floor":3,"damage_taken":0},{"event_name":"Golden Idol","player_choice":"Take Wound","floor":4,"damage_taken":0},{"event_name":"Match and Keep!","player_choice":"1 cards matched","floor":8,"damage_taken":0},{"event_name":"Big Fish","player_choice":"Donut","floor":11,"damage_taken":0},{"event_name":"The Joust","player_choice":"Bet on Owner","floor":19,"damage_taken":0},{"event_name":"The Moai Head","player_choice":"Gave Idol","floor":39,"damage_taken":0},{"event_name":"The Lab","player_choice":"Got Potions","floor":45,"damage_taken":0}],"boss_relics":[{"not_picked":["Black Star","Pandora\u0027s Box"],"picked":"Orrery"},{"not_picked":["Tiny House","Eternal Feather"],"picked":"Busted Crown"}],"items_purged_floors":[7,20,47],"is_endless":false,"potions_floor_spawned":[1,14,21,29,30,31,35,38,40,42,48],"seed_played":"8146447313744794959","ascension_level":5,"potions_obtained":[{"floor":1,"key":"Poison Potion"},{"floor":14,"key":"SmokeBomb"},{"floor":21,"key":"FearPotion"},{"floor":29,"key":"Ancient Potion"},{"floor":30,"key":"Poison Potion"},{"floor":31,"key":"Weak Potion"},{"floor":35,"key":"SkillPotion"},{"floor":40,"key":"Ancient Potion"},{"floor":42,"key":"Strength Potion"},{"floor":45,"key":"Weak Potion"}],"is_trial":false}