{"gold_per_floor":[115,133,153,153,163,163,189,202,227,227,25,42,42,59,59,134,134,149,49,49,65,65],"floor_reached":22,"playtime":820,"items_purged":["Strike_G","Strike_G"],"score":367,"play_id":"29becaf4-4ba0-4c66-8400-c2d0717aad80","local_time":"20181028101333","is_ascension_mode":true,"campfire_choices":[{"data":"Deadly Poison","floor":6,"key":"SMITH"},{"floor":10,"key":"REST"},{"data":"Neutralize","floor":13,"key":"SMITH"},{"data":"Noxious Fumes","floor":15,"key":"SMITH"}],"neow_cost":"NONE","seed_source_timestamp":83244255001706,"circlet_count":0,"master_deck":["Defend_G","Defend_G","Defend_G","Defend_G","Defend_G","Strike_G","Strike_G","Survivor","Neutralize+1","AscendersBane","Cloak And Dagger","Flying Knee","Deadly Poison+1","Blur","Dagger Spray","Calculated Gamble+1","Poisoned Stab","Well Laid Plans","Corpse Explosion+1","Noxious Fumes+1","After Image","Necronomicurse","Predator"],"relics":["Ring of the Snake","Toxic Egg 2","Regal Pillow","Fusion Hammer","Necronomicon"],"potions_floor_usage":[7,8,22],"damage_taken":[{"damage":10,"enemies":"Cultist","floor":1,"turns":5},{"damage":16,"enemies":"Jaw Worm","floor":2,"turns":6},{"damage":1,"enemies":"2 Louse","floor":3,"turns":3},{"damage":3,"enemies":"Blue Slaver","floor":5,"turns":4},{"damage":41,"enemies":"3 Sentries","floor":7,"turns":11},{"damage":1,"enemies":"Large Slime","floor":8,"turns":5},{"damage":8,"enemies":"Exordium Thugs","floor":12,"turns":5},{"damage":0,"enemies":"3 Louse","floor":14,"turns":2},{"damage":8,"enemies":"Hexaghost","floor":16,"turns":9},{"damage":5,"enemies":"Spheric Guardian","floor":18,"turns":5},{"damage":17,"enemies":"Shell Parasite","floor":21,"turns":5},{"damage":15,"enemies":"Shelled Parasite and Fungi","floor":22,"turns":2}],"seed_played":"-2825473288566523697","potions_obtained":[{"floor":2,"key":"Regen Potion"},{"floor":7,"key":"Explosive Potion"},{"floor":16,"key":"GamblersBrew"}],"is_trial":false,"path_per_floor":["M","M","M","?","M","R","E","M","T","R","$","M","R","M","R","B",null,"M","$","?","M"],"character_chosen":"THE_SILENT","items_purchased":["Poisoned Stab","Well Laid Plans"],"campfire_rested":1,"item_purchase_floors":[11,11],"current_hp_per_floor":[49,33,32,32,29,29,3,2,2,36,36,28,28,28,28,20,55,50,50,29,12,0],"gold":65,"neow_bonus":"TRANSFORM_CARD","is_prod":false,"is_daily":false,"chose_seed":false,"campfire_upgraded":3,"win_rate":0,"timestamp":1540736013,"path_taken":["M","M","M","?","?","R","E","?","T","R","?","?","R","M","R","BOSS","M","$","?","M","M"],"build_version":"2018-10-25v2","purchased_purges":2,"victory":false,"max_hp_per_floor":[66,66,66,66,66,66,66,66,66,66,66,66,66,66,66,66,66,66,66,66,66,66],"card_choices":[{"not_picked":["Prepared","Acrobatics"],"picked":"Cloak And Dagger","floor":1},{"not_picked":["PiercingWail","Accuracy"],"picked":"Flying Knee","floor":2},{"not_picked":["Acrobatics","Sucker Punch"],"picked":"Deadly Poison","floor":3},{"not_picked":["Cloak And Dagger","Deflect"],"picked":"Dagger Spray","floor":5},{"not_picked":["Poisoned Stab","Eviscerate"],"picked":"Calculated Gamble","floor":7},{"not_picked":["Expertise+1","Dagger Throw","Quick Slash"],"picked":"SKIP","floor":8},{"not_picked":["Predator","Calculated Gamble+1"],"picked":"Corpse Explosion+1","floor":12},{"not_picked":["Reflex+1","Outmaneuver+1"],"picked":"Noxious Fumes","floor":14},{"not_picked":["Die Die Die","Corpse Explosion+1"],"picked":"After Image","floor":16},{"not_picked":["Dagger Throw","Terror+1","Predator"],"picked":"SKIP","floor":18},{"not_picked":["Endless Agony","Escape Plan+1"],"picked":"Predator","floor":21}],"player_experience":604956,"relics_obtained":[{"floor":7,"key":"Toxic Egg 2"},{"floor":9,"key":"Regal Pillow"},{"floor":20,"key":"Necronomicon"}],"event_choices":[{"damage_healed":0,"gold_gain":0,"cards_transformed":["Concentrate"],"player_choice":"Transformed","damage_taken":0,"max_hp_gain":0,"max_hp_loss":0,"event_name":"Transmorgrifier","floor":4,"gold_loss":0,"cards_obtained":["Blur"]},{"damage_healed":0,"gold_gain":0,"player_choice":"Obtained Book","damage_taken":21,"max_hp_gain":0,"max_hp_loss":0,"event_name":"Cursed Tome","floor":20,"gold_loss":0}],"is_beta":false,"boss_relics":[{"not_picked":["Cursed Key","HoveringKite"],"picked":"Fusion Hammer"}],"items_purged_floors":[11,19],"is_endless":false,"potions_floor_spawned":[2,7,16],"killed_by":"Shelled Parasite and Fungi","ascension_level":19}