{"path_per_floor":["M","M","M","M","?","M","M","$","T","M","R","M","R","E","R","B",null,"M","M","?","?","?","R","M","R","T","M","M","?","$"],"character_chosen":"THE_SILENT","items_purchased":["Poisoned Stab","Toolbox"],"gold_per_floor":[115,130,145,165,165,135,147,98,98,109,109,124,124,455,455,550,550,565,582,682,607,807,807,819,819,819,837,850,850,518],"floor_reached":31,"campfire_rested":3,"playtime":3225,"current_hp_per_floor":[34,34,31,26,26,26,26,26,26,23,44,39,60,39,39,9,70,58,40,40,40,40,40,20,56,56,45,26,26,26],"items_purged":["Decay"],"gold":518,"play_id":"ee399d33-9b3a-4c43-8c93-ee4c2cc411f8","is_prod":false,"is_daily":false,"is_ascension_mode":false,"campfire_upgraded":2,"path_taken":["M","M","M","M","?","M","M","$","T","?","R","M","R","E","R","BOSS","M","M","?","?","?","R","M","R","T","?","M","?","?","M"],"build_version":"2018-02-01-PROD3","purchased_purges":1,"victory":false,"master_deck":["Defend_G","Defend_G","Defend_G","Defend_G","Defend_G","Strike_G","Strike_G","Strike_G","Strike_G","Strike_G","Survivor","Neutralize","Well Laid Plans+1","Crippling Poison+1","Deadly Poison","Dodge and Roll","Poisoned Stab","Poisoned Stab","Doppelganger","PiercingWail+1","Dodge and Roll+1","Adrenaline+1","Backflip+1"],"max_hp_per_floor":[70,70,70,70,70,70,70,70,70,70,70,70,70,70,70,70,70,70,70,70,70,70,70,70,70,70,70,70,70,70],"relics":["Ring of the Snake","Frozen Eye","Omamori","Old Coin","Calling Bell","Regal Pillow","Toxic Egg 2","Centennial Puzzle","Bag of Marbles","Toolbox"],"card_choices":[{"not_picked":["Corpse Explosion","Predator"],"picked":"Well Laid Plans"},{"not_picked":["Prepared","Flying Knee"],"picked":"Crippling Poison"},{"not_picked":["Crippling Poison","Poisoned Stab"],"picked":"Deadly Poison"},{"not_picked":["Malaise","Dagger Spray"],"picked":"Dodge and Roll"},{"not_picked":["Masterful Stab","Flying Knee"],"picked":"Poisoned Stab"},{"not_picked":["Die Die Die","Venomology"],"picked":"Doppelganger"},{"not_picked":["Poisoned Stab","Prepared"],"picked":"PiercingWail"},{"not_picked":["Outmaneuver","Dagger Throw"],"picked":"Dodge and Roll"},{"not_picked":["Eviscerate","Sucker Punch"],"picked":"Adrenaline"},{"not_picked":["Slice","Dodge and Roll"],"picked":"Backflip"}],"player_experience":158169,"potions_floor_usage":[24],"damage_taken":[{"damage":1.0,"enemies":"Jaw Worm","floor":1.0,"turns":7.0},{"damage":0.0,"enemies":"Blue Slaver","floor":2.0,"turns":6.0},{"damage":3.0,"enemies":"Small Slimes","floor":3.0,"turns":5.0},{"damage":5.0,"enemies":"Red Slaver","floor":4.0,"turns":8.0},{"damage":0.0,"enemies":"Looter","floor":6.0,"turns":4.0},{"damage":0.0,"enemies":"Large Slime","floor":7.0,"turns":6.0},{"damage":3.0,"enemies":"Exordium Thugs","floor":10.0,"turns":5.0},{"damage":5.0,"enemies":"Exordium Wildlife","floor":12.0,"turns":10.0},{"damage":21.0,"enemies":"Lagavulin","floor":14.0,"turns":7.0},{"damage":30.0,"enemies":"The Guardian","floor":16.0,"turns":12.0},{"damage":12,"enemies":"Shell Parasite","floor":18,"turns":6},{"damage":18,"enemies":"Spheric Guardian","floor":19,"turns":6},{"damage":20,"enemies":"Cultist and Chosen","floor":24,"turns":9},{"damage":11,"enemies":"Centurion and Healer","floor":27,"turns":11},{"damage":19,"enemies":"Snecko","floor":28,"turns":9},{"damage":30,"enemies":"Cultist and Chosen","floor":31,"turns":7}],"event_choices":[{"event_name":"Shining Light","player_choice":"Ignored","floor":5.0,"damage_taken":0.0},{"event_name":"Golden Shrine","player_choice":"Pray","floor":20,"damage_taken":0},{"event_name":"Beggar","player_choice":"Gave Gold","floor":21,"damage_taken":0},{"event_name":"Wheel of Change","player_choice":"Gold","floor":22,"damage_taken":0},{"event_name":"Forgotten Altar","player_choice":"Smashed Altar","floor":29,"damage_taken":0}],"boss_relics":[{"not_picked":["Astrolabe","Runic Pyramid"],"picked":"Calling Bell"}],"potions_floor_spawned":[1,4,10,18],"seed_played":"8444024215838571262","killed_by":"Cultist and Chosen","ascension_level":0,"is_trial":false}