{"gold_per_floor":[117,128,79,79,99,99,99,127,181,83,49,49,14,26,26,124,124,138,237,237,162,174,174,191,191,191,203,250,275,300,3,3,3],"floor_reached":33,"playtime":1407,"items_purged":["Defend_G","Strike_G"],"score":263,"play_id":"cee3e300-ef50-4fb0-90a1-4371fd6aa41c","local_time":"20190222223258","is_ascension_mode":false,"campfire_choices":[{"data":"Poisoned Stab","floor":6.0,"key":"SMITH"},{"data":"Neutralize","floor":12.0,"key":"SMITH"},{"data":"Dodge and Roll","floor":15.0,"key":"SMITH"},{"data":"Dash","floor":23.0,"key":"SMITH"},{"data":"Backflip","floor":25.0,"key":"SMITH"},{"data":"Dagger Spray","floor":27.0,"key":"SMITH"},{"floor":32,"key":"REST"}],"neow_cost":"NONE","seed_source_timestamp":1254064190500,"circlet_count":0,"master_deck":["Defend_G","Defend_G","Defend_G","Defend_G","Strike_G","Strike_G","Strike_G+1","Survivor+1","Neutralize+1","Deflect","Slice","Poisoned Stab+1","Dodge and Roll+1","Cloak And Dagger","Terror","Dagger Spray+1","Corpse Explosion","Dash+1","Backflip+1","Flying Knee+1"],"special_seed":0,"relics":["Ring of the Snake","Juzu Bracelet","Oddly Smooth Stone","Smiling Mask","Eternal Feather","MawBank","Anchor","Paper Crane"],"potions_floor_usage":[28,33,33,33],"damage_taken":[{"damage":0.0,"enemies":"Cultist","floor":1.0,"turns":5.0},{"damage":0.0,"enemies":"2 Louse","floor":2.0,"turns":3.0},{"damage":0.0,"enemies":"Jaw Worm","floor":5.0,"turns":5.0},{"damage":15.0,"enemies":"Gremlin Nob","floor":8.0,"turns":4.0},{"damage":0.0,"enemies":"Exordium Wildlife","floor":14.0,"turns":4.0},{"damage":20.0,"enemies":"Hexaghost","floor":16.0,"turns":13.0},{"damage":30.0,"enemies":"Spheric Guardian","floor":18.0,"turns":7.0},{"damage":0.0,"enemies":"Chosen","floor":22.0,"turns":5.0},{"damage":6.0,"enemies":"Snecko","floor":24.0,"turns":7.0},{"damage":7,"enemies":"Gremlin Leader","floor":28,"turns":7},{"damage":13,"enemies":"Sentry and Sphere","floor":29,"turns":6},{"damage":15,"enemies":"Snake Plant","floor":30,"turns":8},{"damage":79,"enemies":"Champ","floor":33,"turns":18}],"seed_played":"4847002764058291496","potions_obtained":[{"floor":5.0,"key":"SpeedPotion"},{"floor":8.0,"key":"Dexterity Potion"},{"floor":24.0,"key":"Explosive Potion"},{"floor":28,"key":"GamblersBrew"},{"floor":30,"key":"Block Potion"}],"is_trial":false,"path_per_floor":["M","M","?","?","M","R","?","E","T","$","$","R","?","M","R","B",null,"M","?","?","?","M","R","M","R","T","R","E","M","M","$","R","B"],"character_chosen":"THE_SILENT","items_purchased":["Cloak And Dagger","Terror","Paper Crane"],"campfire_rested":1,"item_purchase_floors":[10,11,31],"current_hp_per_floor":[70,70,70,70,70,70,56,41,41,41,41,41,58,58,58,38,70,40,40,27,27,27,36,30,42,42,54,47,34,19,19,53,0],"gold":3,"neow_bonus":"RANDOM_COMMON_RELIC","is_prod":false,"is_daily":false,"chose_seed":false,"campfire_upgraded":6,"win_rate":0,"timestamp":1550892778,"path_taken":["M","M","?","?","M","R","?","E","T","?","$","R","?","M","R","BOSS","M","?","?","?","M","R","M","R","T","R","E","M","M","?","R","BOSS"],"build_version":"2019-01-23","purchased_purges":2,"victory":false,"max_hp_per_floor":[70,70,70,70,70,70,70,70,70,70,70,70,70,70,70,70,70,70,70,75,75,75,75,75,75,75,75,75,75,75,75,75,75],"card_choices":[{"not_picked":["Bane","Dodge and Roll"],"picked":"Deflect","floor":1.0},{"not_picked":["Underhanded Strike","Tactician"],"picked":"Slice","floor":2.0},{"not_picked":["Heel Hook","Choke"],"picked":"Poisoned Stab","floor":5.0},{"not_picked":["Predator","Deflect"],"picked":"Dodge and Roll","floor":8.0},{"not_picked":["Prepared","Dodge and Roll"],"picked":"Dagger Spray","floor":14.0},{"not_picked":["Glass Knife","Adrenaline"],"picked":"Corpse Explosion","floor":16.0},{"not_picked":["Flying Knee","Distraction+1","Dodge and Roll"],"picked":"SKIP","floor":18.0},{"not_picked":["Quick Slash","Blade Dance"],"picked":"Dash","floor":22.0},{"not_picked":["Quick Slash","Flying Knee"],"picked":"Backflip","floor":24.0},{"not_picked":["Predator","Prepared+1"],"picked":"Flying Knee+1","floor":28},{"not_picked":["Dodge and Roll","Cloak And Dagger","Setup"],"picked":"SKIP","floor":29},{"not_picked":["Heel Hook+1","Eviscerate+1","Sucker Punch"],"picked":"SKIP","floor":30}],"player_experience":1253591,"relics_obtained":[{"floor":8.0,"key":"Oddly Smooth Stone"},{"floor":9.0,"key":"Smiling Mask"},{"floor":26.0,"key":"MawBank"},{"floor":28,"key":"Anchor"}],"event_choices":[{"damage_healed":0.0,"max_hp_gain":0.0,"max_hp_loss":0.0,"gold_gain":0.0,"event_name":"World of Goop","player_choice":"Left Gold","floor":3.0,"gold_loss":49.0,"damage_taken":0.0},{"damage_healed":0.0,"max_hp_gain":0.0,"max_hp_loss":0.0,"gold_gain":0.0,"event_name":"Golden Idol","player_choice":"Ignored","floor":4.0,"gold_loss":0.0,"damage_taken":0.0},{"damage_healed":0.0,"max_hp_gain":0.0,"max_hp_loss":0.0,"gold_gain":0.0,"event_name":"Shining Light","player_choice":"Entered Light","floor":7.0,"gold_loss":0.0,"damage_taken":14.0,"cards_upgraded":["Survivor","Strike_G"]},{"damage_healed":17.0,"max_hp_gain":0.0,"max_hp_loss":0.0,"gold_gain":0.0,"event_name":"The Cleric","player_choice":"Healed","floor":13.0,"gold_loss":35.0,"damage_taken":0.0},{"damage_healed":0.0,"max_hp_gain":0.0,"max_hp_loss":0.0,"gold_gain":99.0,"event_name":"Nest","player_choice":"Stole From Cult","floor":19.0,"gold_loss":0.0,"damage_taken":0.0},{"damage_healed":0.0,"max_hp_gain":5.0,"max_hp_loss":0.0,"gold_gain":0.0,"event_name":"Forgotten Altar","player_choice":"Shed Blood","floor":20.0,"gold_loss":0.0,"damage_taken":18.0},{"cards_removed":["Strike_G"],"damage_healed":0.0,"max_hp_gain":0.0,"max_hp_loss":0.0,"gold_gain":0.0,"event_name":"Beggar","player_choice":"Gave Gold","floor":21.0,"gold_loss":75.0,"damage_taken":0.0}],"is_beta":false,"boss_relics":[{"not_picked":["Black Star","Calling Bell"],"picked":"Eternal Feather"}],"items_purged_floors":[10,31],"is_endless":false,"potions_floor_spawned":[5,8,24,28,30],"killed_by":"Champ","ascension_level":0}