{"path_per_floor":["M","M","?","M","M","E","R","M","T","R","M","M","R","M","R","B",null,"M","M","M","M","M","E","?","$","T","R","M","M","M","M","R","B",null,"M","M","M","$","M","E","M","R","T","R","M","M","R","M","R"],"character_chosen":"THE_SILENT","items_purchased":[],"gold_per_floor":[99,99,75,75,75,75,75,75,75,75,75,75,75,75,75,75,75,75,75,75,75,75,75,75,75,75,75,75,75,75,75,75,75,75,75,75,75,0,0,0,0,0,0,0,0,0,0,0,0,0],"floor_reached":50,"campfire_rested":4,"playtime":3807,"current_hp_per_floor":[70,70,70,70,67,44,44,40,40,40,43,43,43,43,43,41,70,70,70,65,59,59,19,24,24,34,58,47,37,31,48,48,31,85,78,45,45,45,33,18,23,48,48,73,48,53,53,43,68,0],"items_purged":["Normality"],"gold":0,"score":585,"play_id":"dd3f65df-fb41-4a11-8699-a1487bddbd12","local_time":"20180508165540","is_prod":false,"is_daily":false,"chose_seed":false,"is_ascension_mode":false,"campfire_upgraded":6,"timestamp":1525791340,"path_taken":["M","M","?","M","M","E","R","M","T","R","M","M","R","M","R","BOSS","M","M","M","M","M","E","?","$","T","R","M","M","M","M","R","BOSS","M","M","M","$","M","E","M","R","T","R","M","M","R","M","R","BOSS"],"build_version":"2018-05-07","seed_source_timestamp":1175904826023490,"purchased_purges":1,"victory":false,"master_deck":["Defend_G","Defend_G","Defend_G+1","Defend_G","Defend_G","Strike_G","Strike_G","Strike_G","Strike_G","Strike_G","Survivor","Neutralize","Riddle With Holes","Skewer+1","Dagger Spray","Dagger Spray","Footwork+1","Dodge and Roll","Infinite Blades+1","Dodge and Roll","Caltrops+1","Die Die Die+1","Backflip","Caltrops+1","Outmaneuver+1","Dagger Spray","Dagger Spray+1","Backstab","Acrobatics+1","Footwork+1","Malaise+1","Doppelganger","Calculated Gamble+1","Deflect+1","Deflect+1","Blur+1","Caltrops+1","Doubt","Eviscerate+1"],"max_hp_per_floor":[70,70,70,70,70,70,70,70,70,70,70,70,70,70,70,70,70,70,70,70,70,70,70,70,70,80,80,80,80,80,85,85,85,85,85,85,85,85,85,85,85,85,85,85,85,85,85,85,85,85],"relics":["Ectoplasm","Meat on the Bone","Happy Flower","Cursed Key","Pen Nib","Red Mask","Pear","Runic Dome","War Paint","Bag of Marbles"],"card_choices":[{"not_picked":["Prepared","PiercingWail"],"picked":"Riddle With Holes","floor":1},{"not_picked":["Quick Slash","Reflex"],"picked":"Skewer","floor":2},{"not_picked":["Dodge and Roll","Quick Slash"],"picked":"Dagger Spray","floor":4},{"not_picked":["PiercingWail","Blade Dance"],"picked":"Dagger Spray","floor":5},{"not_picked":["Burst","Finisher"],"picked":"Footwork","floor":6},{"not_picked":["Riddle With Holes","Bane"],"picked":"Dodge and Roll","floor":8},{"not_picked":["Dodge and Roll","Blade Dance"],"picked":"Infinite Blades","floor":11},{"not_picked":["Underhanded Strike","Expertise"],"picked":"Dodge and Roll","floor":12},{"not_picked":["Finisher","Masterful Stab"],"picked":"Caltrops","floor":14},{"not_picked":["Tactician","Adrenaline"],"picked":"Die Die Die","floor":16},{"not_picked":["Heel Hook","PiercingWail"],"picked":"Backflip","floor":19},{"not_picked":["PiercingWail","Poisoned Stab"],"picked":"Caltrops","floor":20},{"not_picked":["Prepared","PiercingWail"],"picked":"Outmaneuver","floor":21},{"not_picked":["Dash","Bouncing Flask"],"picked":"Dagger Spray","floor":22},{"not_picked":["Reflex","Riddle With Holes"],"picked":"Dagger Spray","floor":23},{"not_picked":["Dagger Throw","Deadly Poison"],"picked":"Backstab","floor":24},{"not_picked":["Wraith Form v2","Poisoned Stab"],"picked":"Acrobatics","floor":28},{"not_picked":["PiercingWail","Dagger Throw"],"picked":"Footwork","floor":29},{"not_picked":["PiercingWail","Finisher"],"picked":"Malaise","floor":31},{"not_picked":["Night Terror","Bullet Time"],"picked":"Doppelganger","floor":33},{"not_picked":["Bane","Backstab"],"picked":"Calculated Gamble","floor":35},{"not_picked":["Prepared","Poisoned Stab"],"picked":"Deflect","floor":36},{"not_picked":["Riddle With Holes","Poisoned Stab"],"picked":"Deflect","floor":37},{"not_picked":["Calculated Gamble","PiercingWail"],"picked":"Blur","floor":40},{"not_picked":["Finisher","Choke"],"picked":"Caltrops","floor":41},{"not_picked":["Backstab","Deadly Poison"],"picked":"Eviscerate","floor":46}],"player_experience":86579,"potions_floor_usage":[23,24,29,31,50,50,50],"damage_taken":[{"damage":0,"enemies":"2 Louse","floor":1,"turns":3},{"damage":0,"enemies":"Jaw Worm","floor":2,"turns":3},{"damage":0,"enemies":"Small Slimes","floor":4,"turns":2},{"damage":3,"enemies":"Red Slaver","floor":5,"turns":3},{"damage":23,"enemies":"Lagavulin","floor":6,"turns":8},{"damage":4,"enemies":"3 Louse","floor":8,"turns":2},{"damage":9,"enemies":"Blue Slaver","floor":11,"turns":2},{"damage":0,"enemies":"Exordium Wildlife","floor":12,"turns":5},{"damage":0,"enemies":"2 Fungi Beasts","floor":14,"turns":3},{"damage":2,"enemies":"Slime Boss","floor":16,"turns":9},{"damage":0,"enemies":"3 Byrds","floor":18,"turns":3},{"damage":0,"enemies":"Chosen","floor":19,"turns":3},{"damage":5,"enemies":"Centurion and Healer","floor":20,"turns":5},{"damage":6,"enemies":"Snecko","floor":21,"turns":3},{"damage":0,"enemies":"Chosen and Byrds","floor":22,"turns":4},{"damage":52,"enemies":"Gremlin Leader","floor":23,"turns":9},{"damage":7,"enemies":"Masked Bandits","floor":24,"turns":3},{"damage":11,"enemies":"Centurion and Healer","floor":28,"turns":5},{"damage":22,"enemies":"Sentry and Sphere","floor":29,"turns":4},{"damage":18,"enemies":"Slaver and Parasite","floor":30,"turns":3},{"damage":0,"enemies":"Snake Plant","floor":31,"turns":2},{"damage":29,"enemies":"Automaton","floor":33,"turns":9},{"damage":7,"enemies":"Orb Walker","floor":35,"turns":2},{"damage":45,"enemies":"3 Shapes","floor":36,"turns":6},{"damage":0,"enemies":"Flame Bruiser 2 Orb","floor":37,"turns":2},{"damage":24,"enemies":"3 Darklings","floor":39,"turns":4},{"damage":27,"enemies":"Nemesis","floor":40,"turns":12},{"damage":7,"enemies":"4 Shapes","floor":41,"turns":12},{"damage":25,"enemies":"Flame Bruiser 2 Orb","floor":45,"turns":3},{"damage":7,"enemies":"3 Darklings","floor":46,"turns":4},{"damage":10,"enemies":"4 Shapes","floor":48,"turns":3},{"damage":75,"enemies":"Donu and Deca","floor":50,"turns":7}],"event_choices":[{"event_name":"World of Goop","player_choice":"Left","floor":3,"damage_taken":0},{"event_name":"Masked Bandits","player_choice":"Fought over 75 gold","floor":24,"damage_taken":0}],"boss_relics":[{"not_picked":["Astrolabe","Calling Bell"],"picked":"Cursed Key"},{"not_picked":["Tiny House","White Beast Statue"],"picked":"Runic Dome"}],"potions_floor_spawned":[4,6,8,16,20,22,23,24,30,31,33,35,36,39,40,48],"seed_played":"-1894036601812467333","killed_by":"Donu and Deca","ascension_level":0,"is_trial":false}