{"gold_per_floor":[113,75,75,90,265,265,280,280,280,280,300,375,385,403,403,505,505,522,522,503,513,533,533,547,547],"floor_reached":25,"playtime":1422,"items_purged":[],"score":266,"play_id":"51b68191-57a5-400a-9fd1-83e36aa44c28","local_time":"20181210180922","is_ascension_mode":true,"campfire_choices":[{"data":"Zap","floor":6,"key":"SMITH"},{"data":"Dualcast","floor":8,"key":"SMITH"},{"data":"Redo","floor":10,"key":"SMITH"},{"data":"Coolheaded","floor":15,"key":"SMITH"},{"floor":23,"key":"REST"}],"neow_cost":"NONE","seed_source_timestamp":30216297625431,"circlet_count":0,"master_deck":["Strike_B","Strike_B","Strike_B","Strike_B","Defend_B","Defend_B","Defend_B","Defend_B","Zap+1","Dualcast+1","Trip","Redo+1","FTL","Leap","Doubt","Cold Snap","Coolheaded+1","Chill","All For One","Skim","Seek","Go for the Eyes","Self Repair"],"relics":["Cracked Core","Mercury Hourglass"],"potions_floor_usage":[22,24],"damage_taken":[{"damage":4,"enemies":"2 Louse","floor":1,"turns":2},{"damage":0,"enemies":"Cultist","floor":4,"turns":3},{"damage":8,"enemies":"Small Slimes","floor":7,"turns":3},{"damage":0,"enemies":"Blue Slaver","floor":11,"turns":3},{"damage":0,"enemies":"2 Fungi Beasts","floor":13,"turns":2},{"damage":3,"enemies":"Gremlin Gang","floor":14,"turns":4},{"damage":37,"enemies":"Hexaghost","floor":16,"turns":10},{"damage":2,"enemies":"Chosen","floor":18,"turns":4},{"damage":17,"enemies":"2 Thieves","floor":20,"turns":4},{"damage":39,"enemies":"Cultist and Chosen","floor":21,"turns":5},{"damage":8,"enemies":"Sentry and Sphere","floor":22,"turns":4},{"damage":17,"enemies":"Snake Plant","floor":24,"turns":3},{"damage":18,"enemies":"Masked Bandits","floor":25,"turns":2}],"seed_played":"-332256595723040897","potions_obtained":[{"floor":1,"key":"FairyPotion"},{"floor":11,"key":"FairyPotion"},{"floor":14,"key":"Fire Potion"},{"floor":21,"key":"Explosive Potion"}],"is_trial":false,"path_per_floor":["M","$","?","M","?","R","M","R","T","R","M","?","M","M","R","B",null,"M","?","M","M","M","R","M","?"],"character_chosen":"DEFECT","items_purchased":["FTL"],"campfire_rested":1,"item_purchase_floors":[2],"current_hp_per_floor":[64,64,64,64,64,64,56,56,56,56,56,45,45,42,42,5,58,56,56,39,7,7,29,12,0],"gold":547,"neow_bonus":"RANDOM_COLORLESS","is_prod":false,"is_daily":false,"chose_seed":false,"campfire_upgraded":4,"win_rate":0,"timestamp":1544440162,"path_taken":["M","$","?","?","?","R","M","R","T","R","M","?","M","M","R","BOSS","M","?","?","M","M","R","M","?"],"build_version":"2018-12-06","purchased_purges":0,"victory":false,"max_hp_per_floor":[75,75,75,75,75,75,75,75,75,75,75,75,75,75,75,75,75,75,75,75,75,75,75,75,75],"card_choices":[{"not_picked":["Barrage","Beam Cell"],"picked":"Redo","floor":1},{"not_picked":["Force Field","Double Energy"],"picked":"Leap","floor":4},{"not_picked":["Go for the Eyes","Double Energy"],"picked":"Cold Snap","floor":7},{"not_picked":["Sweeping Beam","Streamline"],"picked":"Coolheaded","floor":11},{"not_picked":["Reinforced Body","FTL"],"picked":"Chill","floor":13},{"not_picked":["Compile Driver","Ball Lightning"],"picked":"All For One","floor":14},{"not_picked":["Redo","Sweeping Beam"],"picked":"Skim","floor":18},{"not_picked":["Hello World","Rebound+1"],"picked":"Go for the Eyes","floor":20},{"not_picked":["Gash","Compile Driver","Sweeping Beam+1"],"picked":"SKIP","floor":21},{"not_picked":["Rebound","Beam Cell","Streamline"],"picked":"SKIP","floor":22},{"not_picked":["Ball Lightning","Auto Shields"],"picked":"Self Repair","floor":24}],"player_experience":197737,"relics_obtained":[{"floor":9,"key":"Mercury Hourglass"}],"event_choices":[{"damage_healed":0,"gold_gain":0,"player_choice":"Bought 0 Potions","damage_taken":0,"max_hp_gain":0,"max_hp_loss":0,"event_name":"The Woman in Blue","floor":3,"gold_loss":0},{"damage_healed":0,"gold_gain":175,"player_choice":"AGREE","damage_taken":0,"max_hp_gain":0,"max_hp_loss":0,"event_name":"Liars Game","floor":5,"gold_loss":0,"cards_obtained":["Doubt"]},{"damage_healed":0,"gold_gain":75,"player_choice":"Gather Gold","damage_taken":11,"max_hp_gain":0,"max_hp_loss":0,"event_name":"World of Goop","floor":12,"gold_loss":0},{"damage_healed":0,"gold_gain":0,"player_choice":"1 cards matched","damage_taken":0,"max_hp_gain":0,"max_hp_loss":0,"event_name":"Match and Keep!","floor":19,"gold_loss":0,"cards_obtained":["Seek"]},{"damage_healed":0,"gold_gain":0,"player_choice":"Fought Bandits","damage_taken":0,"max_hp_gain":0,"max_hp_loss":0,"event_name":"Masked Bandits","floor":25,"gold_loss":0}],"is_beta":false,"boss_relics":[{"not_picked":[]}],"items_purged_floors":[],"is_endless":false,"potions_floor_spawned":[1,11,14,16,20,21],"killed_by":"Masked Bandits","ascension_level":7}