{"gold_per_floor":[10,26,44,56,68,100,114,139,164,164,164,10,26,26,26,97,97,76,56,72,72,72,99,99,41,65,65,90,90,109,129,129,205,205,219,219,70,70,70,70,81,93,93,128,128,156,156],"floor_reached":47,"playtime":8293,"items_purged":["Clash"],"score":1116,"play_id":"d6c79879-ce2a-4b96-9853-7e4554e815e7","local_time":"20190131221426","is_ascension_mode":true,"campfire_choices":[{"floor":10,"key":"REST"},{"data":"Armaments","floor":15,"key":"SMITH"},{"floor":24,"key":"REST"},{"floor":27,"key":"REST"},{"floor":32,"key":"REST"},{"floor":40,"key":"REST"}],"neow_cost":"NO_GOLD","seed_source_timestamp":759096287719397,"circlet_count":0,"master_deck":["AscendersBane","Twin Strike","Flame Barrier","Uppercut","Metallicize","Headbutt","Shrug It Off","Inflame","Limit Break","Armaments+1","Offering","Brutality","Seeing Red","Flame Barrier","Berserk","Armaments","Power Through","Exhume","Sword Boomerang","Fiend Fire","Reckless Charge","True Grit","Corruption","Whirlwind","Dark Embrace","Panacea","Blind","Exhume","Evolve"],"relics":["Burning Blood","Bag of Preparation","Red Skull","Omamori","Pandora\u0027s Box","Pen Nib","Orichalcum","Regal Pillow","MutagenicStrength","Busted Crown","Lantern","Incense Burner"],"potions_floor_usage":[6,8,16,23,46],"damage_taken":[{"damage":14,"enemies":"Jaw Worm","floor":1,"turns":5},{"damage":7,"enemies":"Cultist","floor":2,"turns":4},{"damage":0,"enemies":"Small Slimes","floor":3,"turns":4},{"damage":28,"enemies":"Gremlin Gang","floor":4,"turns":6},{"damage":6,"enemies":"Looter","floor":5,"turns":3},{"damage":24,"enemies":"Lagavulin","floor":6,"turns":7},{"damage":15,"enemies":"3 Louse","floor":7,"turns":5},{"damage":20,"enemies":"Gremlin Nob","floor":8,"turns":4},{"damage":0,"enemies":"2 Fungi Beasts","floor":13,"turns":4},{"damage":29,"enemies":"The Guardian","floor":16,"turns":12},{"damage":15,"enemies":"2 Thieves","floor":18,"turns":4},{"damage":10,"enemies":"Chosen","floor":20,"turns":5},{"damage":43,"enemies":"Slavers","floor":23,"turns":4},{"damage":46,"enemies":"Gremlin Leader","floor":28,"turns":4},{"damage":21,"enemies":"3 Cultists","floor":30,"turns":4},{"damage":0,"enemies":"Centurion and Healer","floor":31,"turns":4},{"damage":52,"enemies":"Automaton","floor":33,"turns":7},{"damage":34,"enemies":"3 Darklings","floor":35,"turns":3},{"damage":17,"enemies":"Orb Walker","floor":41,"turns":3},{"damage":10,"enemies":"Sphere and 2 Shapes","floor":42,"turns":3},{"damage":8,"enemies":"Giant Head","floor":44,"turns":4},{"damage":58,"enemies":"Nemesis","floor":46,"turns":5},{"damage":28,"enemies":"Spire Growth","floor":47,"turns":2}],"seed_played":"7645236908809034031","potions_obtained":[{"floor":3,"key":"Dexterity Potion"},{"floor":4,"key":"AttackPotion"},{"floor":5,"key":"Block Potion"},{"floor":7,"key":"Regen Potion"},{"floor":16,"key":"SkillPotion"},{"floor":19,"key":"SpeedPotion"},{"floor":30,"key":"Explosive Potion"}],"is_trial":false,"path_per_floor":["M","M","M","M","M","E","M","E","T","R","?","$","M","$","R","B",null,"M","?","M","?","?","E","R","$","T","R","E","?","M","M","R","B",null,"M","?","$","?","$","R","M","M","T","E","?","E","M"],"character_chosen":"IRONCLAD","items_purchased":["Limit Break","True Grit","Exhume"],"campfire_rested":5,"item_purchase_floors":[12,25,37],"current_hp_per_floor":[74,73,79,57,57,39,30,16,16,42,42,42,48,48,48,40,77,68,68,64,64,64,27,53,53,53,79,39,39,24,30,71,25,73,45,35,35,35,35,76,65,61,61,59,59,7,0],"gold":156,"neow_bonus":"TWENTY_PERCENT_HP_BONUS","is_prod":false,"is_daily":false,"chose_seed":false,"campfire_upgraded":1,"win_rate":0,"timestamp":1548990866,"path_taken":["M","M","M","M","M","E","M","E","T","R","?","$","?","?","R","BOSS","M","?","?","?","?","E","R","$","T","R","E","?","?","M","R","BOSS","M","?","$","?","$","R","M","M","T","E","?","E","M"],"build_version":"2019-01-23","purchased_purges":1,"victory":false,"max_hp_per_floor":[89,89,89,89,89,89,89,89,89,89,89,89,89,89,89,89,89,89,89,89,89,89,89,89,89,89,89,89,89,89,89,89,89,89,89,89,89,89,89,89,89,89,89,89,89,89,89],"card_choices":[{"not_picked":["Havoc","Flex"],"picked":"Twin Strike","floor":1},{"not_picked":["Warcry","Clash"],"picked":"Flame Barrier","floor":2},{"not_picked":["Rupture","Perfected Strike"],"picked":"Uppercut","floor":3},{"not_picked":["True Grit","Double Tap"],"picked":"Metallicize","floor":4},{"not_picked":["True Grit","Thunderclap"],"picked":"Headbutt","floor":5},{"not_picked":["Armaments","Pommel Strike"],"picked":"Shrug It Off","floor":6},{"not_picked":["Uppercut","Pommel Strike","Fire Breathing"],"picked":"SKIP","floor":7},{"not_picked":["Corruption","Twin Strike"],"picked":"Inflame","floor":8},{"not_picked":["Havoc","Body Slam"],"picked":"Armaments","floor":13},{"not_picked":["Dark Embrace","Impervious"],"picked":"Offering","floor":16},{"not_picked":["Armaments+1","Pummel"],"picked":"Sword Boomerang","floor":18},{"not_picked":["Cleave","Feel No Pain+1"],"picked":"Fiend Fire","floor":20},{"not_picked":["Pommel Strike+1","Spot Weakness"],"picked":"Reckless Charge","floor":23},{"not_picked":["Havoc","Spot Weakness+1","Rupture"],"picked":"SKIP","floor":28},{"not_picked":["Heavy Blade","Evolve+1"],"picked":"Corruption","floor":30},{"not_picked":["Fire Breathing","Headbutt"],"picked":"Whirlwind","floor":31},{"not_picked":["Limit Break","Berserk"],"picked":"Dark Embrace","floor":33},{"not_picked":["True Grit"],"picked":"SKIP","floor":35},{"not_picked":[],"picked":"Panacea","floor":36},{"not_picked":[],"picked":"Blind","floor":36},{"not_picked":["Clothesline+1"],"picked":"SKIP","floor":41},{"not_picked":[],"picked":"Evolve","floor":42},{"not_picked":["Power Through"],"picked":"SKIP","floor":44},{"not_picked":["Sever Soul"],"picked":"SKIP","floor":46}],"player_experience":777182,"relics_obtained":[{"floor":6,"key":"Bag of Preparation"},{"floor":8,"key":"Red Skull"},{"floor":9,"key":"Omamori"},{"floor":23,"key":"Pen Nib"},{"floor":26,"key":"Orichalcum"},{"floor":28,"key":"Regal Pillow"},{"floor":44,"key":"Lantern"},{"floor":46,"key":"Incense Burner"}],"event_choices":[{"cards_removed":["Strike_R"],"damage_healed":0,"gold_gain":0,"player_choice":"Card Removal","damage_taken":0,"max_hp_gain":0,"max_hp_loss":0,"event_name":"Wheel of Change","floor":11,"gold_loss":0},{"damage_healed":0,"gold_gain":0,"player_choice":"Bought 1 Potion","damage_taken":0,"max_hp_gain":0,"max_hp_loss":0,"event_name":"The Woman in Blue","floor":19,"gold_loss":0},{"damage_healed":0,"gold_gain":0,"player_choice":"Ignored","damage_taken":0,"max_hp_gain":0,"max_hp_loss":0,"event_name":"Vampires","floor":21,"gold_loss":0},{"damage_healed":0,"gold_gain":0,"player_choice":"Smashed Altar","damage_taken":0,"max_hp_gain":0,"max_hp_loss":0,"event_name":"Forgotten Altar","floor":22,"gold_loss":0,"cards_obtained":["Decay"]},{"damage_healed":0,"gold_gain":0,"player_choice":"Inject Mutagens","damage_taken":0,"relics_obtained":["MutagenicStrength"],"max_hp_gain":0,"max_hp_loss":0,"event_name":"Drug Dealer","floor":29,"gold_loss":0},{"damage_healed":0,"gold_gain":0,"player_choice":"Memory 3","damage_taken":10,"max_hp_gain":0,"max_hp_loss":0,"event_name":"SensoryStone","floor":36,"gold_loss":0},{"damage_healed":0,"gold_gain":0,"player_choice":"Ignored","damage_taken":0,"max_hp_gain":0,"max_hp_loss":0,"event_name":"The Moai Head","floor":38,"gold_loss":0},{"cards_removed":["Bash"],"damage_healed":0,"gold_gain":0,"player_choice":"Removed Attack","damage_taken":0,"max_hp_gain":0,"max_hp_loss":0,"event_name":"Falling","floor":45,"gold_loss":0}],"is_beta":false,"boss_relics":[{"not_picked":["Orrery","Runic Cube"],"picked":"Pandora\u0027s Box"},{"not_picked":["Lizard Tail","Cursed Key"],"picked":"Busted Crown"}],"items_purged_floors":[37],"is_endless":false,"potions_floor_spawned":[3,4,5,7,16,30,33,42,44],"killed_by":"Spire Growth","ascension_level":20}