{"gold_per_floor":[119,119,137,154,154,154,179,179,179,190,223,223,236,236,236,335,335,359,375,375],"floor_reached":20,"playtime":646,"items_purged":[],"score":359,"play_id":"7c9cef2c-1586-4c61-a907-cd90a0529eca","local_time":"20181022065749","is_ascension_mode":true,"campfire_choices":[{"floor":6,"key":"REST"},{"floor":8,"key":"REST"},{"floor":15,"key":"REST"}],"neow_cost":"PERCENT_DAMAGE","seed_source_timestamp":381813951395992,"circlet_count":0,"master_deck":["Strike_R","Strike_R","Strike_R","Strike_R","Defend_R","Defend_R","Defend_R","Defend_R","Bash","AscendersBane","Double Tap","Headbutt","Rampage","Cleave","Uppercut","Armaments","Pain","Hemokinesis+1","Brutality","Ghostly Armor"],"relics":["Burning Blood","Sundial","Vajra","Matryoshka","Molten Egg 2","WarpedTongs","Golden Idol","Cursed Key"],"potions_floor_usage":[11,13,16,16],"damage_taken":[{"damage":10,"enemies":"Small Slimes","floor":1,"turns":4},{"damage":7,"enemies":"Jaw Worm","floor":3,"turns":2},{"damage":6,"enemies":"2 Louse","floor":4,"turns":3},{"damage":36,"enemies":"Gremlin Nob","floor":7,"turns":4},{"damage":0,"enemies":"Exordium Wildlife","floor":10,"turns":2},{"damage":20,"enemies":"3 Sentries","floor":11,"turns":5},{"damage":18,"enemies":"3 Louse","floor":13,"turns":4},{"damage":34,"enemies":"Slime Boss","floor":16,"turns":9},{"damage":28,"enemies":"2 Thieves","floor":18,"turns":3},{"damage":16,"enemies":"Spheric Guardian","floor":19,"turns":4},{"damage":27,"enemies":"Centurion and Healer","floor":20,"turns":3}],"seed_played":"-3208682256064865118","potions_obtained":[{"floor":1,"key":"SpeedPotion"},{"floor":10,"key":"BloodPotion"},{"floor":11,"key":"AttackPotion"},{"floor":13,"key":"AttackPotion"}],"is_trial":false,"path_per_floor":["M","?","M","M","?","R","E","R","T","M","E","?","M","?","R","B",null,"M","M"],"character_chosen":"IRONCLAD","items_purchased":[],"campfire_rested":3,"item_purchase_floors":[],"current_hp_per_floor":[46,28,27,27,20,42,12,34,34,40,33,33,21,21,41,13,54,32,22,0],"gold":375,"neow_bonus":"THREE_RARE_CARDS","is_prod":false,"is_daily":false,"chose_seed":false,"campfire_upgraded":0,"win_rate":0,"timestamp":1540205869,"path_taken":["M","?","M","M","?","R","E","R","T","?","E","?","M","?","R","BOSS","M","M","M"],"build_version":"2018-10-18","purchased_purges":0,"victory":false,"max_hp_per_floor":[75,75,75,75,75,75,75,75,75,75,75,75,75,68,68,68,68,68,68,68],"card_choices":[{"not_picked":["Exhume","Barricade"],"picked":"Double Tap","floor":0},{"not_picked":["Sever Soul","Flex"],"picked":"Headbutt","floor":1},{"not_picked":["Carnage","Intimidate"],"picked":"Rampage","floor":3},{"not_picked":["Brutality","Anger"],"picked":"Cleave","floor":4},{"not_picked":["Blood for Blood","Headbutt"],"picked":"Uppercut","floor":7},{"not_picked":["Havoc","Cleave","Thunderclap"],"picked":"SKIP","floor":10},{"not_picked":["Thunderclap","Twin Strike"],"picked":"Armaments","floor":11},{"not_picked":["Rage","Sentinel"],"picked":"Hemokinesis+1","floor":13},{"not_picked":["Juggernaut","Barricade"],"picked":"Brutality","floor":16},{"not_picked":["Clothesline+1","Wild Strike+1","Metallicize"],"picked":"SKIP","floor":18},{"not_picked":["Anger+1","Sword Boomerang+1"],"picked":"Ghostly Armor","floor":19}],"player_experience":597371,"relics_obtained":[{"floor":7,"key":"Vajra"},{"floor":9,"key":"Matryoshka"},{"floor":11,"key":"Molten Egg 2"}],"event_choices":[{"damage_healed":0,"gold_gain":0,"player_choice":"Success","damage_taken":18,"relics_obtained":["Sundial"],"max_hp_gain":0,"max_hp_loss":0,"event_name":"Scrap Ooze","floor":2,"gold_loss":0},{"cards_removed":["Strike_R"],"damage_healed":0,"gold_gain":0,"player_choice":"Card Removal","damage_taken":7,"max_hp_gain":0,"max_hp_loss":0,"event_name":"Golden Wing","floor":5,"gold_loss":0},{"damage_healed":0,"gold_gain":0,"player_choice":"Rummage","damage_taken":0,"relics_obtained":["WarpedTongs"],"max_hp_gain":0,"max_hp_loss":0,"event_name":"Accursed Blacksmith","floor":12,"gold_loss":0,"cards_obtained":["Pain"]},{"damage_healed":0,"gold_gain":0,"player_choice":"Lose Max HP","damage_taken":0,"relics_obtained":["Golden Idol"],"max_hp_gain":0,"max_hp_loss":7,"event_name":"Golden Idol","floor":14,"gold_loss":0}],"is_beta":false,"boss_relics":[{"not_picked":["Velvet Choker","Busted Crown"],"picked":"Cursed Key"}],"items_purged_floors":[],"is_endless":false,"potions_floor_spawned":[1,10,11,13],"killed_by":"Centurion and Healer","ascension_level":19}