{"path_per_floor":["M","M","?","?","?","E","M","E","T","$","R","M","E","M","R","B",null,"M","T","$","?","?","E","$","?","T","R","M","R","E","M","R","B",null,"M","?","M","?","M","R","E","R","T","M","M","R","M","M","R","B"],"character_chosen":"IRONCLAD","items_purchased":["Molten Egg 2","Vajra","True Grit"],"gold_per_floor":[112,123,123,123,186,219,236,266,266,22,22,37,70,87,87,192,192,202,226,22,22,22,57,4,4,4,4,20,20,49,64,64,159,159,176,176,190,237,247,247,274,274,274,286,305,305,324,338,338,338],"floor_reached":51,"campfire_rested":4,"playtime":15778,"current_hp_per_floor":[65,70,54,54,54,46,50,33,33,33,57,58,38,31,55,23,66,74,74,74,74,74,40,40,66,66,66,72,72,34,23,47,9,62,56,56,47,40,52,52,58,58,58,52,58,82,84,86,86,14],"items_purged":["Clash"],"gold":338,"score":1101,"play_id":"71dbdc84-8900-4e4a-9061-554182fd69bb","local_time":"20180425225301","is_prod":false,"is_daily":false,"chose_seed":false,"is_ascension_mode":true,"campfire_upgraded":5,"timestamp":1524714781,"path_taken":["M","M","?","?","?","E","M","E","T","?","R","M","E","?","R","BOSS","M","?","?","?","?","E","$","?","T","R","M","R","E","M","R","BOSS","M","?","M","?","M","R","E","R","T","M","M","R","M","M","R","BOSS"],"build_version":"2018-04-19","seed_source_timestamp":2012335468697944,"purchased_purges":1,"victory":true,"master_deck":["Bash","AscendersBane","Flex","Cleave","Shrug It Off","Dropkick","Battle Trance","Metallicize+1","Double Tap+1","Carnage+1","Dual Wield+1","Anger+1","Power Through","Warcry","Twin Strike+1","Heavy Blade+1","Iron Wave+1","Shockwave","Infernal Blade","Shrug It Off","Flame Barrier+1","Bludgeon+1","Flame Barrier+1","Clothesline+1","Carnage+1"],"max_hp_per_floor":[80,80,80,80,80,80,80,80,80,80,80,80,80,80,80,80,80,80,80,80,80,80,80,80,80,80,80,80,80,80,80,80,80,80,80,80,80,80,80,80,80,80,80,82,82,82,84,86,86,86],"relics":["Burning Blood","Darkstone Periapt","Du-Vu Doll","Bird Faced Urn","Molten Egg 2","Smiling Mask","Pandora\u0027s Box","Bronze Scales","Vajra","Pen Nib","Centennial Puzzle","Ice Cream","Snecko Eye","Thread and Needle","Dodecahedron","Singing Bowl"],"card_choices":[{"not_picked":["Rampage","Clothesline"],"picked":"Clash","floor":1},{"not_picked":["Havoc","Feel No Pain"],"picked":"Flex","floor":2},{"not_picked":["Armaments","Evolve"],"picked":"Cleave","floor":6},{"not_picked":["Cleave","Clothesline"],"picked":"Shrug It Off","floor":7},{"not_picked":["Perfected Strike","Havoc"],"picked":"Dropkick","floor":8},{"not_picked":["Dual Wield","Clothesline"],"picked":"Battle Trance","floor":12},{"not_picked":["Shrug It Off","Rampage"],"picked":"Metallicize","floor":13},{"not_picked":["Brutality","Dark Embrace"],"picked":"Double Tap","floor":16},{"not_picked":["Headbutt","Hemokinesis"],"picked":"Infernal Blade","floor":18},{"not_picked":["Pommel Strike","Perfected Strike"],"picked":"Shrug It Off","floor":23},{"not_picked":["Corruption","Bludgeon"],"picked":"Flame Barrier","floor":30},{"not_picked":["Brutality","Feed"],"picked":"Bludgeon","floor":33},{"not_picked":["Evolve","Rupture"],"picked":"Flame Barrier","floor":35},{"not_picked":["Iron Wave","Heavy Blade"],"picked":"Clothesline","floor":39},{"not_picked":["Body Slam","Cleave"],"picked":"Carnage","floor":45}],"player_experience":262240,"potions_floor_usage":[6,8,16,23,23,30,33,50,50,50],"damage_taken":[{"damage":13,"enemies":"2 Louse","floor":1,"turns":3},{"damage":1,"enemies":"Cultist","floor":2,"turns":3},{"damage":14,"enemies":"Lagavulin","floor":6,"turns":6},{"damage":2,"enemies":"Jaw Worm","floor":7,"turns":3},{"damage":23,"enemies":"3 Sentries","floor":8,"turns":9},{"damage":5,"enemies":"Large Slime","floor":12,"turns":5},{"damage":26,"enemies":"Gremlin Nob","floor":13,"turns":4},{"damage":15,"enemies":"Exordium Thugs","floor":14,"turns":5},{"damage":40,"enemies":"Slime Boss","floor":16,"turns":11},{"damage":0,"enemies":"3 Byrds","floor":18,"turns":4},{"damage":42,"enemies":"Gremlin Leader","floor":23,"turns":7},{"damage":0,"enemies":"Spheric Guardian","floor":28,"turns":3},{"damage":46,"enemies":"Slavers","floor":30,"turns":3},{"damage":17,"enemies":"Snake Plant","floor":31,"turns":4},{"damage":58,"enemies":"Champ","floor":33,"turns":8},{"damage":12,"enemies":"Orb Walker","floor":35,"turns":3},{"damage":15,"enemies":"3 Shapes","floor":37,"turns":5},{"damage":13,"enemies":"Mysterious Sphere","floor":38,"turns":4},{"damage":12,"enemies":"Sphere and 2 Shapes","floor":39,"turns":3},{"damage":0,"enemies":"2 Orb Walkers","floor":41,"turns":2},{"damage":16,"enemies":"4 Shapes","floor":44,"turns":3},{"damage":0,"enemies":"Maw","floor":45,"turns":4},{"damage":6,"enemies":"Sphere and 2 Shapes","floor":47,"turns":3},{"damage":0,"enemies":"3 Darklings","floor":48,"turns":3},{"damage":80,"enemies":"Awakened One","floor":50,"turns":11}],"event_choices":[{"event_name":"Shining Light","player_choice":"Entered Light","floor":3,"damage_taken":0},{"event_name":"Liars Game","player_choice":"disagreed","floor":4,"damage_taken":0},{"event_name":"Golden Wing","player_choice":"Gained Gold","floor":5,"damage_taken":0},{"event_name":"The Lab","player_choice":"Got Potions","floor":21,"damage_taken":0},{"event_name":"Drug Dealer","player_choice":"Ignored","floor":22,"damage_taken":0},{"event_name":"The Library","player_choice":"Heal","floor":25,"damage_taken":0},{"event_name":"Mysterious Sphere","player_choice":"Fight","floor":38,"damage_taken":0}],"boss_relics":[{"not_picked":["Black Star","White Beast Statue"],"picked":"Pandora\u0027s Box"},{"not_picked":["Astrolabe","Mark of Pain"],"picked":"Snecko Eye"}],"potions_floor_spawned":[1,7,13,14,28,35,38,39,47],"seed_played":"-7759277680343343038","ascension_level":11,"is_trial":false}