{"gold_per_floor":[114,132,132,151,102,115,133,133,156,173,173,173,199,218,218,322,322,342,356,70,70,87,87],"floor_reached":23,"playtime":1292,"items_purged":[],"score":195,"play_id":"9a5672e2-0111-4f22-8c30-c333ef1addcf","local_time":"20190218214842","is_ascension_mode":false,"campfire_choices":[{"data":"Genetic Algorithm","floor":8,"key":"SMITH"},{"data":"Streamline","floor":11,"key":"SMITH"},{"data":"Seek","floor":15,"key":"SMITH"}],"neow_cost":"NONE","seed_source_timestamp":328878393668200,"circlet_count":0,"master_deck":["Strike_B","Strike_B","Strike_B","Strike_B","Defend_B","Defend_B","Defend_B","Defend_B","Zap","Dualcast","Rebound","Streamline+1","Glacier","Leap","Conserve Battery","Genetic Algorithm+1","Sweeping Beam","Seek+1","Rebound","Leap","Beam Cell","Creative AI","Streamline","Self Repair","Hologram"],"relics":["Sozu","Omamori","Orichalcum","Orrery","Shuriken"],"potions_floor_usage":[],"damage_taken":[{"damage":2,"enemies":"Small Slimes","floor":1,"turns":3},{"damage":0,"enemies":"Cultist","floor":2,"turns":3},{"damage":6,"enemies":"Jaw Worm","floor":4,"turns":2},{"damage":0,"enemies":"2 Fungi Beasts","floor":6,"turns":3},{"damage":0,"enemies":"Looter","floor":7,"turns":4},{"damage":0,"enemies":"Large Slime","floor":10,"turns":6},{"damage":2,"enemies":"Lagavulin","floor":13,"turns":9},{"damage":1,"enemies":"Red Slaver","floor":14,"turns":2},{"damage":12,"enemies":"The Guardian","floor":16,"turns":15},{"damage":12,"enemies":"Spheric Guardian","floor":18,"turns":5},{"damage":20,"enemies":"2 Thieves","floor":19,"turns":4},{"damage":17,"enemies":"Cultist and Chosen","floor":22,"turns":7},{"damage":33,"enemies":"Book of Stabbing","floor":23,"turns":6}],"seed_played":"-36136521377288179","potions_obtained":[],"is_trial":false,"path_per_floor":["M","M","?","M","$","M","M","R","T","M","R","$","E","M","R","B",null,"M","M","$","?","M","E"],"character_chosen":"DEFECT","items_purchased":["Leap","Shuriken","Self Repair"],"campfire_rested":0,"item_purchase_floors":[5,20,20],"current_hp_per_floor":[73,73,73,67,67,67,67,67,67,67,67,67,65,64,64,52,75,63,43,43,43,33,0],"gold":87,"neow_bonus":"BOSS_RELIC","is_prod":false,"is_daily":false,"chose_seed":false,"campfire_upgraded":3,"win_rate":0,"timestamp":1550522922,"path_taken":["M","M","?","M","$","M","?","R","T","M","R","$","E","M","R","BOSS","M","M","$","?","M","E"],"build_version":"2019-02-06","purchased_purges":0,"victory":false,"max_hp_per_floor":[75,75,75,75,75,75,75,75,75,75,75,75,75,75,75,75,75,75,75,75,75,75,75],"card_choices":[{"not_picked":["Reprogram","Barrage"],"picked":"Rebound","floor":1},{"not_picked":["Rebound","Hello World"],"picked":"Streamline","floor":2},{"not_picked":["White Noise","Hologram"],"picked":"Glacier","floor":4},{"not_picked":["Blizzard","Gash"],"picked":"Conserve Battery","floor":6},{"not_picked":["Stack","Gash"],"picked":"Genetic Algorithm","floor":7},{"not_picked":["Coolheaded","Cold Snap"],"picked":"Sweeping Beam","floor":10},{"not_picked":["Undo","Rebound","Steam"],"picked":"SKIP","floor":13},{"not_picked":["Doom and Gloom","Hello World"],"picked":"Seek","floor":14},{"not_picked":["Steam","Lockon"],"picked":"Rebound","floor":17},{"not_picked":["Aggregate","Steam"],"picked":"Leap","floor":17},{"not_picked":["Coolheaded","Ball Lightning"],"picked":"Beam Cell","floor":17},{"not_picked":["Tempest","Leap"],"picked":"Creative AI","floor":17},{"not_picked":["Barrage+1","Chill+1"],"picked":"Streamline","floor":18},{"not_picked":["Redo","Go for the Eyes","Barrage"],"picked":"SKIP","floor":19},{"not_picked":["Reprogram","Coolheaded"],"picked":"Hologram","floor":22}],"player_experience":227825,"relics_obtained":[{"floor":9,"key":"Omamori"},{"floor":13,"key":"Orichalcum"}],"event_choices":[{"damage_healed":0,"gold_gain":0,"player_choice":"Ignored","damage_taken":0,"max_hp_gain":0,"max_hp_loss":0,"event_name":"Purifier","floor":3,"gold_loss":0},{"damage_healed":0,"gold_gain":0,"player_choice":"Smashed Altar","damage_taken":0,"max_hp_gain":0,"max_hp_loss":0,"event_name":"Forgotten Altar","floor":21,"gold_loss":0,"cards_obtained":["Decay"]}],"is_beta":true,"boss_relics":[{"not_picked":["Fusion Hammer","Runic Dome"],"picked":"Orrery"}],"items_purged_floors":[],"is_endless":false,"potions_floor_spawned":[4,10,13,14,16,19,22],"killed_by":"Book of Stabbing","ascension_level":0}