{"gold_per_floor":[111,127,127,127,143,183,183,203,203,228,299,299,323,323,323,447,447,460,375,300,300,315,358,358,378,378,378,403,403,426,426,426,547,547,570,594,594,615,915,915,936,959,1007,0,0,16,16,41,41,41],"floor_reached":50,"playtime":2275,"items_purged":[],"score":516,"play_id":"84c5abd7-53f7-4fe8-bcc5-bdd61a4780c4","local_time":"20190218123038","is_ascension_mode":false,"campfire_choices":[{"floor":7.0,"key":"REST"},{"floor":12.0,"key":"REST"},{"floor":15.0,"key":"REST"},{"floor":24,"key":"REST"},{"floor":29,"key":"REST"},{"floor":32,"key":"REST"},{"floor":40,"key":"REST"},{"floor":45,"key":"REST"},{"floor":49,"key":"REST"}],"neow_cost":"CURSE","seed_source_timestamp":0,"circlet_count":0,"master_deck":["Strike_B","Strike_B","Strike_B","Defend_B","Defend_B","Defend_B","Zap","Dualcast","Normality","Gash","Beam Cell","Injury","Rip and Tear","Parasite","Cold Snap","Cold Snap+1","Cold Snap","Leap","Sweeping Beam","Gash","Rebound","Auto Shields","Leap+1","Glacier+1","Ball Lightning","Defragment+1"],"special_seed":0,"relics":["Cracked Core","Du-Vu Doll","Golden Idol","Girya","Bottled Flame","Black Star","Symbiotic Virus","Bronze Scales","Dream Catcher","Cables","The Courier","Pocketwatch","Sozu","Omamori","Red Mask","Emotion Chip"],"potions_floor_usage":[33,33],"damage_taken":[{"damage":6.0,"enemies":"Jaw Worm","floor":1.0,"turns":3.0},{"damage":0.0,"enemies":"Small Slimes","floor":2.0,"turns":3.0},{"damage":7.0,"enemies":"2 Louse","floor":5.0,"turns":2.0},{"damage":47.0,"enemies":"3 Sentries","floor":6.0,"turns":9.0},{"damage":7.0,"enemies":"Exordium Wildlife","floor":8.0,"turns":2.0},{"damage":1.0,"enemies":"2 Fungi Beasts","floor":10.0,"turns":3.0},{"damage":11.0,"enemies":"Gremlin Nob","floor":11.0,"turns":3.0},{"damage":7.0,"enemies":"Blue Slaver","floor":13.0,"turns":3.0},{"damage":66.0,"enemies":"Hexaghost","floor":16.0,"turns":9.0},{"damage":15.0,"enemies":"Chosen","floor":18.0,"turns":4.0},{"damage":15.0,"enemies":"3 Byrds","floor":22.0,"turns":2.0},{"damage":41.0,"enemies":"Slavers","floor":23.0,"turns":4.0},{"damage":4,"enemies":"Snecko","floor":25,"turns":5},{"damage":11,"enemies":"3 Cultists","floor":28,"turns":6},{"damage":8,"enemies":"Shelled Parasite and Fungi","floor":30,"turns":3},{"damage":26,"enemies":"Collector","floor":33,"turns":10},{"damage":8,"enemies":"Orb Walker","floor":35,"turns":3},{"damage":34,"enemies":"3 Darklings","floor":36,"turns":4},{"damage":43,"enemies":"Writhing Mass","floor":38,"turns":7},{"damage":10,"enemies":"Jaw Worm Horde","floor":41,"turns":3},{"damage":8,"enemies":"Transient","floor":42,"turns":5},{"damage":22,"enemies":"4 Shapes","floor":46,"turns":5},{"damage":0,"enemies":"Writhing Mass","floor":48,"turns":7},{"damage":46,"enemies":"Awakened One","floor":50,"turns":12}],"seed_played":"8778318181644656635","potions_obtained":[{"floor":2.0,"key":"Explosive Potion"},{"floor":5.0,"key":"FocusPotion"},{"floor":8.0,"key":"Fire Potion"},{"floor":22.0,"key":"AttackPotion"},{"floor":25,"key":"Poison Potion"},{"floor":28,"key":"FairyPotion"}],"is_trial":false,"path_per_floor":["M","M","?","?","M","E","R","M","T","M","?","R","M","?","R","B",null,"M","?","?","?","M","E","R","M","T","T","M","R","M","?","R","B",null,"M","M","?","M","?","R","M","M","T","?","R","M","T","M","R","B"],"character_chosen":"DEFECT","items_purchased":[],"campfire_rested":9,"item_purchase_floors":[],"current_hp_per_floor":[69,69,69,69,62,15,37,30,30,29,18,40,33,51,73,7,75,60,60,60,60,45,4,26,22,22,22,11,33,25,25,47,21,75,67,33,66,23,23,42,32,24,24,24,43,21,21,21,40,0],"gold":41,"neow_bonus":"ONE_RARE_RELIC","is_prod":false,"is_daily":false,"chose_seed":false,"campfire_upgraded":0,"win_rate":0,"timestamp":1550489438,"path_taken":["M","M","?","?","M","E","R","M","T","M","?","R","M","?","R","BOSS","M","?","?","?","M","E","R","M","T","?","M","R","M","?","R","BOSS","M","M","?","M","?","R","?","M","T","?","R","M","?","M","R","BOSS"],"build_version":"2019-02-06","purchased_purges":0,"victory":false,"max_hp_per_floor":[75,75,75,75,75,75,75,75,75,75,75,75,75,75,75,75,75,75,75,75,75,75,75,75,75,75,75,75,75,75,75,75,75,75,75,75,66,66,66,66,66,66,66,66,66,66,66,66,66,66],"card_choices":[{"not_picked":["Stack","Streamline"],"picked":"Gash","floor":1.0},{"not_picked":["Streamline","Skim"],"picked":"Beam Cell","floor":2.0},{"not_picked":["Recycle","Rebound","Consume"],"picked":"SKIP","floor":5.0},{"not_picked":["Hologram","Sweeping Beam"],"picked":"Rip and Tear","floor":6.0},{"not_picked":["Ball Lightning","Rainbow","Conserve Battery"],"picked":"SKIP","floor":8.0},{"not_picked":["Streamline","Stack","Rebound"],"picked":"SKIP","floor":10.0},{"not_picked":["Doom and Gloom","Consume","Compile Driver"],"picked":"SKIP","floor":13.0},{"not_picked":["Stack","Skim","Streamline+1"],"picked":"SKIP","floor":18.0},{"not_picked":["Static Discharge","Conserve Battery"],"picked":"Cold Snap","floor":22.0},{"not_picked":["Auto Shields","Barrage"],"picked":"Cold Snap+1","floor":23.0},{"not_picked":["Steam","Redo"],"picked":"Cold Snap","floor":24},{"not_picked":["Turbo","Beam Cell+1"],"picked":"Leap","floor":25},{"not_picked":["Creative AI","Heatsinks"],"picked":"Sweeping Beam","floor":28},{"not_picked":["Blizzard","Beam Cell"],"picked":"Gash","floor":30},{"not_picked":["Darkness","Seek"],"picked":"Rebound","floor":32},{"not_picked":["Double Energy","Conserve Battery"],"picked":"Auto Shields","floor":35},{"not_picked":["Barrage","Hologram"],"picked":"Leap+1","floor":36},{"not_picked":["Streamline+1","Stack+1"],"picked":"Glacier+1","floor":38},{"not_picked":["Blizzard","Go for the Eyes","Double Energy"],"picked":"SKIP","floor":41},{"not_picked":["Turbo","Coolheaded","Reboot"],"picked":"SKIP","floor":42},{"not_picked":["Storm","Blizzard"],"picked":"Ball Lightning","floor":45},{"not_picked":["Coolheaded+1","Darkness"],"picked":"Defragment+1","floor":46},{"not_picked":["Skim+1","Undo+1","Rip and Tear"],"picked":"SKIP","floor":48}],"player_experience":221772,"relics_obtained":[{"floor":6.0,"key":"Girya"},{"floor":11.0,"key":"Bottled Flame"},{"floor":23.0,"key":"Dream Catcher"},{"floor":23.0,"key":"Cables"},{"floor":26,"key":"The Courier"},{"floor":27,"key":"Pocketwatch"},{"floor":43,"key":"Omamori"},{"floor":47,"key":"Emotion Chip"}],"event_choices":[{"cards_removed":["Strike_B"],"damage_healed":0.0,"max_hp_gain":0.0,"max_hp_loss":0.0,"gold_gain":0.0,"event_name":"Living Wall","player_choice":"Forget","floor":3.0,"gold_loss":0.0,"damage_taken":0.0},{"damage_healed":0.0,"max_hp_gain":0.0,"max_hp_loss":0.0,"gold_gain":0.0,"event_name":"Golden Idol","player_choice":"Take Wound","floor":4.0,"gold_loss":0.0,"damage_taken":0.0,"relics_obtained":["Golden Idol"],"cards_obtained":["Injury"]},{"damage_healed":0.0,"max_hp_gain":0.0,"max_hp_loss":0.0,"gold_gain":0.0,"event_name":"Dead Adventurer","player_choice":"Searched \u00271\u0027 times","floor":11.0,"gold_loss":0.0,"damage_taken":0.0},{"damage_healed":18.0,"max_hp_gain":0.0,"max_hp_loss":0.0,"gold_gain":0.0,"event_name":"Mushrooms","player_choice":"Healed and dodged fight","floor":14.0,"gold_loss":0.0,"damage_taken":0.0,"cards_obtained":["Parasite"]},{"damage_healed":0.0,"max_hp_gain":0.0,"max_hp_loss":0.0,"gold_gain":0.0,"event_name":"Addict","player_choice":"Obtained Relic","floor":19.0,"gold_loss":85.0,"damage_taken":0.0,"relics_obtained":["Symbiotic Virus"]},{"cards_removed":["Defend_B"],"damage_healed":0.0,"max_hp_gain":0.0,"max_hp_loss":0.0,"gold_gain":0.0,"event_name":"Beggar","player_choice":"Gave Gold","floor":20.0,"gold_loss":75.0,"damage_taken":0.0},{"damage_healed":0.0,"max_hp_gain":0.0,"max_hp_loss":0.0,"gold_gain":0.0,"event_name":"The Mausoleum","player_choice":"Opened","floor":21.0,"gold_loss":0.0,"damage_taken":0.0,"relics_obtained":["Bronze Scales"]},{"damage_healed":0,"gold_gain":0,"player_choice":"Ignored","damage_taken":0,"max_hp_gain":0,"max_hp_loss":0,"event_name":"Ghosts","floor":31,"gold_loss":0},{"damage_healed":66,"gold_gain":0,"player_choice":"Heal","damage_taken":0,"max_hp_gain":0,"max_hp_loss":9,"event_name":"The Moai Head","floor":37,"gold_loss":0},{"damage_healed":0,"gold_gain":300,"player_choice":"Gold","damage_taken":0,"max_hp_gain":0,"max_hp_loss":0,"event_name":"Wheel of Change","floor":39,"gold_loss":0},{"damage_healed":0,"gold_gain":0,"player_choice":"Paid","damage_taken":0,"relics_obtained":["Red Mask"],"max_hp_gain":0,"max_hp_loss":0,"event_name":"Tomb of Lord Red Mask","floor":44,"gold_loss":1007}],"is_beta":true,"boss_relics":[{"not_picked":["Tiny House","Nuclear Battery"],"picked":"Black Star"},{"not_picked":["Fusion Hammer","Empty Cage"],"picked":"Sozu"}],"items_purged_floors":[],"is_endless":false,"potions_floor_spawned":[2,5,8,11,22,25,28,35,36,41],"killed_by":"Awakened One","ascension_level":0}