{"path_per_floor":["M","M","M","M","M","R","?","E","T","M","E","R","M","E","R","B",null,"M","M","M","M","?","R","E","R","T","?","R","E","M","$","R","B",null,"M","M","M","?","?","R","E","?","T","R","M","E","R","M","R","B"],"character_chosen":"IRONCLAD","items_purchased":["Matryoshka"],"gold_per_floor":[115,128,148,164,177,177,177,208,233,251,276,276,288,317,317,412,412,367,367,367,367,367,367,367,367,367,367,367,367,367,42,42,42,42,42,42,42,42,42,42,42,0,0,0,0,0,0,0,0,0],"floor_reached":51,"campfire_rested":2,"playtime":4051,"current_hp_per_floor":[80,80,80,57,48,48,41,36,36,33,40,40,45,36,36,15,80,71,76,45,48,48,48,28,52,62,46,46,74,60,60,60,62,93,74,81,96,80,80,80,86,86,86,86,88,76,76,79,96,88],"items_purged":["Strike_R"],"gold":0,"score":594,"play_id":"6f8b0c74-9ff4-40f0-88ac-6bc7933eaebc","is_prod":false,"is_daily":false,"is_ascension_mode":false,"campfire_upgraded":9,"path_taken":["M","M","M","M","M","R","?","E","T","M","E","R","M","E","R","BOSS","M","M","M","M","?","R","E","R","T","?","R","E","?","$","R","BOSS","M","M","M","?","?","R","E","?","T","R","M","E","R","M","R","BOSS"],"build_version":"2018-02-08-PROD1","purchased_purges":1,"victory":true,"master_deck":["Strike_R","Strike_R","Defend_R","Defend_R","Bash+1","Inflame+1","Thunderclap","Iron Wave+1","Iron Wave+1","Anger","Sword Boomerang","Reaper","Metallicize+1","Spot Weakness+1","Clash","Barricade+1","Infernal Blade","Armaments+1","Iron Wave+1","Flex+1","Sword Boomerang+1","Reckless Charge","Spot Weakness+1","Offering+1","Rampage+1","Clothesline+1","Uppercut+1","Berserk","Intimidate+1","Body Slam+1","Infernal Blade+1"],"max_hp_per_floor":[80,80,80,80,80,80,80,80,80,80,80,80,80,80,80,80,80,80,80,80,80,80,80,80,80,90,90,90,90,90,90,90,93,93,93,96,96,96,96,96,96,96,96,96,96,96,96,96,96,96],"relics":["Burning Blood","Omamori","Dream Catcher","Ancient Tea Set","Happy Flower","Ectoplasm","Darkstone Periapt","Pear","Nilry\u0027s Codex","Kunai","Matryoshka","Astrolabe","Ginger","Anchor","Red Mask","Regal Pillow","Ornamental Fan","Centennial Puzzle"],"card_choices":[{"not_picked":["Sword Boomerang","Headbutt"],"picked":"Inflame"},{"not_picked":["Sword Boomerang","Cleave"],"picked":"Thunderclap"},{"not_picked":["Cleave","Thunderclap"],"picked":"Iron Wave"},{"not_picked":["Sever Soul","Dual Wield"],"picked":"Iron Wave"},{"not_picked":["Seeing Red","Cleave"],"picked":"Anger"},{"not_picked":["Burning Pact","Infernal Blade"],"picked":"Sword Boomerang"},{"not_picked":["Body Slam","Cleave"],"picked":"Reaper"},{"not_picked":["Uppercut","Heavy Blade"],"picked":"Metallicize"},{"not_picked":["Body Slam","Clothesline"],"picked":"Spot Weakness"},{"not_picked":["Thunderclap","Battle Trance"],"picked":"Clash"},{"not_picked":["Bludgeon","Juggernaut"],"picked":"Barricade"},{"not_picked":["Uppercut","Clothesline"],"picked":"Infernal Blade"},{"not_picked":["Pommel Strike","Shrug It Off"],"picked":"Armaments"},{"not_picked":["Shrug It Off","Rupture"],"picked":"Iron Wave"},{"not_picked":["Infernal Blade","Intimidate"],"picked":"Flex"},{"not_picked":["Corruption","Bloodletting"],"picked":"Sword Boomerang"},{"not_picked":["Clash","Flex"],"picked":"Reckless Charge"},{"not_picked":["Flex","Twin Strike"],"picked":"Clothesline"},{"not_picked":["Clash","Shrug It Off"],"picked":"Uppercut"},{"not_picked":["Reckless Charge","Headbutt"],"picked":"Berserk"},{"not_picked":["Shrug It Off","Thunderclap"],"picked":"Intimidate"},{"not_picked":["Headbutt","Thunderclap"],"picked":"Body Slam"},{"not_picked":["Intimidate","Shrug It Off"],"picked":"Infernal Blade"}],"player_experience":28053,"potions_floor_usage":[38,50,50,50],"damage_taken":[{"damage":5.0,"enemies":"Jaw Worm","floor":1.0,"turns":4.0},{"damage":1.0,"enemies":"Cultist","floor":2.0,"turns":3.0},{"damage":2.0,"enemies":"Small Slimes","floor":3.0,"turns":4.0},{"damage":29.0,"enemies":"Exordium Thugs","floor":4.0,"turns":6.0},{"damage":15.0,"enemies":"Red Slaver","floor":5.0,"turns":6.0},{"damage":11.0,"enemies":"Lagavulin","floor":8.0,"turns":6.0},{"damage":9.0,"enemies":"3 Louse","floor":10.0,"turns":3.0},{"damage":20.0,"enemies":"3 Sentries","floor":11.0,"turns":6.0},{"damage":1.0,"enemies":"Looter","floor":13.0,"turns":2.0},{"damage":19.0,"enemies":"Gremlin Nob","floor":14.0,"turns":4.0},{"damage":33.0,"enemies":"The Guardian","floor":16.0,"turns":8.0},{"damage":15.0,"enemies":"2 Thieves","floor":18.0,"turns":3.0},{"damage":11.0,"enemies":"Chosen","floor":19.0,"turns":4.0},{"damage":41.0,"enemies":"Sentry and Sphere","floor":20.0,"turns":8.0},{"damage":17.0,"enemies":"Centurion and Healer","floor":21.0,"turns":5.0},{"damage":40.0,"enemies":"Slavers","floor":24.0,"turns":4.0},{"damage":16.0,"enemies":"Gremlin Leader","floor":29.0,"turns":10.0},{"damage":40.0,"enemies":"3 Cultists","floor":30.0,"turns":7.0},{"damage":11.0,"enemies":"Champ","floor":33.0,"turns":11.0},{"damage":47.0,"enemies":"3 Shapes","floor":35.0,"turns":4.0},{"damage":13,"enemies":"3 Darklings","floor":36,"turns":4},{"damage":18,"enemies":"4 Shapes","floor":37,"turns":4},{"damage":22,"enemies":"Mysterious Sphere","floor":38,"turns":3},{"damage":6,"enemies":"Nemesis","floor":41,"turns":7},{"damage":4,"enemies":"Sphere and 2 Shapes","floor":45,"turns":3},{"damage":18,"enemies":"Giant Head","floor":46,"turns":6},{"damage":3,"enemies":"Maw","floor":48,"turns":5},{"damage":30,"enemies":"Time Eater","floor":50,"turns":8}],"event_choices":[{"event_name":"Golden Wing","player_choice":"Card Removal","floor":7.0,"damage_taken":0.0},{"event_name":"Upgrade Shrine","player_choice":"Upgraded","floor":22.0,"damage_taken":0.0},{"event_name":"Cursed Tome","player_choice":"Obtained Book","floor":27.0,"damage_taken":0.0},{"event_name":"Mysterious Sphere","player_choice":"Fight","floor":38,"damage_taken":0},{"event_name":"The Lab","player_choice":"Got Potions","floor":39,"damage_taken":0},{"event_name":"Tomb of Lord Red Mask","player_choice":"Paid","floor":42,"damage_taken":0}],"boss_relics":[],"potions_floor_spawned":[1,3,5,11,20,21,30,33,37,38,41],"seed_played":"-2544963188347894479","ascension_level":0,"is_trial":false}