{"gold_per_floor":[164,164,180,144,144,144,173,173,173,203,218,218,218,181,181,285,285,297,247,267,279,279,279,279,279,279,279,290,290,305,305,305,409,409,422,108,124,144,144,144,144,156,156,156,64,64,64,81,81,81],"floor_reached":51,"playtime":3806,"items_purged":[],"score":751,"play_id":"30834a45-6a9c-48ac-be10-7e590d22e6b1","local_time":"20181201185311","is_ascension_mode":true,"campfire_choices":[{"data":"Dualcast","floor":6.0,"key":"SMITH"},{"floor":8.0,"key":"REST"},{"data":"Redo","floor":12.0,"key":"SMITH"},{"data":"Consume","floor":15.0,"key":"SMITH"},{"floor":23.0,"key":"REST"},{"data":"Go for the Eyes","floor":25.0,"key":"SMITH"},{"floor":27.0,"key":"REST"},{"floor":32.0,"key":"REST"},{"floor":40,"key":"REST"},{"data":"Seek","floor":44,"key":"SMITH"},{"data":"Redo","floor":47,"key":"SMITH"},{"floor":49,"key":"REST"}],"neow_cost":"NONE","seed_source_timestamp":255053621327848,"circlet_count":0,"master_deck":["Strike_B+1","Strike_B+1","Strike_B+1","Defend_B+1","Defend_B+1","Defend_B+1","Defend_B+1","Zap+1","Dualcast+1","Leap+1","Conserve Battery+1","Doom and Gloom","Consume+1","Go for the Eyes+1","Hologram","Redo+1","FTL","Seek+1","Melter+1","Machine Learning","Stack","Cold Snap+1","Panacea","Redo+1","Coolheaded","Steam"],"special_seed":0,"relics":["Tiny House","Mercury Hourglass","Ancient Tea Set","Bronze Scales","Pantograph","Bird Faced Urn","Inserter","Shuriken","Busted Crown","Incense Burner","Ornamental Fan","Boot"],"potions_floor_usage":[33,50],"damage_taken":[{"damage":5.0,"enemies":"Cultist","floor":1.0,"turns":4.0},{"damage":0.0,"enemies":"Small Slimes","floor":3.0,"turns":4.0},{"damage":43.0,"enemies":"Gremlin Nob","floor":7.0,"turns":5.0},{"damage":5.0,"enemies":"Lagavulin","floor":10.0,"turns":5.0},{"damage":0.0,"enemies":"Jaw Worm","floor":11.0,"turns":3.0},{"damage":26.0,"enemies":"Slime Boss","floor":16.0,"turns":7.0},{"damage":27.0,"enemies":"2 Thieves","floor":18.0,"turns":3.0},{"damage":25.0,"enemies":"Chosen","floor":20.0,"turns":5.0},{"damage":28.0,"enemies":"Centurion and Healer","floor":21.0,"turns":8.0},{"damage":0.0,"enemies":"Chosen and Byrds","floor":28.0,"turns":4.0},{"damage":12.0,"enemies":"Colosseum Slavers","floor":29.0,"turns":3.0},{"damage":18.0,"enemies":"Snake Plant","floor":30.0,"turns":3.0},{"damage":94,"enemies":"Champ","floor":33,"turns":10},{"damage":38,"enemies":"3 Darklings","floor":35,"turns":4},{"damage":15,"enemies":"3 Shapes","floor":37,"turns":5},{"damage":1,"enemies":"Jaw Worm Horde","floor":38,"turns":4},{"damage":10,"enemies":"3 Darklings","floor":42,"turns":4},{"damage":0,"enemies":"Spire Growth","floor":48,"turns":5},{"damage":67,"enemies":"Donu and Deca","floor":50,"turns":12}],"seed_played":"-6255174212921748900","potions_obtained":[{"floor":0.0,"key":"SkillPotion"},{"floor":1.0,"key":"Regen Potion"},{"floor":10.0,"key":"SteroidPotion"},{"floor":11.0,"key":"FairyPotion"},{"floor":20.0,"key":"Block Potion"},{"floor":21.0,"key":"GamblersBrew"},{"floor":30.0,"key":"FairyPotion"},{"floor":33,"key":"SteroidPotion"},{"floor":35,"key":"FairyPotion"},{"floor":42,"key":"Block Potion"}],"is_trial":false,"path_per_floor":["M","?","M","$","?","R","E","R","T","E","M","R","T","$","R","B",null,"M","?","M","M","?","R","?","R","T","R","M","?","M","?","R","B",null,"M","$","M","M","?","R","?","M","T","R","$","T","R","M","R","B",null],"character_chosen":"DEFECT","items_purchased":["Consume","FTL","Incense Burner","Stack","Coolheaded","Steam"],"campfire_rested":6,"item_purchase_floors":[4,14,36,36,45,45],"current_hp_per_floor":[75,59,59,59,41,41,12,36,36,31,31,31,31,31,31,30,80,53,53,28,8,8,32,32,32,32,56,56,44,26,26,50,8,80,42,42,29,28,28,52,52,44,44,44,44,44,44,46,70,15],"gold":81,"neow_bonus":"BOSS_RELIC","is_prod":false,"is_daily":false,"chose_seed":false,"campfire_upgraded":6,"win_rate":0,"timestamp":1543657991,"path_taken":["M","?","M","$","?","R","E","R","T","E","M","R","?","$","R","BOSS","M","?","?","M","?","R","?","R","T","R","M","?","M","?","R","BOSS","M","$","M","M","?","R","?","?","T","R","?","?","R","M","R","BOSS"],"build_version":"2018-11-15","purchased_purges":0,"victory":true,"max_hp_per_floor":[80,80,80,80,80,80,80,80,80,80,80,80,80,80,80,80,80,80,80,80,80,80,80,80,80,80,80,80,80,80,80,80,80,80,80,80,80,80,80,80,80,80,80,80,80,80,80,80,80,80],"card_choices":[{"not_picked":["Fusion","Beam Cell"],"picked":"Leap","floor":0.0},{"not_picked":["Sweeping Beam","Barrage"],"picked":"Conserve Battery","floor":1.0},{"not_picked":["Turbo","Compile Driver"],"picked":"Doom and Gloom","floor":3.0},{"not_picked":["Rebound","Undo"],"picked":"Go for the Eyes","floor":7.0},{"not_picked":["Go for the Eyes","Darkness"],"picked":"Hologram","floor":10.0},{"not_picked":["Compile Driver","Stack"],"picked":"Redo","floor":11.0},{"not_picked":["Core Surge","Multi-Cast"],"picked":"Seek","floor":16.0},{"not_picked":["Recycle","Gash","Genetic Algorithm"],"picked":"SKIP","floor":18.0},{"not_picked":["Static Discharge","Barrage","Beam Cell"],"picked":"SKIP","floor":20.0},{"not_picked":["Beam Cell","Redo","Steam"],"picked":"SKIP","floor":21.0},{"not_picked":["Barrage","Reprogram+1"],"picked":"Melter+1","floor":28.0},{"not_picked":["Redo","Thunder Strike","Melter"],"picked":"SKIP","floor":30.0},{"not_picked":["Hyperbeam","Fission"],"picked":"Machine Learning","floor":33},{"not_picked":["Genetic Algorithm"],"picked":"SKIP","floor":35},{"not_picked":[],"picked":"Cold Snap+1","floor":37},{"not_picked":["Recycle+1"],"picked":"SKIP","floor":38},{"not_picked":[],"picked":"Panacea","floor":39},{"not_picked":["Sweeping Beam"],"picked":"SKIP","floor":42},{"not_picked":["Auto Shields"],"picked":"SKIP","floor":48}],"player_experience":143681,"relics_obtained":[{"floor":7.0,"key":"Ancient Tea Set"},{"floor":9.0,"key":"Bronze Scales"},{"floor":10.0,"key":"Pantograph"},{"floor":13.0,"key":"Bird Faced Urn"},{"floor":26.0,"key":"Shuriken"},{"floor":43,"key":"Ornamental Fan"},{"floor":46,"key":"Boot"}],"event_choices":[{"damage_healed":0.0,"max_hp_gain":0.0,"max_hp_loss":0.0,"gold_gain":0.0,"event_name":"Shining Light","player_choice":"Entered Light","floor":2.0,"gold_loss":0.0,"damage_taken":16.0,"cards_upgraded":["Conserve Battery","Leap"]},{"damage_healed":0.0,"max_hp_gain":0.0,"max_hp_loss":0.0,"gold_gain":0.0,"event_name":"Scrap Ooze","player_choice":"Success","floor":5.0,"gold_loss":0.0,"damage_taken":18.0,"relics_obtained":["Mercury Hourglass"]},{"damage_healed":0.0,"max_hp_gain":0.0,"max_hp_loss":0.0,"gold_gain":0.0,"event_name":"The Joust","player_choice":"Bet on Owner","floor":19.0,"gold_loss":50.0,"damage_taken":0.0},{"damage_healed":0.0,"max_hp_gain":0.0,"max_hp_loss":0.0,"gold_gain":0.0,"event_name":"Cursed Tome","player_choice":"Ignored","floor":22.0,"gold_loss":0.0,"damage_taken":0.0},{"damage_healed":0.0,"max_hp_gain":0.0,"max_hp_loss":0.0,"gold_gain":0.0,"event_name":"Beggar","player_choice":"Ignored","floor":24.0,"gold_loss":0.0,"damage_taken":0.0},{"damage_healed":0.0,"max_hp_gain":0.0,"max_hp_loss":0.0,"gold_gain":0.0,"event_name":"Colosseum","player_choice":"Fight","floor":29.0,"gold_loss":0.0,"damage_taken":0.0},{"damage_healed":0.0,"max_hp_gain":0.0,"max_hp_loss":0.0,"gold_gain":0.0,"event_name":"Colosseum","player_choice":"Fled From Nobs","floor":29.0,"gold_loss":0.0,"damage_taken":0.0},{"damage_healed":0.0,"max_hp_gain":0.0,"max_hp_loss":0.0,"gold_gain":0.0,"event_name":"Back to Basics","player_choice":"Simplicity","floor":31.0,"gold_loss":0.0,"damage_taken":0.0,"cards_upgraded":["Strike_B","Strike_B","Strike_B","Strike_B","Defend_B","Defend_B","Defend_B","Defend_B"]},{"damage_healed":0,"gold_gain":0,"player_choice":"Memory 1","damage_taken":0,"max_hp_gain":0,"max_hp_loss":0,"event_name":"SensoryStone","floor":39,"gold_loss":0},{"damage_healed":0,"gold_gain":0,"cards_transformed":["Strike_B"],"player_choice":"Transformed","damage_taken":0,"max_hp_gain":0,"max_hp_loss":0,"event_name":"Transmorgrifier","floor":41,"gold_loss":0,"cards_obtained":["Redo"]}],"is_beta":false,"boss_relics":[{"not_picked":["Runic Dome","Philosopher\u0027s Stone"],"picked":"Inserter"},{"not_picked":["Astrolabe","Snecko Eye"],"picked":"Busted Crown"}],"items_purged_floors":[],"is_endless":false,"potions_floor_spawned":[1,10,11,20,21,30,33,35,42],"ascension_level":4}