{"gold_per_floor":[118,132,143,218,6,6,39,53,53,53],"floor_reached":10,"playtime":313,"items_purged":[],"score":109,"play_id":"f90e4430-f8ca-4053-ad2d-a0df5c051f90","local_time":"20180928130132","is_ascension_mode":true,"campfire_choices":[{"data":"Noxious Fumes","floor":6,"key":"SMITH"}],"neow_cost":"NONE","seed_source_timestamp":413805883726990,"circlet_count":0,"master_deck":["Defend_G","Defend_G","Defend_G","Defend_G","Defend_G","Strike_G","Strike_G","Strike_G","Strike_G","Strike_G","Survivor","Neutralize","AscendersBane","Flechettes","Noxious Fumes+1","Quick Slash","Sucker Punch","Crippling Poison"],"relics":["Runic Dome","Membership Card","Bottled Tornado","Toxic Egg 2"],"potions_floor_usage":[8],"damage_taken":[{"damage":4,"enemies":"Small Slimes","floor":1,"turns":5},{"damage":0,"enemies":"2 Louse","floor":2,"turns":4},{"damage":2,"enemies":"Cultist","floor":3,"turns":4},{"damage":28,"enemies":"Gremlin Nob","floor":7,"turns":5},{"damage":16,"enemies":"Exordium Thugs","floor":8,"turns":4},{"damage":6,"enemies":"Blue Slaver","floor":10,"turns":4}],"seed_played":"1691452554156288987","potions_obtained":[{"floor":1,"key":"Dexterity Potion"},{"floor":7,"key":"GhostInAJar"}],"is_trial":false,"path_per_floor":["M","M","M","?","$","R","E","M","T"],"character_chosen":"THE_SILENT","items_purchased":["Membership Card","Sucker Punch"],"campfire_rested":0,"item_purchase_floors":[5,5],"current_hp_per_floor":[59,59,57,46,46,46,18,2,2,0],"gold":53,"neow_bonus":"BOSS_RELIC","is_prod":false,"is_daily":false,"chose_seed":false,"campfire_upgraded":1,"win_rate":0,"timestamp":1538154092,"path_taken":["M","M","M","?","$","R","E","M","T","M"],"build_version":"2018-09-27","purchased_purges":0,"victory":false,"max_hp_per_floor":[70,70,70,70,70,70,70,70,70,70],"card_choices":[{"not_picked":["Distraction","Deflect"],"picked":"Flechettes","floor":1},{"not_picked":["Outmaneuver","Accuracy"],"picked":"Noxious Fumes","floor":2},{"not_picked":["Caltrops","Dodge and Roll"],"picked":"Quick Slash","floor":3},{"not_picked":["Sucker Punch","Grand Finale","Slice"],"picked":"SKIP","floor":7},{"not_picked":["Underhanded Strike","Choke"],"picked":"Crippling Poison","floor":8}],"player_experience":507482,"relics_obtained":[{"floor":7,"key":"Bottled Tornado"},{"floor":9,"key":"Toxic Egg 2"}],"event_choices":[{"event_name":"World of Goop","player_choice":"Gather Gold","floor":4,"damage_taken":0}],"is_beta":false,"boss_relics":[],"items_purged_floors":[],"is_endless":false,"potions_floor_spawned":[1,7],"killed_by":"Blue Slaver","ascension_level":12}