{"gold_per_floor":[116,116,116,129,129,129,155,155,155,189,204,204,216,60,60,138,188,202,202,222,238,252,278,278,293,375,375,375,388,313,313],"floor_reached":31,"playtime":1216,"items_purged":[],"score":501,"play_id":"da21c80b-8f66-4fac-8392-a51fecd37443","local_time":"20180826171832","is_ascension_mode":true,"campfire_choices":[{"data":"Zap","floor":6,"key":"SMITH"},{"floor":8,"key":"REST"},{"data":"Genetic Algorithm","floor":12,"key":"SMITH"},{"floor":15,"key":"REST"},{"floor":24,"key":"REST"},{"floor":28,"key":"REST"}],"neow_cost":"NONE","seed_source_timestamp":271038943998857,"circlet_count":0,"master_deck":["Defend_B","Defend_B+1","Defend_B+1","Zap+1","Dualcast","AscendersBane","FTL+1","Redo","Sweeping Beam","Rip and Tear","Melter","Genetic Algorithm+1","Electrodynamics","All For One","Hologram","Bite","Bite","Bite","Bite","Auto Shields","Static Discharge","Compile Driver","Echo Form","Capacitor+1"],"relics":["Cracked Core","Singing Bowl","Dream Catcher","Anchor","Tiny House","Bird Faced Urn","Shuriken"],"potions_floor_usage":[7,16,23,23,29,31],"damage_taken":[{"damage":0,"enemies":"2 Louse","floor":1,"turns":3},{"damage":10,"enemies":"Small Slimes","floor":4,"turns":3},{"damage":8,"enemies":"Gremlin Nob","floor":7,"turns":3},{"damage":16,"enemies":"3 Sentries","floor":10,"turns":6},{"damage":4,"enemies":"Jaw Worm","floor":11,"turns":2},{"damage":8,"enemies":"3 Louse","floor":13,"turns":3},{"damage":42,"enemies":"The Guardian","floor":16,"turns":11},{"damage":19,"enemies":"Shell Parasite","floor":18,"turns":6},{"damage":15,"enemies":"3 Byrds","floor":20,"turns":3},{"damage":21,"enemies":"Snecko","floor":21,"turns":4},{"damage":19,"enemies":"3 Cultists","floor":22,"turns":4},{"damage":34,"enemies":"Gremlin Leader","floor":23,"turns":6},{"damage":31,"enemies":"Snake Plant","floor":25,"turns":4},{"damage":39,"enemies":"Snecko","floor":29,"turns":6},{"damage":21,"enemies":"Sentry and Sphere","floor":31,"turns":2}],"seed_played":"8165430595368297506","potions_obtained":[{"floor":4,"key":"GamblersBrew"},{"floor":10,"key":"GamblersBrew"},{"floor":11,"key":"SpeedPotion"},{"floor":17,"key":"Strength Potion"},{"floor":23,"key":"Energy Potion"},{"floor":29,"key":"PowerPotion"}],"is_trial":false,"path_per_floor":["M","?","?","M","?","R","E","R","T","E","M","R","M","$","R","B",null,"M","?","M","M","M","E","R","M","T","?","R","M","?"],"character_chosen":"DEFECT","items_purchased":["Anchor"],"campfire_rested":4,"item_purchase_floors":[14],"current_hp_per_floor":[64,69,69,59,44,44,36,58,58,42,40,40,34,34,58,18,70,53,53,46,41,28,6,33,10,10,10,37,4,4,0],"gold":313,"neow_bonus":"TRANSFORM_CARD","is_prod":false,"is_daily":false,"chose_seed":false,"campfire_upgraded":2,"win_rate":0,"timestamp":1535318312,"path_taken":["M","?","?","M","?","R","E","R","T","E","M","R","M","$","R","BOSS","M","?","M","M","M","E","R","?","T","?","R","M","?","?"],"build_version":"2018-08-23v2","purchased_purges":0,"victory":false,"max_hp_per_floor":[71,76,76,76,76,76,76,76,76,76,76,76,76,76,78,78,85,85,85,85,87,89,91,91,91,91,91,91,91,91,91],"card_choices":[{"not_picked":["Streamline","Beam Cell"],"picked":"Redo","floor":1},{"not_picked":["Lockon","Melter"],"picked":"Sweeping Beam","floor":4},{"not_picked":["Sweeping Beam","Redo"],"picked":"Rip and Tear","floor":7},{"not_picked":["Streamline","Barrage"],"picked":"Melter","floor":10},{"not_picked":["Reinforced Body","Melter"],"picked":"Genetic Algorithm","floor":11},{"not_picked":["Sweeping Beam","White Noise"],"picked":"Electrodynamics","floor":13},{"not_picked":["Turbo","Consume","Darkness"],"picked":"Singing Bowl","floor":15},{"not_picked":["Multi-Cast","Rainbow"],"picked":"All For One","floor":16},{"not_picked":["Aggregate","Sweeping Beam","Rebound"],"picked":"Singing Bowl","floor":17},{"not_picked":["Melter","Blizzard"],"picked":"Hologram","floor":18},{"not_picked":["Gash","Undo"],"picked":"Auto Shields","floor":20},{"not_picked":["Scrape","Chaos","Cold Snap"],"picked":"Singing Bowl","floor":21},{"not_picked":["Steam Power","Double Energy","Rebound"],"picked":"Singing Bowl","floor":22},{"not_picked":["Steam Power","Steam","Tempest+1"],"picked":"Singing Bowl","floor":23},{"not_picked":["Stack","Sweeping Beam"],"picked":"Static Discharge","floor":24},{"not_picked":["Sweeping Beam","Turbo"],"picked":"Compile Driver","floor":25},{"not_picked":["Storm","Scrape"],"picked":"Echo Form","floor":28},{"not_picked":["Gash+1","Aggregate+1"],"picked":"Capacitor+1","floor":29}],"player_experience":479951,"relics_obtained":[{"floor":7,"key":"Singing Bowl"},{"floor":9,"key":"Dream Catcher"},{"floor":10,"key":"Blood Vial"},{"floor":23,"key":"Bird Faced Urn"},{"floor":26,"key":"Shuriken"}],"event_choices":[{"event_name":"Big Fish","player_choice":"Donut","floor":2,"damage_taken":0},{"event_name":"Liars Game","player_choice":"disagreed","floor":3,"damage_taken":0},{"event_name":"Shining Light","player_choice":"Entered Light","floor":5,"damage_taken":0},{"event_name":"Vampires","player_choice":"Became a vampire (Vial)","floor":19,"damage_taken":0},{"event_name":"Wheel of Change","player_choice":"Card Removal","floor":27,"damage_taken":0},{"event_name":"Beggar","player_choice":"Gave Gold","floor":30,"damage_taken":0}],"is_beta":false,"boss_relics":[{"not_picked":["Velvet Choker","Coffee Dripper"],"picked":"Tiny House"}],"items_purged_floors":[],"is_endless":false,"potions_floor_spawned":[4,10,11,13,22,23,29],"killed_by":"Sentry and Sphere","ascension_level":14}