{"path_per_floor":["M","M","M","M","$","E","R","M","T","?","M","M","R","M","R","B",null,"M","$","M","?","?","R","M","R","T","T","R","M","?","M","R","B",null,"M","M","?","M","$"],"character_chosen":"THE_SILENT","items_purchased":["Accuracy","Prepared","Art of War","Block Potion"],"gold_per_floor":[118,137,157,175,60,121,121,132,132,132,147,168,168,188,188,317,317,331,51,75,75,75,75,98,98,98,98,98,111,26,50,50,178,178,191,204,204,228,54],"floor_reached":40,"campfire_rested":3,"playtime":3968,"current_hp_per_floor":[70,65,62,57,57,49,49,38,38,38,28,22,43,43,43,11,70,42,42,32,32,32,53,53,53,53,53,53,32,46,46,71,67,84,59,51,51,3,3],"items_purged":["Strike_G","Injury","Regret"],"gold":54,"play_id":"e2bf7472-5063-47a4-a4a4-70b98bebc3c9","is_prod":false,"is_daily":false,"is_ascension_mode":false,"campfire_upgraded":4,"path_taken":["M","M","M","M","$","E","R","?","T","?","M","M","R","M","R","BOSS","M","$","M","?","?","R","M","R","T","?","R","M","?","?","R","BOSS","M","?","?","M","$","M"],"build_version":"2018-02-01-PROD3","purchased_purges":3,"victory":false,"master_deck":["Defend_G+1","Defend_G+1","Defend_G+1","Defend_G+1","Defend_G+1","Strike_G+1","Strike_G+1","Strike_G+1","Strike_G+1","Survivor","Neutralize","Infinite Blades","Accuracy+1","Cloak And Dagger+1","Accuracy+1","Footwork+1","Footwork","Die Die Die","Outmaneuver+1","Prepared","Outmaneuver","Night Terror","Decay","Parasite","Trip","Infinite Blades+1"],"max_hp_per_floor":[70,70,70,70,70,70,70,70,70,70,70,70,70,70,70,70,70,70,70,70,70,70,70,70,70,70,70,70,70,84,84,84,84,84,84,84,84,84,84],"relics":["Ring of the Snake","Tiny Chest","Gambling Chip","Golden Idol","Runic Pyramid","Art of War","Thread and Needle","Bottled Lightning","Mango","Calling Bell","Blood Vial","Gremlin Horn","Girya"],"card_choices":[{"not_picked":["PiercingWail","Sucker Punch"],"picked":"Infinite Blades"},{"not_picked":["Crippling Poison","Deadly Poison"],"picked":"Accuracy"},{"not_picked":["Bouncing Flask","Catalyst"],"picked":"Cloak And Dagger"},{"not_picked":["Tactician","Crippling Poison"],"picked":"Acrobatics"},{"not_picked":["Prepared","Noxious Fumes"],"picked":"Footwork"},{"not_picked":["Dagger Spray","All Out Attack"],"picked":"Footwork"},{"not_picked":["Phantasmal Killer","Envenom"],"picked":"Die Die Die"},{"not_picked":["Backstab","Dagger Spray"],"picked":"Outmaneuver"},{"not_picked":["Deflect","Distraction"],"picked":"Outmaneuver"},{"not_picked":["Glass Knife","Envenom"],"picked":"Night Terror"},{"not_picked":["Leg Sweep","Underhanded Strike"],"picked":"Infinite Blades"}],"player_experience":175512,"potions_floor_usage":[8,16,16,24,33,40,40],"damage_taken":[{"damage":0,"enemies":"Blue Slaver","floor":1,"turns":5},{"damage":5,"enemies":"Small Slimes","floor":2,"turns":4},{"damage":3,"enemies":"2 Louse","floor":3,"turns":3},{"damage":5,"enemies":"2 Fungi Beasts","floor":4,"turns":4},{"damage":8,"enemies":"Lagavulin","floor":6,"turns":7},{"damage":11,"enemies":"Gremlin Gang","floor":8,"turns":5},{"damage":10,"enemies":"3 Louse","floor":11,"turns":4},{"damage":6,"enemies":"Large Slime","floor":12,"turns":5},{"damage":0,"enemies":"Looter","floor":14,"turns":4},{"damage":32,"enemies":"Slime Boss","floor":16,"turns":11},{"damage":28,"enemies":"3 Byrds","floor":18,"turns":7},{"damage":10,"enemies":"Spheric Guardian","floor":20,"turns":5},{"damage":0,"enemies":"Snake Plant","floor":24,"turns":6},{"damage":21,"enemies":"Cultist and Chosen","floor":29,"turns":8},{"damage":0,"enemies":"Centurion and Healer","floor":31,"turns":6},{"damage":4,"enemies":"Collector","floor":33,"turns":16},{"damage":25,"enemies":"Orb Walker","floor":35,"turns":6},{"damage":10,"enemies":"3 Darklings","floor":36,"turns":8},{"damage":50,"enemies":"Maw","floor":38,"turns":9},{"damage":9,"enemies":"4 Shapes","floor":40,"turns":6}],"event_choices":[{"event_name":"Golden Idol","player_choice":"Take Wound","floor":10,"damage_taken":0},{"event_name":"Purifier","player_choice":"One Purge","floor":21,"damage_taken":0},{"event_name":"Back to Basics","player_choice":"Simplicity","floor":22,"damage_taken":0},{"event_name":"Addict","player_choice":"Obtained Relic","floor":30,"damage_taken":0},{"event_name":"Match and Keep!","player_choice":"1 cards matched","floor":37,"damage_taken":0}],"boss_relics":[{"not_picked":["Snecko Eye","The Specimen"],"picked":"Runic Pyramid"},{"not_picked":["Orrery","Velvet Choker"],"picked":"Calling Bell"}],"potions_floor_spawned":[1,12,14,18,24,31,35,36],"seed_played":"-2062973991957821783","killed_by":"4 Shapes","ascension_level":0,"is_trial":false}