{"gold_per_floor":[110,121,121,137,150,185,185,213,213,213],"floor_reached":10,"playtime":291,"items_purged":[],"score":144,"play_id":"217c0c6a-71d7-4423-af74-fb45eca7ed4e","local_time":"20181010112203","is_ascension_mode":true,"campfire_choices":[{"floor":7,"key":"REST"}],"neow_cost":"","seed_source_timestamp":213512285686218,"circlet_count":0,"master_deck":["Strike_B","Strike_B","Strike_B","Defend_B","Defend_B","Defend_B","Defend_B","Zap","Dualcast","AscendersBane","Sweeping Beam","Conserve Battery","Streamline","Sunder","Genetic Algorithm"],"relics":["Cracked Core","The Courier","Letter Opener","Sundial"],"potions_floor_usage":[8],"damage_taken":[{"damage":9,"enemies":"Jaw Worm","floor":1,"turns":4},{"damage":0,"enemies":"Small Slimes","floor":2,"turns":2},{"damage":0,"enemies":"Cultist","floor":4,"turns":4},{"damage":13,"enemies":"3 Louse","floor":5,"turns":3},{"damage":23,"enemies":"Lagavulin","floor":6,"turns":7},{"damage":29,"enemies":"Gremlin Nob","floor":8,"turns":4},{"damage":4,"enemies":"Exordium Wildlife","floor":10,"turns":1}],"seed_played":"-6162529377593029485","potions_obtained":[{"floor":2,"key":"FocusPotion"},{"floor":8,"key":"PowerPotion"}],"is_trial":false,"path_per_floor":["M","M","?","M","M","E","R","E","T"],"character_chosen":"DEFECT","items_purchased":[],"campfire_rested":1,"item_purchase_floors":[],"current_hp_per_floor":[55,55,48,48,35,12,33,4,4,0],"gold":213,"neow_bonus":"","is_prod":false,"is_daily":false,"chose_seed":false,"campfire_upgraded":0,"win_rate":0,"timestamp":1539184923,"path_taken":["M","M","?","M","M","E","R","E","T","M"],"build_version":"2018-10-04v2","purchased_purges":0,"victory":false,"max_hp_per_floor":[71,71,71,71,71,71,71,71,71,71],"card_choices":[{"not_picked":["Beam Cell","Turbo"],"picked":"Sweeping Beam","floor":1},{"not_picked":["Redo","Blizzard"],"picked":"Conserve Battery","floor":2},{"not_picked":["Beam Cell","Stack"],"picked":"Streamline","floor":4},{"not_picked":["Undo","Stack","Aggregate"],"picked":"SKIP","floor":5},{"not_picked":["Sweeping Beam","Loop"],"picked":"Sunder","floor":6},{"not_picked":["Reboot","Rip and Tear"],"picked":"Genetic Algorithm","floor":8}],"player_experience":540437,"relics_obtained":[{"floor":6,"key":"The Courier"},{"floor":8,"key":"Letter Opener"},{"floor":9,"key":"Sundial"}],"event_choices":[{"event_name":"Golden Wing","player_choice":"Card Removal","floor":3,"damage_taken":0}],"is_beta":false,"boss_relics":[],"items_purged_floors":[],"is_endless":false,"potions_floor_spawned":[2,8],"killed_by":"Exordium Wildlife","ascension_level":17}