{"gold_per_floor":[114,134,134,152,169,169,12,12,12,39,39,55,71,88,88,164,164,176,33,43,43],"floor_reached":21,"playtime":1531,"items_purged":["Strike_B","Strike_B"],"score":466,"play_id":"c3feec6b-c932-43c9-a643-a7bea67b051b","local_time":"20190126125440","is_ascension_mode":true,"campfire_choices":[{"floor":6,"key":"REST"},{"floor":11,"key":"REST"},{"data":"Loop","floor":15,"key":"SMITH"}],"neow_cost":"NONE","seed_source_timestamp":300282233938764,"circlet_count":0,"master_deck":["AscendersBane","Strike_B+1","Defend_B","Defend_B","Defend_B","Defend_B","Zap","Dualcast","FTL","Rebound+1","Loop+1","Cold Snap","Ball Lightning","Electrodynamics+1","Compile Driver","Steam","Storm+1","Seek","Capacitor+1","Chill"],"relics":["Cracked Core","Frozen Egg 2","Blood Vial","Eternal Feather"],"potions_floor_usage":[5,21],"damage_taken":[{"damage":4,"enemies":"2 Louse","floor":1,"turns":3},{"damage":0,"enemies":"Cultist","floor":2,"turns":3},{"damage":0,"enemies":"Small Slimes","floor":4,"turns":2},{"damage":12,"enemies":"Exordium Wildlife","floor":5,"turns":2},{"damage":28,"enemies":"Lagavulin","floor":10,"turns":6},{"damage":0,"enemies":"Large Slime","floor":12,"turns":3},{"damage":14,"enemies":"Red Slaver","floor":13,"turns":2},{"damage":0,"enemies":"Gremlin Gang","floor":14,"turns":1},{"damage":0,"enemies":"Slime Boss","floor":16,"turns":5},{"damage":20,"enemies":"Spheric Guardian","floor":18,"turns":4},{"damage":40,"enemies":"Shell Parasite","floor":20,"turns":6},{"damage":17,"enemies":"Colosseum Slavers","floor":21,"turns":1}],"seed_played":"5485313561161248071","potions_obtained":[{"floor":1,"key":"Swift Potion"},{"floor":2,"key":"Explosive Potion"}],"is_trial":false,"path_per_floor":["M","M","?","M","M","R","$","?","T","E","R","M","M","M","R","B",null,"M","$","M","?"],"character_chosen":"DEFECT","items_purchased":["Ball Lightning","PowerPotion","Capacitor+1"],"campfire_rested":2,"item_purchase_floors":[7,7,19],"current_hp_per_floor":[67,67,44,44,32,55,55,55,55,27,50,52,40,42,42,44,70,52,52,14,0],"gold":43,"neow_bonus":"TEN_PERCENT_HP_BONUS","is_prod":false,"is_daily":false,"chose_seed":false,"campfire_upgraded":1,"win_rate":0,"timestamp":1548525280,"path_taken":["M","M","?","M","M","R","$","?","T","E","R","M","M","?","R","BOSS","M","$","M","?"],"build_version":"2019-01-23","purchased_purges":2,"victory":false,"max_hp_per_floor":[78,78,78,78,78,78,78,78,78,78,78,78,78,78,78,78,78,78,78,78,78],"card_choices":[{"not_picked":["Force Field","Beam Cell"],"picked":"FTL","floor":1},{"not_picked":["Go for the Eyes","Recycle"],"picked":"Rebound","floor":2},{"not_picked":["Redo","Heatsinks"],"picked":"Loop","floor":4},{"not_picked":["Turbo","Heatsinks"],"picked":"Cold Snap","floor":5},{"not_picked":["Go for the Eyes","Barrage"],"picked":"Electrodynamics+1","floor":10},{"not_picked":["Beam Cell","Barrage"],"picked":"Compile Driver","floor":12},{"not_picked":["Rebound","Barrage"],"picked":"Steam","floor":13},{"not_picked":["Sweeping Beam","Hello World+1"],"picked":"Storm+1","floor":14},{"not_picked":["Electrodynamics+1","Rainbow"],"picked":"Seek","floor":16},{"not_picked":["Leap","Turbo","Sweeping Beam"],"picked":"SKIP","floor":18},{"not_picked":["Ball Lightning","Steam"],"picked":"Chill","floor":20}],"player_experience":757687,"relics_obtained":[{"floor":9,"key":"Frozen Egg 2"},{"floor":10,"key":"Blood Vial"}],"event_choices":[{"damage_healed":0,"gold_gain":0,"player_choice":"Entered Light","damage_taken":23,"max_hp_gain":0,"max_hp_loss":0,"event_name":"Shining Light","floor":3,"gold_loss":0,"cards_upgraded":["Rebound","Strike_B"]},{"cards_removed":["Strike_B"],"damage_healed":0,"gold_gain":0,"player_choice":"Offered Basic","damage_taken":0,"max_hp_gain":0,"max_hp_loss":0,"event_name":"Bonfire Elementals","floor":8,"gold_loss":0},{"damage_healed":0,"gold_gain":0,"player_choice":"Fight","damage_taken":0,"max_hp_gain":0,"max_hp_loss":0,"event_name":"Colosseum","floor":21,"gold_loss":0}],"is_beta":false,"boss_relics":[{"not_picked":["Orrery","Empty Cage"],"picked":"Eternal Feather"}],"items_purged_floors":[7,19],"is_endless":false,"potions_floor_spawned":[1,2,13,14,16,18,20],"killed_by":"Colosseum Slavers","ascension_level":20}