{"gold_per_floor":[116,130,148,113,113,144,144,21,21,40,40,60,93,93,93,191,191,207,207,207,207,307,332,332,349,375,388,401,434,447,467,467,562,562,582,582,592,607,619,619,619,630,630,681,324,324,724,737,737,737,737,737,97,130,130],"floor_reached":55,"playtime":2641,"items_purged":["Strike_B","Strike_B+1","Strike_B+1"],"score":769,"play_id":"e4d6bd1c-e3aa-46bd-b736-5189896d629e","local_time":"20190212141549","is_ascension_mode":false,"campfire_choices":[{"floor":7.0,"key":"RECALL"},{"data":"Static Discharge","floor":11.0,"key":"SMITH"},{"data":"Defragment","floor":15.0,"key":"SMITH"},{"data":"Electrodynamics","floor":24.0,"key":"SMITH"},{"data":"Lockon","floor":32.0,"key":"SMITH"},{"floor":40.0,"key":"REST"},{"floor":46,"key":"DIG"},{"floor":49,"key":"REST"},{"floor":52,"key":"DIG"}],"neow_cost":"PERCENT_DAMAGE","seed_source_timestamp":0,"circlet_count":0,"master_deck":["Strike_B+1","Defend_B+1","Defend_B+1","Defend_B+1","Defend_B+1","Zap+1","Dualcast","Defragment+1","Tempest","Ball Lightning","Ball Lightning","Static Discharge+1","Electrodynamics+1","Auto Shields+1","Ball Lightning","Lockon+1","Electrodynamics+1","Capacitor+1","Defragment"],"special_seed":0,"relics":["Cracked Core","Thread and Needle","Ginger","Centennial Puzzle","FossilizedHelix","Meat on the Bone","Velvet Choker","DataDisk","Bag of Marbles","Fusion Hammer","Shovel","Mummified Hand","Pen Nib","Old Coin","Cables","War Paint","Turnip","Bronze Scales"],"potions_floor_usage":[55,55,55],"damage_taken":[{"damage":0.0,"enemies":"Jaw Worm","floor":1.0,"turns":3.0},{"damage":1.0,"enemies":"Small Slimes","floor":2.0,"turns":4.0},{"damage":0.0,"enemies":"2 Louse","floor":3.0,"turns":2.0},{"damage":14.0,"enemies":"Lagavulin","floor":6.0,"turns":5.0},{"damage":0.0,"enemies":"Large Slime","floor":10.0,"turns":3.0},{"damage":12.0,"enemies":"Exordium Thugs","floor":12.0,"turns":3.0},{"damage":5.0,"enemies":"Gremlin Nob","floor":13.0,"turns":4.0},{"damage":7.0,"enemies":"The Guardian","floor":16.0,"turns":7.0},{"damage":12.0,"enemies":"2 Thieves","floor":18.0,"turns":3.0},{"damage":7.0,"enemies":"Slavers","floor":23.0,"turns":3.0},{"damage":0.0,"enemies":"Spheric Guardian","floor":25.0,"turns":2.0},{"damage":0.0,"enemies":"Snecko","floor":27.0,"turns":3.0},{"damage":0.0,"enemies":"3 Cultists","floor":28.0,"turns":3.0},{"damage":9.0,"enemies":"Book of Stabbing","floor":29.0,"turns":4.0},{"damage":0.0,"enemies":"Centurion and Healer","floor":30.0,"turns":4.0},{"damage":0.0,"enemies":"Sentry and Sphere","floor":31.0,"turns":3.0},{"damage":0.0,"enemies":"Collector","floor":33.0,"turns":6.0},{"damage":7.0,"enemies":"3 Darklings","floor":35.0,"turns":3.0},{"damage":0.0,"enemies":"Orb Walker","floor":37.0,"turns":2.0},{"damage":0.0,"enemies":"Sphere and 2 Shapes","floor":38.0,"turns":3.0},{"damage":0.0,"enemies":"Maw","floor":39.0,"turns":5.0},{"damage":0.0,"enemies":"4 Shapes","floor":42.0,"turns":2.0},{"damage":15,"enemies":"2 Orb Walkers","floor":44,"turns":3},{"damage":12,"enemies":"Mind Bloom Boss Battle","floor":47,"turns":4},{"damage":0,"enemies":"Transient","floor":48,"turns":5},{"damage":40,"enemies":"Time Eater","floor":50,"turns":7},{"damage":11,"enemies":"Shield and Spear","floor":54,"turns":4},{"damage":79,"enemies":"The Heart","floor":55,"turns":5}],"seed_played":"5469028281607341760","potions_obtained":[{"floor":2.0,"key":"Explosive Potion"},{"floor":10.0,"key":"Dexterity Potion"},{"floor":13.0,"key":"AttackPotion"},{"floor":16.0,"key":"PowerPotion"},{"floor":42.0,"key":"Regen Potion"}],"is_trial":false,"path_per_floor":["M","M","M","?","?","E","R","$","T","M","R","M","E","?","R","B",null,"M","?","?","?","?","E","R","M","T","M","M","E","M","M","R","B",null,"M","?","M","M","M","R","?","M","T","?","$","R","?","M","R","B",null,"R","$","E","B"],"character_chosen":"DEFECT","items_purchased":["Ball Lightning","Mummified Hand","War Paint","Turnip","Defragment"],"campfire_rested":2,"item_purchase_floors":[8,45,53,53,53],"current_hp_per_floor":[54,53,53,71,68,54,54,54,54,54,54,42,37,62,62,55,75,63,63,63,63,63,56,56,56,56,56,56,47,47,47,47,47,75,68,68,68,68,68,75,75,75,75,60,60,60,48,48,70,42,75,75,75,64,0],"gold":130,"neow_bonus":"ONE_RARE_RELIC","is_prod":false,"is_daily":false,"chose_seed":false,"campfire_upgraded":4,"win_rate":0,"timestamp":1549977349,"path_taken":["M","M","M","?","?","E","R","?","T","?","R","M","E","?","R","BOSS","M","?","?","?","?","E","R","M","T","M","M","E","M","?","R","BOSS","M","?","?","M","M","R","?","M","T","?","$","R","?","M","R","BOSS","R","$","E","BOSS"],"build_version":"2019-02-06","purchased_purges":3,"victory":false,"max_hp_per_floor":[75,75,75,75,75,75,75,75,75,75,75,75,75,75,75,75,75,75,75,75,75,75,75,75,75,75,75,75,75,75,75,75,75,75,75,75,75,75,75,75,75,75,75,75,75,75,75,75,75,75,75,75,75,75,75],"card_choices":[{"not_picked":["Go for the Eyes","Coolheaded"],"picked":"Defragment","floor":1.0},{"not_picked":["Aggregate","FTL"],"picked":"Tempest","floor":2.0},{"not_picked":["FTL","Scrape"],"picked":"Ball Lightning","floor":3.0},{"not_picked":["Heatsinks","Cold Snap","Streamline"],"picked":"SKIP","floor":6.0},{"not_picked":["Gash","Barrage"],"picked":"Static Discharge","floor":10.0},{"not_picked":["Beam Cell","Streamline","Reinforced Body"],"picked":"SKIP","floor":12.0},{"not_picked":["Barrage","Stack","Conserve Battery"],"picked":"SKIP","floor":13.0},{"not_picked":["Amplify","Biased Cognition"],"picked":"Electrodynamics","floor":16.0},{"not_picked":["Glacier","Barrage"],"picked":"Auto Shields","floor":18.0},{"not_picked":["Compile Driver","Hologram","Buffer"],"picked":"SKIP","floor":23.0},{"not_picked":["Steam","Go for the Eyes","Rebound"],"picked":"SKIP","floor":25.0},{"not_picked":["Stack","Conserve Battery"],"picked":"Ball Lightning","floor":27.0},{"not_picked":["Steam","Rebound","Scrape"],"picked":"SKIP","floor":28.0},{"not_picked":["Sweeping Beam","Core Surge"],"picked":"Lockon","floor":29.0},{"not_picked":["Turbo","FTL","Leap"],"picked":"SKIP","floor":30.0},{"not_picked":["Stack+1","Redo","Coolheaded+1"],"picked":"SKIP","floor":31.0},{"not_picked":["Machine Learning","Multi-Cast"],"picked":"Electrodynamics","floor":33.0},{"not_picked":["Storm+1","White Noise","Turbo"],"picked":"SKIP","floor":35.0},{"not_picked":["Compile Driver","Go for the Eyes","Aggregate+1"],"picked":"SKIP","floor":37.0},{"not_picked":["Rip and Tear","Steam+1","Barrage+1"],"picked":"SKIP","floor":38.0},{"not_picked":["Stack","Conserve Battery+1","Skim+1"],"picked":"SKIP","floor":39.0},{"not_picked":["Gash+1","Cold Snap+1","Compile Driver"],"picked":"SKIP","floor":42.0},{"not_picked":["Redo+1","Defragment"],"picked":"Capacitor+1","floor":44},{"not_picked":["Barrage+1","Steam+1","FTL"],"picked":"SKIP","floor":48},{"not_picked":["Conserve Battery+1","Barrage","Turbo+1"],"picked":"SKIP","floor":54}],"player_experience":213331,"relics_obtained":[{"floor":6.0,"key":"Centennial Puzzle"},{"floor":9.0,"key":"FossilizedHelix"},{"floor":13.0,"key":"Meat on the Bone"},{"floor":23.0,"key":"DataDisk"},{"floor":29.0,"key":"Bag of Marbles"},{"floor":44,"key":"Shovel"},{"floor":46,"key":"Pen Nib"},{"floor":47,"key":"Old Coin"},{"floor":52,"key":"Cables"},{"floor":54,"key":"Bronze Scales"}],"event_choices":[{"damage_healed":18.0,"max_hp_gain":0.0,"max_hp_loss":0.0,"gold_gain":0.0,"event_name":"The Cleric","player_choice":"Healed","floor":4.0,"gold_loss":35.0,"damage_taken":0.0},{"damage_healed":0.0,"max_hp_gain":0.0,"max_hp_loss":0.0,"gold_gain":0.0,"event_name":"Scrap Ooze","player_choice":"Success","floor":5.0,"gold_loss":0.0,"damage_taken":3.0,"relics_obtained":["Ginger"]},{"damage_healed":25.0,"max_hp_gain":0.0,"max_hp_loss":0.0,"gold_gain":0.0,"event_name":"Big Fish","player_choice":"Banana","floor":14.0,"gold_loss":0.0,"damage_taken":0.0},{"damage_healed":0.0,"max_hp_gain":0.0,"max_hp_loss":0.0,"gold_gain":0.0,"event_name":"Vampires","player_choice":"Ignored","floor":19.0,"gold_loss":0.0,"damage_taken":0.0},{"damage_healed":0.0,"max_hp_gain":0.0,"max_hp_loss":0.0,"gold_gain":0.0,"event_name":"Back to Basics","player_choice":"Simplicity","floor":20.0,"gold_loss":0.0,"damage_taken":0.0,"cards_upgraded":["Strike_B","Strike_B","Strike_B","Defend_B","Defend_B","Defend_B","Defend_B"]},{"damage_healed":0.0,"max_hp_gain":0.0,"max_hp_loss":0.0,"gold_gain":0.0,"event_name":"Ghosts","player_choice":"Ignored","floor":21.0,"gold_loss":0.0,"damage_taken":0.0},{"damage_healed":0.0,"max_hp_gain":0.0,"max_hp_loss":0.0,"gold_gain":100.0,"event_name":"Golden Shrine","player_choice":"Pray","floor":22.0,"gold_loss":0.0,"damage_taken":0.0},{"damage_healed":0.0,"max_hp_gain":0.0,"max_hp_loss":0.0,"gold_gain":0.0,"event_name":"Upgrade Shrine","player_choice":"Upgraded","floor":36.0,"gold_loss":0.0,"damage_taken":0.0,"cards_upgraded":["Electrodynamics"]},{"damage_healed":0.0,"max_hp_gain":0.0,"max_hp_loss":0.0,"gold_gain":0.0,"event_name":"SensoryStone","player_choice":"Memory 1","floor":41.0,"gold_loss":0.0,"damage_taken":0.0},{"damage_healed":0,"gold_gain":0,"player_choice":"Fight","damage_taken":0,"max_hp_gain":0,"max_hp_loss":0,"event_name":"Mysterious Sphere","floor":44,"gold_loss":0},{"damage_healed":0,"gold_gain":0,"player_choice":"Fight","damage_taken":0,"max_hp_gain":0,"max_hp_loss":0,"event_name":"MindBloom","floor":47,"gold_loss":0}],"is_beta":true,"boss_relics":[{"not_picked":["Pandora\u0027s Box","Cursed Key"],"picked":"Velvet Choker"},{"not_picked":["Runic Pyramid","Orrery"],"picked":"Fusion Hammer"}],"items_purged_floors":[8,45,53],"is_endless":false,"potions_floor_spawned":[2,10,13,16,18,27,30,35,42,47],"killed_by":"The Heart","ascension_level":0}