{"gold_per_floor":[112,132,147,158,171,171,189,189,189,189,189,209,52,109,109,109],"floor_reached":16,"playtime":693,"items_purged":[],"score":113,"play_id":"3484edba-e45c-49ba-aa64-5391f60e4160","local_time":"20190110194601","is_ascension_mode":true,"campfire_choices":[{"data":"True Grit","floor":6,"key":"SMITH"},{"data":"Flame Barrier","floor":8,"key":"SMITH"},{"data":"True Grit","floor":11,"key":"SMITH"},{"data":"Shockwave","floor":15,"key":"SMITH"}],"neow_cost":"NONE","seed_source_timestamp":69013335498027,"circlet_count":0,"master_deck":["Strike_R","Strike_R","Strike_R","Strike_R","Strike_R","Defend_R","Defend_R","Defend_R","Bash","Combust","True Grit+1","Warcry","Uppercut","Flame Barrier+1","Battle Trance","Iron Wave","True Grit+1","Jack Of All Trades","Bash+1","Iron Wave+1","Shockwave+1"],"relics":["Burning Blood","Molten Egg 2","Blood Vial","Omamori"],"potions_floor_usage":[],"damage_taken":[{"damage":1,"enemies":"Cultist","floor":1,"turns":3},{"damage":4,"enemies":"2 Louse","floor":2,"turns":3},{"damage":9,"enemies":"Small Slimes","floor":3,"turns":5},{"damage":8,"enemies":"Gremlin Gang","floor":4,"turns":3},{"damage":12,"enemies":"Lots of Slimes","floor":5,"turns":2},{"damage":10,"enemies":"Blue Slaver","floor":7,"turns":3},{"damage":23,"enemies":"Large Slime","floor":12,"turns":7},{"damage":17,"enemies":"3 Sentries","floor":14,"turns":6},{"damage":47,"enemies":"Slime Boss","floor":16,"turns":11}],"seed_played":"-4341003444174060909","potions_obtained":[{"floor":2,"key":"SteroidPotion"},{"floor":4,"key":"LiquidBronze"},{"floor":5,"key":"Energy Potion"}],"is_trial":false,"path_per_floor":["M","M","M","M","M","R","M","R","T","?","R","M","$","?","R","B"],"character_chosen":"IRONCLAD","items_purchased":["Blood Vial"],"campfire_rested":0,"item_purchase_floors":[13],"current_hp_per_floor":[80,80,77,75,69,69,65,65,65,65,65,48,48,39,39,0],"gold":109,"neow_bonus":"TRANSFORM_CARD","is_prod":false,"is_daily":false,"chose_seed":false,"campfire_upgraded":4,"win_rate":0,"timestamp":1547120761,"path_taken":["M","M","?","?","M","R","M","R","T","?","R","?","$","?","R","BOSS"],"build_version":"2019-01-03v4","purchased_purges":0,"victory":false,"max_hp_per_floor":[80,80,80,80,80,80,80,80,80,80,80,80,80,80,80,80],"card_choices":[{"not_picked":["Headbutt","Searing Blow"],"picked":"True Grit","floor":1},{"not_picked":["Whirlwind","Havoc"],"picked":"Warcry","floor":2},{"not_picked":["Clash","Sword Boomerang"],"picked":"Uppercut","floor":3},{"not_picked":["Flex","Reckless Charge"],"picked":"Flame Barrier","floor":4},{"not_picked":["Cleave","Havoc"],"picked":"Battle Trance","floor":5},{"not_picked":["Clash","Havoc"],"picked":"Iron Wave","floor":7},{"not_picked":["Battle Trance","Anger+1"],"picked":"Iron Wave+1","floor":12},{"not_picked":["Armaments","Bludgeon+1"],"picked":"Shockwave","floor":14}],"player_experience":256312,"relics_obtained":[{"floor":9,"key":"Molten Egg 2"},{"floor":14,"key":"Omamori"}],"event_choices":[{"damage_healed":0,"gold_gain":0,"player_choice":"3 cards matched","damage_taken":0,"max_hp_gain":0,"max_hp_loss":0,"event_name":"Match and Keep!","floor":10,"gold_loss":0,"cards_obtained":["True Grit","Jack Of All Trades","Bash"]},{"damage_healed":0,"gold_gain":0,"player_choice":"Searched \u00271\u0027 times","damage_taken":0,"max_hp_gain":0,"max_hp_loss":0,"event_name":"Dead Adventurer","floor":14,"gold_loss":0}],"is_beta":false,"boss_relics":[],"items_purged_floors":[],"is_endless":false,"potions_floor_spawned":[2,4,5],"killed_by":"Slime Boss","ascension_level":4}