{"gold_per_floor":[114,114,64,84,159,159,175,209,209,209,209,27,41,56,56,156,156,176,91,113,125],"floor_reached":21,"playtime":1338,"items_purged":["Strike_G"],"score":206,"play_id":"a768413f-c639-4e8c-ba89-961195745b23","local_time":"20190201011904","is_ascension_mode":true,"campfire_choices":[{"data":"Dagger Throw","floor":6,"key":"SMITH"},{"floor":10,"key":"REST"},{"floor":11,"key":"REST"},{"floor":15,"key":"REST"}],"neow_cost":"NONE","seed_source_timestamp":702509827429102,"circlet_count":0,"master_deck":["Defend_G","Defend_G","Defend_G","Defend_G","Defend_G","Strike_G","Strike_G","Strike_G","Survivor","Neutralize+1","Dagger Throw+1","Blade Dance","Accuracy","Footwork","PiercingWail","Cloak And Dagger","Envenom","Adrenaline","Concentrate","Prepared"],"relics":["Ring of the Snake","Smiling Mask","Dead Branch","WingedGreaves","Sozu","MawBank"],"potions_floor_usage":[8,16],"damage_taken":[{"damage":0,"enemies":"2 Louse","floor":1,"turns":3},{"damage":9,"enemies":"Small Slimes","floor":4,"turns":5},{"damage":0,"enemies":"Cultist","floor":7,"turns":3},{"damage":48,"enemies":"Gremlin Nob","floor":8,"turns":5},{"damage":13,"enemies":"Exordium Wildlife","floor":13,"turns":4},{"damage":2,"enemies":"Blue Slaver","floor":14,"turns":5},{"damage":46,"enemies":"The Guardian","floor":16,"turns":13},{"damage":9,"enemies":"Spheric Guardian","floor":18,"turns":6},{"damage":10,"enemies":"3 Byrds","floor":20,"turns":7},{"damage":57,"enemies":"3 Cultists","floor":21,"turns":4}],"seed_played":"-4684441702114868039","potions_obtained":[{"floor":1,"key":"AttackPotion"},{"floor":13,"key":"SteroidPotion"},{"floor":14,"key":"FearPotion"},{"floor":16,"key":"FearPotion"}],"is_trial":false,"path_per_floor":["M","?","?","M","?","R","M","E","T","R","R","$","M","M","R","B",null,"M","?","M","M"],"character_chosen":"THE_SILENT","items_purchased":["Footwork","PiercingWail"],"campfire_rested":3,"item_purchase_floors":[12,12],"current_hp_per_floor":[70,70,70,61,50,50,50,2,2,23,44,44,31,29,50,4,70,61,61,51,0],"gold":125,"neow_bonus":"RANDOM_COMMON_RELIC","is_prod":false,"is_daily":false,"chose_seed":false,"campfire_upgraded":1,"win_rate":0,"timestamp":1548958744,"path_taken":["M","?","?","M","?","R","M","E","T","R","R","$","M","M","R","BOSS","M","?","M","M"],"build_version":"2019-01-23","purchased_purges":1,"victory":false,"max_hp_per_floor":[70,70,70,70,70,70,70,70,70,70,70,70,70,70,70,70,70,70,70,70,70],"card_choices":[{"not_picked":["Eviscerate","Reflex","Sucker Punch"],"picked":"SKIP","floor":1},{"not_picked":["Underhanded Strike","Calculated Gamble"],"picked":"Dagger Throw","floor":4},{"not_picked":["Quick Slash","Deflect"],"picked":"Blade Dance","floor":7},{"not_picked":["Bane","Reflex"],"picked":"Accuracy","floor":8},{"not_picked":["Bane","Flying Knee"],"picked":"Cloak And Dagger","floor":13},{"not_picked":["Skewer","Dodge and Roll"],"picked":"Envenom","floor":14},{"not_picked":["Malaise","Burst"],"picked":"Adrenaline","floor":16},{"not_picked":["Acrobatics","Outmaneuver"],"picked":"Concentrate","floor":18},{"not_picked":["Slice","Underhanded Strike"],"picked":"Prepared","floor":20}],"player_experience":297350,"relics_obtained":[{"floor":8,"key":"Dead Branch"},{"floor":9,"key":"WingedGreaves"}],"event_choices":[{"damage_healed":0,"gold_gain":0,"player_choice":"Grow","damage_taken":0,"max_hp_gain":0,"max_hp_loss":0,"event_name":"Living Wall","floor":2,"gold_loss":0,"cards_upgraded":["Neutralize"]},{"cards_removed":["Strike_G"],"damage_healed":0,"gold_gain":0,"player_choice":"Card Removal","damage_taken":0,"max_hp_gain":0,"max_hp_loss":0,"event_name":"The Cleric","floor":3,"gold_loss":50},{"damage_healed":0,"gold_gain":75,"player_choice":"Gather Gold","damage_taken":11,"max_hp_gain":0,"max_hp_loss":0,"event_name":"World of Goop","floor":5,"gold_loss":0},{"damage_healed":0,"gold_gain":0,"player_choice":"Obtained Relic","damage_taken":0,"relics_obtained":["MawBank"],"max_hp_gain":0,"max_hp_loss":0,"event_name":"Addict","floor":19,"gold_loss":85}],"is_beta":false,"boss_relics":[{"not_picked":["Runic Pyramid","White Beast Statue"],"picked":"Sozu"}],"items_purged_floors":[12],"is_endless":false,"potions_floor_spawned":[1,13,14,16,18,20],"killed_by":"3 Cultists","ascension_level":3}