{"gold_per_floor":[118,293,9,21,21,21,60,75,101,131,170,95,115,138,138,261,261,285,285,320,332,332,332,350,350,350,367,385,385,418,436,436,436],"floor_reached":33,"playtime":1675,"items_purged":["Doubt"],"score":302,"play_id":"33cb1904-a6a5-4113-a183-55326ea4637d","local_time":"20190213213606","is_ascension_mode":false,"campfire_choices":[{"floor":6,"key":"RECALL"},{"floor":15,"key":"REST"},{"floor":23,"key":"REST"},{"floor":25,"key":"REST"},{"data":"Echo Form","floor":29,"key":"SMITH"},{"floor":32,"key":"REST"}],"neow_cost":"NONE","seed_source_timestamp":109153784490200,"circlet_count":0,"master_deck":["Strike_B","Strike_B","Strike_B","Strike_B","Defend_B","Defend_B","Defend_B","Defend_B","Zap","Dualcast","Static Discharge","Ball Lightning","Consume","Electrodynamics","Auto Shields","Ball Lightning","Echo Form+1","Parasite","Lockon","Loop"],"relics":["Cracked Core","NeowsBlessing","DataDisk","Bloody Idol","Omamori","Odd Mushroom","Regal Pillow","Calling Bell","Juzu Bracelet","Mummified Hand","Ginger","Red Mask","Pear","Centennial Puzzle"],"potions_floor_usage":[10,11,30,30,30,33,33],"damage_taken":[{"damage":0,"enemies":"Jaw Worm","floor":1,"turns":1},{"damage":0,"enemies":"Small Slimes","floor":4,"turns":1},{"damage":0,"enemies":"Gremlin Nob","floor":7,"turns":1},{"damage":7,"enemies":"2 Louse","floor":8,"turns":2},{"damage":17,"enemies":"The Mushroom Lair","floor":10,"turns":3},{"damage":21,"enemies":"3 Sentries","floor":11,"turns":5},{"damage":5,"enemies":"Looter","floor":13,"turns":3},{"damage":0,"enemies":"2 Fungi Beasts","floor":14,"turns":2},{"damage":24,"enemies":"The Guardian","floor":16,"turns":9},{"damage":12,"enemies":"3 Byrds","floor":18,"turns":3},{"damage":38,"enemies":"Masked Bandits","floor":20,"turns":4},{"damage":14,"enemies":"Shell Parasite","floor":21,"turns":4},{"damage":15,"enemies":"Snake Plant","floor":24,"turns":2},{"damage":17,"enemies":"Cultist and Chosen","floor":27,"turns":5},{"damage":5,"enemies":"Centurion and Healer","floor":28,"turns":3},{"damage":24,"enemies":"Gremlin Leader","floor":30,"turns":5},{"damage":23,"enemies":"Snecko","floor":31,"turns":5},{"damage":86,"enemies":"Automaton","floor":33,"turns":10}],"seed_played":"-4605479369076510392","potions_obtained":[{"floor":4,"key":"FocusPotion"},{"floor":7,"key":"Fire Potion"},{"floor":11,"key":"Explosive Potion"},{"floor":13,"key":"GamblersBrew"},{"floor":16,"key":"Explosive Potion"},{"floor":28,"key":"PowerPotion"},{"floor":30,"key":"Swift Potion"},{"floor":31,"key":"AttackPotion"}],"is_trial":false,"path_per_floor":["M","?","$","M","?","R","E","M","T","?","E","$","M","M","R","B",null,"M","?","?","M","?","R","M","R","T","M","M","R","E","M","R","B"],"character_chosen":"DEFECT","items_purchased":["DataDisk","Ball Lightning","Auto Shields"],"campfire_rested":4,"item_purchase_floors":[3,3,12],"current_hp_per_floor":[75,75,75,75,57,57,57,50,50,33,12,12,7,7,44,20,75,63,63,30,21,21,58,48,75,85,73,73,73,54,36,76,0],"gold":436,"neow_bonus":"THREE_ENEMY_KILL","is_prod":false,"is_daily":false,"chose_seed":false,"campfire_upgraded":1,"win_rate":0,"timestamp":1550090166,"path_taken":["M","?","$","M","?","R","E","M","T","?","E","?","M","M","R","BOSS","M","?","?","M","?","R","M","R","T","M","M","R","E","M","R","BOSS"],"build_version":"2019-02-06","purchased_purges":1,"victory":false,"max_hp_per_floor":[75,75,75,75,75,75,75,75,75,75,75,75,75,75,75,75,75,75,75,75,75,75,75,75,75,85,85,85,85,85,85,85,85],"card_choices":[{"not_picked":["Compile Driver","Beam Cell"],"picked":"Static Discharge","floor":1},{"not_picked":["Conserve Battery","White Noise","Cold Snap"],"picked":"SKIP","floor":4},{"not_picked":["Sweeping Beam","Go for the Eyes","Steam"],"picked":"SKIP","floor":7},{"not_picked":["Coolheaded","FTL","Cold Snap"],"picked":"SKIP","floor":8},{"not_picked":["Compile Driver","Double Energy"],"picked":"Consume","floor":10},{"not_picked":["Self Repair","Chill"],"picked":"Electrodynamics","floor":11},{"not_picked":["Stack","Cold Snap","Barrage"],"picked":"SKIP","floor":13},{"not_picked":["White Noise","Recycle"],"picked":"Ball Lightning","floor":14},{"not_picked":["Rainbow","Multi-Cast"],"picked":"Echo Form","floor":16},{"not_picked":["Conserve Battery","Sunder+1","Gash"],"picked":"SKIP","floor":18},{"not_picked":["Conserve Battery","Steam Power"],"picked":"Lockon","floor":21},{"not_picked":["Steam","Turbo","Aggregate"],"picked":"SKIP","floor":24},{"not_picked":["Barrage+1","Blizzard","Reprogram"],"picked":"SKIP","floor":27},{"not_picked":["Cold Snap+1","Barrage+1","Coolheaded"],"picked":"SKIP","floor":28},{"not_picked":["Turbo+1","Redo"],"picked":"Loop","floor":30},{"not_picked":["Echo Form","Cold Snap","Hologram"],"picked":"SKIP","floor":31}],"player_experience":220097,"relics_obtained":[{"floor":7,"key":"Omamori"},{"floor":10,"key":"Odd Mushroom"},{"floor":11,"key":"Regal Pillow"},{"floor":17,"key":"Juzu Bracelet"},{"floor":17,"key":"Mummified Hand"},{"floor":17,"key":"Ginger"},{"floor":20,"key":"Red Mask"},{"floor":26,"key":"Pear"},{"floor":30,"key":"Centennial Puzzle"}],"event_choices":[{"damage_healed":0,"gold_gain":175,"player_choice":"AGREE","damage_taken":0,"max_hp_gain":0,"max_hp_loss":0,"event_name":"Liars Game","floor":2,"gold_loss":0,"cards_obtained":["Doubt"]},{"damage_healed":0,"gold_gain":0,"player_choice":"Take Damage","damage_taken":18,"relics_obtained":["Golden Idol"],"max_hp_gain":0,"max_hp_loss":0,"event_name":"Golden Idol","floor":5,"gold_loss":0},{"damage_healed":0,"gold_gain":0,"player_choice":"Fought Mushrooms","damage_taken":0,"max_hp_gain":0,"max_hp_loss":0,"event_name":"Mushrooms","floor":10,"gold_loss":0},{"damage_healed":0,"gold_gain":0,"player_choice":"Gave Idol","damage_taken":0,"relics_obtained":["Bloody Idol"],"max_hp_gain":0,"max_hp_loss":0,"event_name":"Forgotten Altar","floor":19,"relics_lost":["Golden Idol"],"gold_loss":0},{"damage_healed":0,"gold_gain":0,"player_choice":"Fought Bandits","damage_taken":0,"max_hp_gain":0,"max_hp_loss":0,"event_name":"Masked Bandits","floor":20,"gold_loss":0},{"damage_healed":0,"gold_gain":0,"player_choice":"Ignored","damage_taken":0,"max_hp_gain":0,"max_hp_loss":0,"event_name":"Ghosts","floor":22,"gold_loss":0}],"is_beta":true,"boss_relics":[{"not_picked":["Orrery","Snecko Eye"],"picked":"Calling Bell"}],"items_purged_floors":[3],"is_endless":false,"potions_floor_spawned":[4,7,11,13,16,21,28,30,31],"killed_by":"Automaton","ascension_level":0}