{"gold_per_floor":[112,112,77,93,103,137,137,165,190,190,203,214,248,248,248,325,325,340,340,340,34,44,44,61,61],"floor_reached":25,"playtime":1096,"items_purged":["Strike_B"],"score":442,"play_id":"01a9cca3-4bf2-45a4-ad2f-046a887c9a24","local_time":"20190131195602","is_ascension_mode":true,"campfire_choices":[{"floor":7,"key":"REST"},{"floor":10,"key":"REST"},{"floor":15,"key":"REST"},{"data":"Hyperbeam","floor":23,"key":"SMITH"}],"neow_cost":"NONE","seed_source_timestamp":0,"circlet_count":0,"master_deck":["AscendersBane","Strike_B","Strike_B","Defend_B","Defend_B","Defend_B","Defend_B+1","Zap+1","Dualcast","Streamline+1","Go for the Eyes","Compile Driver","White Noise","Glacier","Gash","Capacitor","Recycle","Hyperbeam+1","Glacier","Capacitor"],"special_seed":0,"relics":["Cracked Core","Pen Nib","War Paint","Bag of Preparation","Pocketwatch","Nuclear Battery","Toy Ornithopter"],"potions_floor_usage":[16,24,25,25],"damage_taken":[{"damage":10,"enemies":"Small Slimes","floor":1,"turns":5},{"damage":1,"enemies":"2 Louse","floor":4,"turns":2},{"damage":7,"enemies":"Jaw Worm","floor":5,"turns":3},{"damage":52,"enemies":"3 Sentries","floor":6,"turns":7},{"damage":15,"enemies":"Lagavulin","floor":8,"turns":5},{"damage":7,"enemies":"3 Louse","floor":11,"turns":4},{"damage":0,"enemies":"Large Slime","floor":12,"turns":4},{"damage":13,"enemies":"3 Sentries","floor":13,"turns":6},{"damage":5,"enemies":"Hexaghost","floor":16,"turns":9},{"damage":0,"enemies":"Spheric Guardian","floor":18,"turns":3},{"damage":42,"enemies":"3 Byrds","floor":22,"turns":8},{"damage":15,"enemies":"Sentry and Sphere","floor":24,"turns":4},{"damage":24,"enemies":"Slavers","floor":25,"turns":2}],"seed_played":"-1417256905454401785","potions_obtained":[{"floor":4,"key":"SpeedPotion"},{"floor":6,"key":"Strength Potion"},{"floor":13,"key":"PowerPotion"},{"floor":16,"key":"FocusPotion"},{"floor":24,"key":"Poison Potion"}],"is_trial":false,"path_per_floor":["M","?","?","M","M","E","R","E","T","R","M","M","E","?","R","B",null,"M","?","?","$","M","R","M","E"],"character_chosen":"DEFECT","items_purchased":["Toy Ornithopter"],"campfire_rested":3,"item_purchase_floors":[21],"current_hp_per_floor":[54,54,71,70,63,11,32,17,17,38,31,31,18,7,28,23,59,59,59,59,59,17,17,7,0],"gold":61,"neow_bonus":"REMOVE_CARD","is_prod":false,"is_daily":false,"chose_seed":false,"campfire_upgraded":1,"win_rate":0,"timestamp":1548982562,"path_taken":["M","?","?","M","M","E","R","E","T","R","M","M","E","?","R","BOSS","M","?","?","$","M","R","?","E"],"build_version":"2019-01-23","purchased_purges":1,"victory":false,"max_hp_per_floor":[71,71,71,71,71,71,71,71,71,71,71,71,71,71,71,71,71,71,71,71,71,71,71,71,71],"card_choices":[{"not_picked":["Leap","Barrage"],"picked":"Streamline","floor":1},{"not_picked":["Barrage","Heatsinks"],"picked":"Go for the Eyes","floor":4},{"not_picked":["Hello World","Leap"],"picked":"Compile Driver","floor":5},{"not_picked":["Turbo","FTL"],"picked":"White Noise","floor":6},{"not_picked":["Rip and Tear","Reinforced Body"],"picked":"Glacier","floor":8},{"not_picked":["Reinforced Body","Storm"],"picked":"Gash","floor":11},{"not_picked":["Go for the Eyes","Steam"],"picked":"Capacitor","floor":12},{"not_picked":["Machine Learning","Conserve Battery"],"picked":"Recycle","floor":13},{"not_picked":["Buffer","Core Surge"],"picked":"Hyperbeam","floor":16},{"not_picked":["Streamline","Steam"],"picked":"Glacier","floor":18},{"not_picked":["Cold Snap","Barrage"],"picked":"Capacitor","floor":22},{"not_picked":["Cold Snap","Force Field","Hologram"],"picked":"SKIP","floor":24}],"player_experience":776086,"relics_obtained":[{"floor":6,"key":"Pen Nib"},{"floor":8,"key":"War Paint"},{"floor":9,"key":"Bag of Preparation"},{"floor":13,"key":"Pocketwatch"}],"event_choices":[{"damage_healed":0,"gold_gain":0,"player_choice":"Grow","damage_taken":0,"max_hp_gain":0,"max_hp_loss":0,"event_name":"Living Wall","floor":2,"gold_loss":0,"cards_upgraded":["Streamline"]},{"damage_healed":17,"gold_gain":0,"player_choice":"Healed","damage_taken":0,"max_hp_gain":0,"max_hp_loss":0,"event_name":"The Cleric","floor":3,"gold_loss":35},{"damage_healed":0,"gold_gain":0,"player_choice":"Fled","damage_taken":11,"max_hp_gain":0,"max_hp_loss":0,"event_name":"Scrap Ooze","floor":14,"gold_loss":0},{"damage_healed":0,"gold_gain":0,"player_choice":"Ignored","damage_taken":0,"max_hp_gain":0,"max_hp_loss":0,"event_name":"Vampires","floor":19,"gold_loss":0},{"damage_healed":0,"gold_gain":0,"player_choice":"0 cards matched","damage_taken":0,"max_hp_gain":0,"max_hp_loss":0,"event_name":"Match and Keep!","floor":20,"gold_loss":0,"cards_obtained":[]}],"is_beta":false,"boss_relics":[{"not_picked":["Fusion Hammer","Empty Cage"],"picked":"Nuclear Battery"}],"items_purged_floors":[21],"is_endless":false,"potions_floor_spawned":[4,6,12,13,16,22,24],"killed_by":"Slavers","ascension_level":20}