{"path_per_floor":["M","?","?","M","M","R","M","R","T","R","M","M","M","?","R","B",null,"M","?","M","$","M","R","?","R","T","?","E","M","?","M","R","B",null,"M","M"],"character_chosen":"THE_SILENT","items_purchased":["Infinite Blades"],"gold_per_floor":[11,11,11,29,52,52,68,68,94,94,119,140,164,129,129,257,257,280,280,305,150,163,163,78,78,102,102,133,157,157,169,169,273,273,284,298],"floor_reached":37,"campfire_rested":4,"playtime":2801,"current_hp_per_floor":[70,56,56,56,56,56,48,48,48,48,45,33,23,40,61,30,70,65,65,65,65,31,52,52,70,70,70,31,11,11,11,47,46,70,70,50],"items_purged":["Injury"],"gold":298,"play_id":"f01d2c37-b6d9-415e-b1ad-eee2d636b01c","is_prod":false,"is_daily":false,"is_ascension_mode":false,"campfire_upgraded":3,"path_taken":["M","?","?","?","M","R","M","R","T","R","M","M","M","?","R","BOSS","M","?","?","$","M","R","?","R","T","?","E","?","?","M","R","BOSS","M","?","M"],"build_version":"2018-01-25-PROD3","purchased_purges":1,"victory":false,"master_deck":["Defend_G+1","Defend_G","Defend_G","Defend_G+1","Defend_G","Strike_G","Strike_G","Strike_G","Survivor+1","Neutralize","Calculated Gamble+1","Accuracy+1","Accuracy+1","Infinite Blades+1","Infinite Blades+1","Calculated Gamble","Calculated Gamble","Backflip","Infinite Blades","Injury","Terror+1","Infinite Blades","Outmaneuver","Writhe","Acrobatics+1","Cloak And Dagger","Adrenaline","Night Terror","Cloak And Dagger+1"],"max_hp_per_floor":[70,70,70,70,70,70,70,70,70,70,70,70,70,70,70,70,70,70,70,70,70,70,70,70,70,70,70,70,70,70,70,70,70,70,70,70],"relics":["Ring of the Snake","Bloody Idol","Happy Flower","Runic Pyramid","Orichalcum","War Paint","Regal Pillow","Dodecahedron","Eternal Feather"],"card_choices":[{"not_picked":["Distraction","Deadly Poison"],"picked":"Accuracy"},{"not_picked":["Underhanded Strike","Crippling Poison"],"picked":"Infinite Blades"},{"not_picked":["Underhanded Strike","Dagger Throw"],"picked":"Infinite Blades"},{"not_picked":["Quick Slash","Deadly Poison"],"picked":"Calculated Gamble"},{"not_picked":["Masterful Stab","Flying Knee"],"picked":"Calculated Gamble"},{"not_picked":["Acrobatics","Outmaneuver"],"picked":"Backflip"},{"not_picked":["Flying Knee","Bane"],"picked":"Infinite Blades"},{"not_picked":["Prepared","Dagger Spray"],"picked":"Terror"},{"not_picked":["Catalyst","Deadly Poison"],"picked":"Outmaneuver"},{"not_picked":["Masterful Stab","Dash"],"picked":"Acrobatics"},{"not_picked":["Acrobatics","Flying Knee"],"picked":"Cloak And Dagger"},{"not_picked":["Quick Slash","Backstab"],"picked":"Adrenaline"},{"not_picked":["Glass Knife","After Image"],"picked":"Night Terror"},{"not_picked":["Slice","Sucker Punch"],"picked":"Cloak And Dagger"}],"player_experience":141488,"potions_floor_usage":[16,16,18,31,33],"damage_taken":[{"damage":0,"enemies":"Cultist","floor":1,"turns":4},{"damage":0,"enemies":"Jaw Worm","floor":4,"turns":7},{"damage":0,"enemies":"2 Louse","floor":5,"turns":3},{"damage":8,"enemies":"Large Slime","floor":7,"turns":5},{"damage":3,"enemies":"2 Fungi Beasts","floor":11,"turns":4},{"damage":12,"enemies":"Looter","floor":12,"turns":3},{"damage":10,"enemies":"Exordium Thugs","floor":13,"turns":5},{"damage":31,"enemies":"Hexaghost","floor":16,"turns":8},{"damage":5,"enemies":"3 Byrds","floor":18,"turns":5},{"damage":0,"enemies":"Spheric Guardian","floor":20,"turns":3},{"damage":34,"enemies":"Snake Plant","floor":22,"turns":3},{"damage":39,"enemies":"Slavers","floor":28,"turns":6},{"damage":20,"enemies":"Sentry and Sphere","floor":29,"turns":7},{"damage":5,"enemies":"Snecko","floor":31,"turns":5},{"damage":6,"enemies":"Champ","floor":33,"turns":9},{"damage":3,"enemies":"Orb Walker","floor":35,"turns":4},{"damage":25,"enemies":"3 Darklings","floor":36,"turns":7},{"damage":51,"enemies":"Sphere and 2 Shapes","floor":37,"turns":7}],"event_choices":[{"event_name":"Shining Light","player_choice":"Entered Light","floor":2,"damage_taken":0},{"event_name":"Golden Idol","player_choice":"Take Wound","floor":3,"damage_taken":0},{"event_name":"The Cleric","player_choice":"Healed","floor":14,"damage_taken":0},{"event_name":"Accursed Blacksmith","player_choice":"Forge","floor":19,"damage_taken":0},{"event_name":"Addict","player_choice":"Obtained Relic","floor":24,"damage_taken":0},{"event_name":"The Mausoleum","player_choice":"Yes","floor":27,"damage_taken":0},{"event_name":"Forgotten Altar","player_choice":"Gave Idol","floor":30,"damage_taken":0}],"boss_relics":[{"not_picked":["Runic Dome","Tiny House"],"picked":"Runic Pyramid"},{"not_picked":["Orrery","Philosopher\u0027s Stone"],"picked":"Eternal Feather"}],"potions_floor_spawned":[1,4,7,16,20,29,31,33,36],"seed_played":"7972600367703527338","killed_by":"Sphere and 2 Shapes","ascension_level":0,"is_trial":false}