{"gold_per_floor":[113,188,82,82,93,123,137,137,160,160,188,168,168,168],"floor_reached":14,"playtime":467,"items_purged":[],"score":163,"play_id":"0a74def2-4fc7-48a2-9438-654f481a9f4f","local_time":"20181205121018","is_ascension_mode":true,"campfire_choices":[{"data":"Zap","floor":10,"key":"SMITH"},{"floor":13,"key":"REST"}],"neow_cost":"NONE","seed_source_timestamp":587412062502218,"circlet_count":0,"master_deck":["Strike_B","Strike_B","Strike_B","Strike_B","Defend_B","Defend_B","Defend_B","Defend_B","Zap+1","Dualcast","White Noise","Capacitor","Darkness","Defragment","Auto Shields"],"relics":["Cracked Core","NeowsBlessing","CultistMask","Boot","Juzu Bracelet","Lantern"],"potions_floor_usage":[14],"damage_taken":[{"damage":0,"enemies":"Jaw Worm","floor":1,"turns":1},{"damage":0,"enemies":"Small Slimes","floor":5,"turns":1},{"damage":0,"enemies":"Lagavulin","floor":6,"turns":1},{"damage":1,"enemies":"Cultist","floor":7,"turns":4},{"damage":66,"enemies":"Gremlin Nob","floor":11,"turns":5},{"damage":49,"enemies":"3 Sentries","floor":14,"turns":6}],"seed_played":"-2261569884899146804","potions_obtained":[{"floor":5,"key":"Poison Potion"},{"floor":11,"key":"Regen Potion"},{"floor":12,"key":"FearPotion"}],"is_trial":false,"path_per_floor":["M","?","$","?","M","E","M","?","T","R","E","?","R","E"],"character_chosen":"DEFECT","items_purchased":["Capacitor","Darkness"],"campfire_rested":1,"item_purchase_floors":[3,3],"current_hp_per_floor":[68,57,57,57,57,57,56,75,75,75,9,9,31,0],"gold":168,"neow_bonus":"THREE_ENEMY_KILL","is_prod":false,"is_daily":false,"chose_seed":false,"campfire_upgraded":1,"win_rate":0,"timestamp":1543986618,"path_taken":["M","?","$","?","?","E","M","?","T","R","E","?","R","E"],"build_version":"2018-11-15","purchased_purges":0,"victory":false,"max_hp_per_floor":[75,75,75,75,75,75,75,75,75,75,75,75,75,75],"card_choices":[{"not_picked":["Go for the Eyes","Blizzard"],"picked":"White Noise","floor":1},{"not_picked":["Steam","Barrage"],"picked":"Defragment","floor":5},{"not_picked":["Force Field","Turbo"],"picked":"Auto Shields","floor":6},{"not_picked":["Doom and Gloom","Streamline"],"picked":"Defragment","floor":7},{"not_picked":["Rebound","Lockon","Storm"],"picked":"SKIP","floor":11}],"player_experience":171621,"relics_obtained":[{"floor":6,"key":"Boot"},{"floor":9,"key":"Juzu Bracelet"},{"floor":11,"key":"Lantern"}],"event_choices":[{"damage_healed":0,"gold_gain":75,"player_choice":"Gather Gold","damage_taken":11,"max_hp_gain":0,"max_hp_loss":0,"event_name":"World of Goop","floor":2,"gold_loss":0},{"damage_healed":0,"gold_gain":0,"player_choice":"Trade","damage_taken":0,"relics_obtained":["CultistMask"],"max_hp_gain":0,"max_hp_loss":0,"event_name":"FaceTrader","floor":4,"gold_loss":0},{"cards_removed":["Defragment"],"damage_healed":19,"gold_gain":0,"player_choice":"Offered Uncommon","damage_taken":0,"max_hp_gain":0,"max_hp_loss":0,"event_name":"Bonfire Elementals","floor":8,"gold_loss":0},{"damage_healed":0,"gold_gain":0,"player_choice":"Bought 1 Potion","damage_taken":0,"max_hp_gain":0,"max_hp_loss":0,"event_name":"The Woman in Blue","floor":12,"gold_loss":0}],"is_beta":false,"boss_relics":[],"items_purged_floors":[],"is_endless":false,"potions_floor_spawned":[5,11],"killed_by":"3 Sentries","ascension_level":7}