{"gold_per_floor":[119,43,43,58,58,58,84,84,84,104,104,129,129,148,148,244,244,263,443,462,10,10,10,38,38,38,50,78,40,71,170,170,273,273,290,302,322,19,19,48,65,98,121,121,131,131,131,142,142,142],"floor_reached":51,"playtime":2442,"items_purged":["Strike_B"],"score":1294,"play_id":"be22b3e7-6fd2-4488-947f-3a624f8db8e3","local_time":"20180819222053","is_ascension_mode":true,"campfire_choices":[{"data":"Doom and Gloom","floor":6,"key":"SMITH"},{"data":"Beam Cell","floor":8,"key":"SMITH"},{"data":"Electrodynamics","floor":11,"key":"SMITH"},{"data":"Loop","floor":15,"key":"SMITH"},{"floor":23,"key":"REST"},{"data":"Go for the Eyes","floor":25,"key":"SMITH"},{"floor":32,"key":"REST"},{"floor":44,"key":"REST"},{"floor":49,"key":"REST"}],"neow_cost":"NONE","seed_source_timestamp":618766580490293,"circlet_count":0,"master_deck":["Strike_B+1","Strike_B+1","Defend_B+1","Defend_B+1","Defend_B+1","Defend_B+1","Zap+1","Dualcast+1","AscendersBane","Go for the Eyes+1","Doom and Gloom+1","Beam Cell+1","Stack+1","Electrodynamics+1","Loop+1","Hologram+1","All For One+1","Coolheaded+1","Self Repair+1","Rainbow+1","Turbo+1","Glacier+1","Undo+1","Stack+1","Echo Form+1","Clumsy","Normality","Doubt","Loop+1","Thunder Strike+1","Force Field+1"],"relics":["Cracked Core","NeowsBlessing","Blue Candle","Toxic Egg 2","Oddly Smooth Stone","Snecko Eye","Art of War","Happy Flower","Mummified Hand","Ornamental Fan","Singing Bowl","Bronze Scales","Calling Bell","Juzu Bracelet","Pear","Torii","Ancient Tea Set","Orichalcum","Strawberry","Regal Pillow","Mark of the Bloom"],"potions_floor_usage":[24,30,33,40,50],"damage_taken":[{"damage":0,"enemies":"2 Louse","floor":1,"turns":1},{"damage":0,"enemies":"Jaw Worm","floor":4,"turns":1},{"damage":0,"enemies":"Lagavulin","floor":7,"turns":1},{"damage":4,"enemies":"Cultist","floor":10,"turns":3},{"damage":5,"enemies":"3 Sentries","floor":12,"turns":2},{"damage":1,"enemies":"Exordium Thugs","floor":14,"turns":4},{"damage":20,"enemies":"Hexaghost","floor":16,"turns":6},{"damage":6,"enemies":"3 Byrds","floor":18,"turns":2},{"damage":16,"enemies":"2 Thieves","floor":20,"turns":2},{"damage":6,"enemies":"Book of Stabbing","floor":24,"turns":4},{"damage":0,"enemies":"Sentry and Sphere","floor":27,"turns":2},{"damage":9,"enemies":"Gremlin Leader","floor":28,"turns":4},{"damage":21,"enemies":"Book of Stabbing","floor":30,"turns":6},{"damage":31,"enemies":"Collector","floor":33,"turns":13},{"damage":1,"enemies":"3 Darklings","floor":35,"turns":3},{"damage":0,"enemies":"Orb Walker","floor":36,"turns":3},{"damage":19,"enemies":"Flame Bruiser 2 Orb","floor":37,"turns":4},{"damage":16,"enemies":"Giant Head","floor":40,"turns":8},{"damage":14,"enemies":"Transient","floor":41,"turns":5},{"damage":38,"enemies":"2 Orb Walkers","floor":42,"turns":4},{"damage":0,"enemies":"Maw","floor":45,"turns":4},{"damage":2,"enemies":"Spire Growth","floor":48,"turns":6},{"damage":8,"enemies":"Donu and Deca","floor":50,"turns":5}],"seed_played":"254993386563076514","potions_obtained":[{"floor":4,"key":"Explosive Potion"},{"floor":7,"key":"Energy Potion"},{"floor":20,"key":"Regen Potion"},{"floor":24,"key":"SkillPotion"},{"floor":36,"key":"FocusPotion"},{"floor":37,"key":"GamblersBrew"},{"floor":45,"key":"SteroidPotion"}],"is_trial":false,"path_per_floor":["M","$","?","M","$","R","E","R","T","M","R","E","?","M","R","B",null,"M","?","M","$","?","R","E","R","T","M","E","$","E","?","R","B",null,"M","M","M","$","?","E","M","E","T","R","M","?","?","M","R","B"],"character_chosen":"DEFECT","items_purchased":["Doom and Gloom","Self Repair","Art of War","Happy Flower","Undo+1","Thunder Strike","Ancient Tea Set"],"campfire_rested":4,"item_purchase_floors":[2,21,21,21,29,38,38],"current_hp_per_floor":[68,68,53,53,53,53,53,53,53,49,49,44,44,43,43,23,62,56,35,19,19,19,41,54,54,54,54,52,52,38,38,60,36,75,76,85,80,80,80,73,68,39,39,84,93,93,93,91,91,83],"gold":142,"neow_bonus":"THREE_ENEMY_KILL","is_prod":false,"is_daily":false,"chose_seed":false,"campfire_upgraded":5,"win_rate":0,"timestamp":1534731653,"path_taken":["M","$","?","M","?","R","E","R","T","M","R","E","?","M","R","BOSS","M","?","M","$","?","R","E","R","T","M","E","?","E","?","R","BOSS","M","M","M","$","?","E","M","E","T","R","M","?","?","M","R","BOSS"],"build_version":"2018-08-16","purchased_purges":1,"victory":true,"max_hp_per_floor":[75,75,75,75,75,75,75,75,75,75,75,75,75,75,75,75,75,75,75,75,75,75,75,75,75,75,75,75,75,75,75,75,75,85,87,89,89,89,89,91,93,102,102,102,104,104,104,106,106,106],"card_choices":[{"not_picked":["Recycle","Gash"],"picked":"Go for the Eyes","floor":1},{"not_picked":["Fusion","Melter"],"picked":"Beam Cell","floor":4},{"not_picked":["Rebound","Conserve Battery"],"picked":"Stack","floor":7},{"not_picked":["Leap+1","Ball Lightning"],"picked":"Electrodynamics","floor":10},{"not_picked":["Redo+1","Ball Lightning"],"picked":"Loop","floor":12},{"not_picked":["Conserve Battery+1","Stack+1"],"picked":"Hologram+1","floor":14},{"not_picked":["Rainbow+1","Electrodynamics"],"picked":"All For One","floor":16},{"not_picked":["Steam+1","Turbo+1","Barrage"],"picked":"SKIP","floor":18},{"not_picked":["Blizzard","Compile Driver"],"picked":"Coolheaded+1","floor":20},{"not_picked":["Compile Driver+1","Aggregate+1"],"picked":"Rainbow+1","floor":24},{"not_picked":["Storm","White Noise+1"],"picked":"Turbo+1","floor":27},{"not_picked":["Leap+1","Genetic Algorithm+1"],"picked":"Glacier+1","floor":28},{"not_picked":["Barrage","BootSequence+1"],"picked":"Stack+1","floor":30},{"not_picked":["Seek+1","Multi-Cast+1"],"picked":"Echo Form","floor":33},{"not_picked":["Stack+1","Hologram+1","Melter"],"picked":"Singing Bowl","floor":35},{"not_picked":["Streamline+1","Darkness+1","Rainbow+1"],"picked":"Singing Bowl","floor":36},{"not_picked":["Lockon","Double Energy+1"],"picked":"Loop+1","floor":37},{"not_picked":["Rebound+1","Leap+1","Compile Driver"],"picked":"Singing Bowl","floor":40},{"not_picked":["Streamline","Consume+1","Skim+1"],"picked":"Singing Bowl","floor":41},{"not_picked":["Storm+1","Darkness+1","Turbo+1"],"picked":"Singing Bowl","floor":42},{"not_picked":["Darkness+1","Auto Shields+1","Lockon"],"picked":"Singing Bowl","floor":45},{"not_picked":["Beam Cell","Genetic Algorithm+1","Turbo+1"],"picked":"Singing Bowl","floor":48}],"player_experience":460870,"relics_obtained":[{"floor":7,"key":"Blue Candle"},{"floor":9,"key":"Toxic Egg 2"},{"floor":12,"key":"Oddly Smooth Stone"},{"floor":24,"key":"Mummified Hand"},{"floor":26,"key":"Ornamental Fan"},{"floor":28,"key":"Singing Bowl"},{"floor":30,"key":"Bronze Scales"},{"floor":34,"key":"Juzu Bracelet"},{"floor":34,"key":"Pear"},{"floor":34,"key":"Torii"},{"floor":40,"key":"Orichalcum"},{"floor":42,"key":"Strawberry"},{"floor":43,"key":"Regal Pillow"}],"event_choices":[{"event_name":"Shining Light","player_choice":"Entered Light","floor":3,"damage_taken":0},{"event_name":"Liars Game","player_choice":"disagreed","floor":13,"damage_taken":0},{"event_name":"Knowing Skull","player_choice":"GOLD GOLD ","floor":19,"damage_taken":0},{"event_name":"Drug Dealer","player_choice":"Ignored","floor":22,"damage_taken":0},{"event_name":"Nest","player_choice":"Stole From Cult","floor":31,"damage_taken":0},{"event_name":"Transmorgrifier","player_choice":"Transform","floor":39,"damage_taken":0},{"event_name":"MindBloom","player_choice":"Upgrade","floor":46,"damage_taken":0},{"event_name":"The Woman in Blue","player_choice":"Bought 0 Potions","floor":47,"damage_taken":0}],"is_beta":false,"boss_relics":[{"not_picked":["Nuclear Battery","Cursed Key"],"picked":"Snecko Eye"},{"not_picked":["Empty Cage","Runic Dome"],"picked":"Calling Bell"}],"items_purged_floors":[21],"is_endless":false,"potions_floor_spawned":[4,7,20,24,36,37,45],"ascension_level":12}