{"gold_per_floor":[112,112,37,11,28,28,59,59,141,166,166,182,257,307,307,386,386,406,70,470,489,45,70,70,99,99,24,38,53,53,88,88,165,165,175,193,203,203,203,203,203,203,229,229,240,259,259,63,63,63],"floor_reached":51,"playtime":2147,"items_purged":["Clash","Regret"],"score":1356,"play_id":"f8c8c4a7-a60d-4bef-9c2a-0674f40510b0","local_time":"20180923192548","is_ascension_mode":true,"campfire_choices":[{"data":"Iron Wave","floor":6,"key":"SMITH"},{"data":"Havoc","floor":8,"key":"SMITH"},{"data":"Pommel Strike","floor":11,"key":"SMITH"},{"floor":15,"key":"REST"},{"floor":24,"key":"REST"},{"data":"Disarm","floor":30,"key":"SMITH"},{"floor":32,"key":"REST"},{"data":"Demon Form","floor":40,"key":"SMITH"},{"data":"Shrug It Off","floor":42,"key":"SMITH"},{"data":"Sword Boomerang","floor":44,"key":"SMITH"},{"floor":49,"key":"REST"}],"neow_cost":"NONE","seed_source_timestamp":3028347373471,"circlet_count":0,"master_deck":["Strike_R","Strike_R","Strike_R","Strike_R","Strike_R+1","Defend_R","Defend_R","Defend_R","Defend_R","Bash+1","AscendersBane","Pummel","Iron Wave+1","Havoc+1","Pommel Strike+1","Spot Weakness","Offering","Shrug It Off+1","Evolve","Sword Boomerang+1","Flame Barrier","Disarm+1","Shrug It Off","Thunderclap+1","Iron Wave","True Grit","Power Through","Iron Wave+1","Demon Form+1","Heavy Blade+1","Pummel+1","Madness","Madness","Jack Of All Trades","Disarm","Clothesline","Infernal Blade","Heavy Blade"],"relics":["Black Blood","Whetstone","WarpedTongs","Vajra","Shuriken","Lantern","Cursed Key","Anchor","Old Coin","Paper Frog","Bottled Flame","Centennial Puzzle","Orichalcum","Turnip","Smiling Mask","Blood Vial","Incense Burner"],"potions_floor_usage":[7,20,50,50],"damage_taken":[{"damage":12,"enemies":"Small Slimes","floor":1,"turns":4},{"damage":0,"enemies":"Cultist","floor":5,"turns":2},{"damage":32,"enemies":"Gremlin Nob","floor":7,"turns":5},{"damage":13,"enemies":"Lagavulin","floor":10,"turns":4},{"damage":4,"enemies":"Jaw Worm","floor":12,"turns":3},{"damage":34,"enemies":"The Guardian","floor":16,"turns":9},{"damage":17,"enemies":"2 Thieves","floor":18,"turns":3},{"damage":6,"enemies":"Colosseum Slavers","floor":20,"turns":2},{"damage":22,"enemies":"Colosseum Nobs","floor":20,"turns":5},{"damage":6,"enemies":"Chosen","floor":21,"turns":2},{"damage":20,"enemies":"Slavers","floor":23,"turns":5},{"damage":25,"enemies":"Gremlin Leader","floor":25,"turns":5},{"damage":3,"enemies":"Centurion and Healer","floor":28,"turns":5},{"damage":0,"enemies":"Cultist and Chosen","floor":29,"turns":5},{"damage":9,"enemies":"Book of Stabbing","floor":31,"turns":4},{"damage":23,"enemies":"Champ","floor":33,"turns":10},{"damage":1,"enemies":"Orb Walker","floor":35,"turns":2},{"damage":7,"enemies":"3 Shapes","floor":36,"turns":6},{"damage":23,"enemies":"Reptomancer","floor":37,"turns":6},{"damage":14,"enemies":"3 Darklings","floor":45,"turns":6},{"damage":12,"enemies":"Transient","floor":46,"turns":5},{"damage":10,"enemies":"Mind Bloom Boss Battle","floor":47,"turns":7},{"damage":52,"enemies":"Awakened One","floor":50,"turns":10}],"seed_played":"5691644676291857239","potions_obtained":[{"floor":1,"key":"PowerPotion"},{"floor":7,"key":"Fire Potion"},{"floor":12,"key":"Ancient Potion"},{"floor":25,"key":"Fire Potion"},{"floor":28,"key":"SkillPotion"},{"floor":33,"key":"SpeedPotion"}],"is_trial":false,"path_per_floor":["M","?","?","$","M","R","E","R","T","E","R","M","?","?","R","B",null,"M","$","?","M","$","E","R","E","T","?","M","M","R","E","R","B",null,"M","M","M","?","?","R","?","R","T","R","M","M","?","$","R","B"],"character_chosen":"IRONCLAD","items_purchased":["Clash","Evolve","Anchor","Disarm","Bottled Flame","Shrug It Off","Infernal Blade","Heavy Blade"],"campfire_rested":4,"item_purchase_floors":[4,19,19,22,22,22,48,48],"current_hp_per_floor":[62,62,62,62,68,68,42,42,42,35,35,37,26,26,48,20,61,50,50,34,34,34,20,42,23,23,23,26,32,32,29,51,34,65,74,75,62,62,48,48,48,48,48,48,46,46,48,48,70,42],"gold":63,"neow_bonus":"RANDOM_COMMON_RELIC","is_prod":false,"is_daily":false,"chose_seed":false,"campfire_upgraded":7,"win_rate":0,"timestamp":1537745148,"path_taken":["M","?","?","$","?","R","E","R","T","E","R","M","?","?","R","BOSS","M","?","?","M","$","E","R","E","T","?","?","M","R","E","R","BOSS","M","?","M","?","?","R","?","R","T","R","?","M","?","$","R","BOSS"],"build_version":"2018-09-20","purchased_purges":2,"victory":true,"max_hp_per_floor":[75,75,75,75,75,75,75,75,75,75,75,75,75,75,75,75,75,75,75,75,75,75,75,75,75,75,75,75,75,75,75,75,75,75,75,75,75,75,75,75,75,75,75,75,75,75,75,75,75,75],"card_choices":[{"not_picked":["Sever Soul","Rupture"],"picked":"Pummel","floor":1},{"not_picked":["Sword Boomerang","Anger"],"picked":"Iron Wave","floor":5},{"not_picked":["Sword Boomerang","Dropkick"],"picked":"Havoc","floor":7},{"not_picked":["Heavy Blade","Body Slam"],"picked":"Pommel Strike","floor":10},{"not_picked":["Flex","Fire Breathing"],"picked":"Spot Weakness","floor":12},{"not_picked":["Brutality","Juggernaut"],"picked":"Offering","floor":16},{"not_picked":["Burning Pact","True Grit"],"picked":"Shrug It Off","floor":18},{"not_picked":["Clothesline","Rampage+1"],"picked":"Sword Boomerang","floor":20},{"not_picked":["Uppercut","Pommel Strike"],"picked":"Flame Barrier","floor":21},{"not_picked":["Combust","Disarm"],"picked":"Thunderclap+1","floor":23},{"not_picked":["Perfected Strike","Searing Blow"],"picked":"Iron Wave","floor":25},{"not_picked":["Shrug It Off","Sword Boomerang"],"picked":"True Grit","floor":28},{"not_picked":["Combust+1","Cleave+1"],"picked":"Power Through","floor":29},{"not_picked":["Juggernaut","Perfected Strike"],"picked":"Iron Wave+1","floor":31},{"not_picked":["Feed","Immolate"],"picked":"Demon Form","floor":33},{"not_picked":["Warcry","Thunderclap"],"picked":"Heavy Blade+1","floor":35},{"not_picked":["Carnage","Perfected Strike"],"picked":"Pummel+1","floor":36},{"not_picked":["Dropkick","Carnage","Flex"],"picked":"SKIP","floor":37},{"not_picked":["Sadistic Nature","Discovery"],"picked":"Jack Of All Trades","floor":41},{"not_picked":["Flex+1","Body Slam"],"picked":"Disarm","floor":45},{"not_picked":["Burning Pact","Shrug It Off"],"picked":"Clothesline","floor":46}],"player_experience":493847,"relics_obtained":[{"floor":7,"key":"Vajra"},{"floor":9,"key":"Shuriken"},{"floor":10,"key":"Lantern"},{"floor":20,"key":"Old Coin"},{"floor":20,"key":"Paper Frog"},{"floor":23,"key":"Centennial Puzzle"},{"floor":25,"key":"Orichalcum"},{"floor":26,"key":"Turnip"},{"floor":31,"key":"Smiling Mask"},{"floor":43,"key":"Blood Vial"},{"floor":47,"key":"Incense Burner"}],"event_choices":[{"event_name":"Accursed Blacksmith","player_choice":"Rummage","floor":2,"damage_taken":0},{"event_name":"The Cleric","player_choice":"Card Removal","floor":3,"damage_taken":0},{"event_name":"World of Goop","player_choice":"Gather Gold","floor":13,"damage_taken":0},{"event_name":"Golden Shrine","player_choice":"Pray","floor":14,"damage_taken":0},{"event_name":"Colosseum","player_choice":"Fight","floor":20,"damage_taken":0},{"event_name":"Colosseum","player_choice":"Fought Nobs","floor":20,"damage_taken":0},{"event_name":"Beggar","player_choice":"Gave Gold","floor":27,"damage_taken":0},{"event_name":"Tomb of Lord Red Mask","player_choice":"Ignored","floor":38,"damage_taken":0},{"event_name":"Winding Halls","player_choice":"Embrace Madness","floor":39,"damage_taken":0},{"event_name":"SensoryStone","player_choice":"Memory 1","floor":41,"damage_taken":0},{"event_name":"MindBloom","player_choice":"Fight","floor":47,"damage_taken":0}],"is_beta":false,"boss_relics":[{"not_picked":["Philosopher\u0027s Stone","Ectoplasm"],"picked":"Cursed Key"},{"not_picked":["Tiny House","Black Star"],"picked":"Black Blood"}],"items_purged_floors":[19,48],"is_endless":false,"potions_floor_spawned":[1,7,12,20,25,28,33,36,45,47],"ascension_level":16}