{"gold_per_floor":[118,43,43,218,236,236,251,251,251,267,267,98,98,111,111,111],"floor_reached":16,"playtime":644,"items_purged":["Defend_R","Doubt"],"score":126,"play_id":"89bd6422-d3f8-4616-bb7c-86c4f039e43c","local_time":"20190201004014","is_ascension_mode":true,"campfire_choices":[{"data":"True Grit","floor":6,"key":"SMITH"},{"data":"True Grit","floor":8,"key":"SMITH"},{"data":"Perfected Strike","floor":11,"key":"SMITH"},{"data":"Bash","floor":15,"key":"SMITH"}],"neow_cost":"NONE","seed_source_timestamp":700878046448138,"circlet_count":0,"master_deck":["Strike_R","Strike_R","Strike_R","Strike_R","Strike_R","Defend_R","Defend_R","Bash+1","Shrug It Off","True Grit+1","Perfected Strike+1","True Grit+1","Shrug It Off","Feed","Sentinel"],"relics":["Burning Blood","Self Forming Clay"],"potions_floor_usage":[16,16],"damage_taken":[{"damage":11,"enemies":"Cultist","floor":1,"turns":5},{"damage":15,"enemies":"Small Slimes","floor":5,"turns":5},{"damage":3,"enemies":"Jaw Worm","floor":7,"turns":2},{"damage":12,"enemies":"Exordium Wildlife","floor":10,"turns":7},{"damage":14,"enemies":"Gremlin Gang","floor":14,"turns":8},{"damage":44,"enemies":"Hexaghost","floor":16,"turns":9}],"seed_played":"2090918306608063446","potions_obtained":[{"floor":1,"key":"FearPotion"},{"floor":14,"key":"Poison Potion"}],"is_trial":false,"path_per_floor":["M","$","$","?","M","R","M","R","T","M","R","$","?","M","R","B"],"character_chosen":"IRONCLAD","items_purchased":["Feed"],"campfire_rested":0,"item_purchase_floors":[12],"current_hp_per_floor":[67,67,67,67,58,58,61,61,61,55,55,55,48,43,43,0],"gold":111,"neow_bonus":"THREE_CARDS","is_prod":false,"is_daily":false,"chose_seed":false,"campfire_upgraded":4,"win_rate":0,"timestamp":1548956414,"path_taken":["M","?","$","?","M","R","M","R","T","M","R","$","?","M","R","BOSS"],"build_version":"2019-01-23","purchased_purges":2,"victory":false,"max_hp_per_floor":[80,80,80,80,80,80,80,80,80,80,80,80,80,83,83,83],"card_choices":[{"not_picked":["Twin Strike","Body Slam"],"picked":"Shrug It Off","floor":0},{"not_picked":["Burning Pact","Shrug It Off"],"picked":"True Grit","floor":1},{"not_picked":["Twin Strike","Pommel Strike"],"picked":"Perfected Strike","floor":5},{"not_picked":["Dual Wield","Twin Strike"],"picked":"True Grit","floor":7},{"not_picked":["Evolve","Seeing Red"],"picked":"Shrug It Off","floor":10},{"not_picked":["Armaments","Ghostly Armor"],"picked":"Sentinel","floor":14}],"player_experience":296706,"relics_obtained":[{"floor":9,"key":"Self Forming Clay"}],"event_choices":[{"damage_healed":0,"gold_gain":175,"player_choice":"AGREE","damage_taken":0,"max_hp_gain":0,"max_hp_loss":0,"event_name":"Liars Game","floor":4,"gold_loss":0,"cards_obtained":["Doubt"]},{"cards_removed":["Defend_R"],"damage_healed":0,"gold_gain":0,"player_choice":"Card Removal","damage_taken":7,"max_hp_gain":0,"max_hp_loss":0,"event_name":"Golden Wing","floor":13,"gold_loss":0}],"is_beta":false,"boss_relics":[],"items_purged_floors":[2,12],"is_endless":false,"potions_floor_spawned":[1,14],"killed_by":"Hexaghost","ascension_level":8}