{"gold_per_floor":[111,126,141,160,4,4,15,28,51,51,68,68,143,171,171,270,270,285,296,41,55,70,87,0,0,24,24,24,44,18,18,18,18],"floor_reached":33,"playtime":2066,"items_purged":[],"score":251,"play_id":"390af469-f7ff-4644-b5df-24502c7b974d","local_time":"20180630103659","is_ascension_mode":false,"campfire_choices":[{"data":"Footwork","floor":6,"key":"SMITH"},{"floor":10,"key":"REST"},{"floor":12,"key":"REST"},{"data":"Blade Dance","floor":15,"key":"SMITH"},{"floor":25,"key":"REST"},{"floor":27,"key":"REST"},{"floor":32,"key":"REST"}],"neow_cost":"NONE","seed_source_timestamp":730012015483326,"circlet_count":0,"master_deck":["Defend_G","Defend_G","Defend_G","Defend_G","Defend_G","Strike_G","Strike_G","Strike_G","Strike_G","Strike_G","Survivor","Neutralize","Prepared","Footwork+1","Backflip","Blade Dance+1","Backstab","Heel Hook","Underhanded Strike","Sucker Punch","Envenom","Dagger Throw","Dodge and Roll","Crippling Poison","Crippling Poison","Bane","Backflip","Dagger Spray","Sucker Punch+1","Bane","Distraction+1","Bane","Underhanded Strike"],"relics":["Ring of the Snake","Lantern","Bronze Scales","Blood Vial","Orichalcum","Orrery","Paper Crane","Regal Pillow"],"potions_floor_usage":[16,16,16,33,33,33],"damage_taken":[{"damage":4,"enemies":"Cultist","floor":1,"turns":4},{"damage":8,"enemies":"Jaw Worm","floor":2,"turns":4},{"damage":0,"enemies":"Small Slimes","floor":3,"turns":6},{"damage":12,"enemies":"3 Louse","floor":4,"turns":6},{"damage":0,"enemies":"Large Slime","floor":7,"turns":7},{"damage":16,"enemies":"Gremlin Gang","floor":8,"turns":4},{"damage":4,"enemies":"Red Slaver","floor":11,"turns":3},{"damage":8,"enemies":"3 Sentries","floor":14,"turns":8},{"damage":8,"enemies":"Hexaghost","floor":16,"turns":14},{"damage":30,"enemies":"2 Thieves","floor":18,"turns":3},{"damage":3,"enemies":"3 Byrds","floor":19,"turns":4},{"damage":15,"enemies":"Snake Plant","floor":21,"turns":6},{"damage":8,"enemies":"Slaver and Parasite","floor":22,"turns":8},{"damage":4,"enemies":"3 Cultists","floor":23,"turns":6},{"damage":43,"enemies":"Cultist and Chosen","floor":29,"turns":8},{"damage":55,"enemies":"Collector","floor":33,"turns":9}],"seed_played":"-8799685894350248238","potions_obtained":[{"floor":2,"key":"Dexterity Potion"},{"floor":3,"key":"EssenceOfSteel"},{"floor":4,"key":"Dexterity Potion"},{"floor":16,"key":"Poison Potion"},{"floor":19,"key":"GhostInAJar"},{"floor":21,"key":"Explosive Potion"},{"floor":29,"key":"GhostInAJar"}],"is_trial":false,"path_per_floor":["M","M","M","M","$","R","M","M","T","R","M","R","?","E","R","B",null,"M","M","$","M","M","M","?","R","T","R","?","M","$","?","R"],"character_chosen":"THE_SILENT","items_purchased":["Bronze Scales","Paper Crane","Underhanded Strike"],"campfire_rested":5,"item_purchase_floors":[5,20,30],"current_hp_per_floor":[66,58,58,46,46,46,46,30,30,51,49,70,59,53,53,47,70,40,39,39,26,20,18,18,39,39,70,70,27,27,14,51,0],"gold":18,"neow_bonus":"RANDOM_COMMON_RELIC","is_prod":false,"is_daily":false,"chose_seed":false,"campfire_upgraded":2,"win_rate":0.0,"timestamp":1530329819,"path_taken":["M","M","M","M","$","R","M","M","T","R","M","R","?","E","R","BOSS","M","M","$","M","M","M","?","R","T","R","?","M","$","?","R","BOSS"],"build_version":"2018-06-28","purchased_purges":0,"victory":false,"max_hp_per_floor":[70,70,70,70,70,70,70,70,70,70,70,70,70,70,70,70,70,70,70,70,70,70,70,70,70,70,70,70,70,70,75,75,75],"card_choices":[{"not_picked":["Reflex","Acrobatics"],"picked":"Prepared","floor":1},{"not_picked":["Slice","Infinite Blades"],"picked":"Footwork","floor":2},{"not_picked":["Flying Knee","Calculated Gamble"],"picked":"Backflip","floor":3},{"not_picked":["Bane","Skewer"],"picked":"Blade Dance","floor":4},{"not_picked":["Choke","Flying Knee"],"picked":"Backstab","floor":7},{"not_picked":["Dagger Spray","Prepared"],"picked":"Heel Hook","floor":8},{"not_picked":["Well Laid Plans","Envenom"],"picked":"Underhanded Strike","floor":11},{"not_picked":["Well Laid Plans","PiercingWail"],"picked":"Sucker Punch","floor":14},{"not_picked":["Doppelganger","A Thousand Cuts"],"picked":"Envenom","floor":16},{"not_picked":["Sucker Punch","Outmaneuver"],"picked":"Dagger Throw","floor":17},{"not_picked":["Poisoned Stab","Infinite Blades"],"picked":"Dodge and Roll","floor":17},{"not_picked":["Slice","Bane"],"picked":"Crippling Poison","floor":17},{"not_picked":["Underhanded Strike","Finisher"],"picked":"Crippling Poison","floor":17},{"not_picked":["Blade Dance","Backflip"],"picked":"Bane","floor":17},{"not_picked":["Acrobatics","Terror"],"picked":"Backflip","floor":18},{"not_picked":["Prepared","Expertise"],"picked":"Dagger Spray","floor":19},{"not_picked":["Heel Hook+1","Flechettes"],"picked":"Sucker Punch+1","floor":21},{"not_picked":["Poisoned Stab","A Thousand Cuts"],"picked":"Bane","floor":22},{"not_picked":["Outmaneuver","Masterful Stab"],"picked":"Distraction+1","floor":23},{"not_picked":["Blur","Reflex"],"picked":"Bane","floor":29}],"player_experience":13403,"relics_obtained":[{"floor":9,"key":"Blood Vial"},{"floor":14,"key":"Orichalcum"},{"floor":26,"key":"Regal Pillow"}],"event_choices":[{"event_name":"World of Goop","player_choice":"Gather Gold","floor":13,"damage_taken":0},{"event_name":"Masked Bandits","player_choice":"Paid Bandits 87 gold","floor":24,"damage_taken":0},{"event_name":"Match and Keep!","player_choice":"0 cards matched","floor":28,"damage_taken":0},{"event_name":"Forgotten Altar","player_choice":"Shed Blood","floor":31,"damage_taken":0}],"boss_relics":[{"not_picked":["Philosopher\u0027s Stone","Coffee Dripper"],"picked":"Orrery"}],"items_purged_floors":[],"is_endless":false,"potions_floor_spawned":[2,3,4,14,16,19,21,29],"killed_by":"Collector","ascension_level":0}