{"gold_per_floor":[360,373,65,65,65,108,108,33,33,33,33,58,58,83,83,174,174,198,198,217,235,11,11,49,49,74,74,87,101,142,160,160,160],"floor_reached":33,"playtime":1587,"items_purged":["Injury"],"score":620,"play_id":"b8a6d511-46a0-4058-bcbf-89432c719e26","local_time":"20190225163404","is_ascension_mode":true,"campfire_choices":[{"floor":7.0,"key":"REST"},{"data":"After Image","floor":10,"key":"SMITH"},{"data":"Noxious Fumes","floor":13,"key":"SMITH"},{"floor":15,"key":"REST"},{"data":"Neutralize","floor":23,"key":"SMITH"},{"data":"Backflip","floor":25,"key":"SMITH"},{"floor":27,"key":"REST"},{"floor":32,"key":"REST"}],"neow_cost":"TEN_PERCENT_HP_LOSS","seed_source_timestamp":0,"circlet_count":0,"master_deck":["AscendersBane","Defend_G","Defend_G","Defend_G","Defend_G","Defend_G","Strike_G","Strike_G","Strike_G","Strike_G","Survivor","Neutralize+1","Backflip+1","Noxious Fumes+1","After Image+1","Poisoned Stab","Backstab","Die Die Die","Crippling Poison+1","Neutralize","PiercingWail","Decay","Acrobatics","Deadly Poison","Dodge and Roll+1"],"special_seed":0,"relics":["Ring of the Snake","Art of War","Thread and Needle","Golden Idol","Potion Belt","Dodecahedron","Cursed Key","TwistedFunnel","Strawberry","Lantern","Frozen Egg 2"],"potions_floor_usage":[16,24,30,30,33,33],"damage_taken":[{"damage":2.0,"enemies":"Jaw Worm","floor":1.0,"turns":6.0},{"damage":8.0,"enemies":"Small Slimes","floor":2.0,"turns":5.0},{"damage":41.0,"enemies":"Gremlin Nob","floor":6.0,"turns":6.0},{"damage":1,"enemies":"Cultist","floor":12,"turns":5},{"damage":0,"enemies":"Looter","floor":14,"turns":4},{"damage":0,"enemies":"The Guardian","floor":16,"turns":9},{"damage":1,"enemies":"3 Byrds","floor":18,"turns":6},{"damage":1,"enemies":"Shell Parasite","floor":20,"turns":5},{"damage":3,"enemies":"Cultist and Chosen","floor":21,"turns":7},{"damage":27,"enemies":"Gremlin Leader","floor":24,"turns":6},{"damage":12,"enemies":"Sentry and Sphere","floor":28,"turns":7},{"damage":9,"enemies":"Snake Plant","floor":29,"turns":6},{"damage":13,"enemies":"Slavers","floor":30,"turns":3},{"damage":4,"enemies":"Centurion and Healer","floor":31,"turns":6},{"damage":58,"enemies":"Automaton","floor":33,"turns":12}],"seed_played":"7482742800149096587","potions_obtained":[{"floor":1.0,"key":"Regen Potion"},{"floor":12,"key":"SkillPotion"},{"floor":16,"key":"SteroidPotion"},{"floor":20,"key":"SmokeBomb"},{"floor":24,"key":"Fruit Juice"},{"floor":28,"key":"SteroidPotion"},{"floor":29,"key":"GamblersBrew"},{"floor":30,"key":"Poison Potion"}],"is_trial":false,"path_per_floor":["M","M","$","?","?","E","R","$","T","R","?","M","R","M","R","B",null,"M","?","M","M","$","R","E","R","T","R","M","M","E","M","R","B"],"character_chosen":"THE_SILENT","items_purchased":["Noxious Fumes","Art of War","Fire Potion","TwistedFunnel"],"campfire_rested":4,"item_purchase_floors":[3,3,3,22],"current_hp_per_floor":[57,49,49,38,38,12,30,30,30,30,23,22,22,22,40,40,55,54,54,53,50,50,50,35,35,35,56,44,35,22,18,39,0],"gold":160,"neow_bonus":"TWO_FIFTY_GOLD","is_prod":false,"is_daily":false,"chose_seed":false,"campfire_upgraded":4,"win_rate":0,"timestamp":1551141244,"path_taken":["M","M","$","?","?","E","R","?","T","R","?","M","R","M","R","BOSS","M","?","?","M","$","R","E","R","T","R","M","M","E","M","R","BOSS"],"build_version":"2019-01-23","purchased_purges":1,"victory":false,"max_hp_per_floor":[60,60,60,60,60,60,60,60,60,60,60,60,60,60,60,60,60,60,60,60,60,60,60,72,72,72,72,72,72,72,72,72,72],"card_choices":[{"not_picked":["Tactician","Prepared","PiercingWail"],"picked":"SKIP","floor":1.0},{"not_picked":["Choke","Blade Dance"],"picked":"Backflip","floor":2.0},{"not_picked":["Cloak And Dagger","Phantasmal Killer"],"picked":"After Image","floor":6.0},{"not_picked":["Eviscerate","Dagger Throw"],"picked":"Poisoned Stab","floor":12},{"not_picked":["Slice","Dodge and Roll"],"picked":"Backstab","floor":14},{"not_picked":["A Thousand Cuts","Storm of Steel"],"picked":"Die Die Die","floor":16},{"not_picked":["Sucker Punch","Noxious Fumes"],"picked":"Crippling Poison+1","floor":18},{"not_picked":["Sucker Punch+1","Crippling Poison","All Out Attack"],"picked":"SKIP","floor":20},{"not_picked":["Slice","Accuracy"],"picked":"PiercingWail","floor":21},{"not_picked":["Poisoned Stab","Slice+1","Terror"],"picked":"SKIP","floor":24},{"not_picked":["Terror","Sucker Punch","Eviscerate"],"picked":"SKIP","floor":28},{"not_picked":["Slice","Sucker Punch"],"picked":"Acrobatics","floor":29},{"not_picked":["Sucker Punch","Slice"],"picked":"Deadly Poison","floor":30},{"not_picked":["Backflip","Accuracy+1"],"picked":"Dodge and Roll+1","floor":31}],"player_experience":250334,"relics_obtained":[{"floor":6.0,"key":"Potion Belt"},{"floor":9,"key":"Dodecahedron"},{"floor":24,"key":"Strawberry"},{"floor":26,"key":"Lantern"},{"floor":30,"key":"Frozen Egg 2"}],"event_choices":[{"damage_healed":0.0,"max_hp_gain":0.0,"max_hp_loss":0.0,"gold_gain":0.0,"event_name":"Scrap Ooze","player_choice":"Success","floor":4.0,"gold_loss":0.0,"damage_taken":11.0,"relics_obtained":["Thread and Needle"]},{"damage_healed":0.0,"max_hp_gain":0.0,"max_hp_loss":0.0,"gold_gain":0.0,"event_name":"Golden Idol","player_choice":"Take Wound","floor":5.0,"gold_loss":0.0,"damage_taken":0.0,"relics_obtained":["Golden Idol"],"cards_obtained":["Injury"]},{"cards_removed":["Strike_G"],"damage_healed":0,"gold_gain":0,"player_choice":"Card Removal","damage_taken":7,"max_hp_gain":0,"max_hp_loss":0,"event_name":"Golden Wing","floor":11,"gold_loss":0},{"damage_healed":0,"gold_gain":0,"player_choice":"1 cards matched","damage_taken":0,"max_hp_gain":0,"max_hp_loss":0,"event_name":"Match and Keep!","floor":19,"gold_loss":0,"cards_obtained":["Neutralize"]}],"is_beta":false,"boss_relics":[{"not_picked":["Snecko Eye","White Beast Statue"],"picked":"Cursed Key"}],"items_purged_floors":[8],"is_endless":false,"potions_floor_spawned":[1,12,16,20,24,28,29,30],"killed_by":"Automaton","ascension_level":17}