{"gold_per_floor":[360,360,310,49,49,49,64,80,129,146,146,146,171,191,191,287,337,349,349,193,209,236,236,30,30,30,30,48,48,58,78,78,176,176,191,205,220,48,48,48,148,0,0,19,19],"floor_reached":45,"playtime":3294,"items_purged":["Parasite"],"score":504,"play_id":"6a672c0d-04c2-4a6b-b982-9703f6027f61","local_time":"20190202025801","is_ascension_mode":true,"campfire_choices":[{"data":"Cloak And Dagger","floor":6.0,"key":"SMITH"},{"data":"Accuracy","floor":12.0,"key":"SMITH"},{"floor":15.0,"key":"REST"},{"floor":23.0,"key":"REST"},{"data":"Catalyst","floor":27.0,"key":"SMITH"},{"data":"Terror","floor":29.0,"key":"SMITH"},{"floor":32.0,"key":"REST"},{"floor":40.0,"key":"REST"}],"neow_cost":"CURSE","seed_source_timestamp":792053557982771,"circlet_count":0,"master_deck":["Survivor","Neutralize+1","Cloak And Dagger+1","Panacea","Accuracy+1","Bouncing Flask","Acrobatics","Dash","Accuracy","Bouncing Flask","Die Die Die","Well Laid Plans","Terror+1","Catalyst+1","Accuracy","Dash","Catalyst","Expertise+1","Backflip","Unload","Endless Agony","Riddle With Holes","Phantasmal Killer","Deflect","All Out Attack+1","Backflip","Night Terror","Choke","Footwork","Backstab+1","Catalyst","Noxious Fumes+1","PiercingWail"],"special_seed":0,"relics":["Ring of the Snake","Membership Card","Vajra","Ancient Tea Set","Art of War","Tiny House","Gremlin Horn","Bag of Preparation","Lee\u0027s Waffle","Orichalcum","Pandora\u0027s Box","Strange Spoon","Tough Bandages","Juzu Bracelet","Happy Flower","Whetstone"],"potions_floor_usage":[44,44,45],"damage_taken":[{"damage":0.0,"enemies":"2 Louse","floor":1.0,"turns":4.0},{"damage":0.0,"enemies":"Jaw Worm","floor":7.0,"turns":4.0},{"damage":0.0,"enemies":"Cultist","floor":8.0,"turns":3.0},{"damage":0.0,"enemies":"2 Fungi Beasts","floor":10.0,"turns":3.0},{"damage":24.0,"enemies":"3 Sentries","floor":13.0,"turns":9.0},{"damage":0.0,"enemies":"Blue Slaver","floor":14.0,"turns":3.0},{"damage":27.0,"enemies":"Hexaghost","floor":16.0,"turns":9.0},{"damage":33.0,"enemies":"2 Thieves","floor":18.0,"turns":5.0},{"damage":29.0,"enemies":"Colosseum Slavers","floor":19.0,"turns":6.0},{"damage":3.0,"enemies":"Chosen","floor":21.0,"turns":5.0},{"damage":6.0,"enemies":"Sentry and Sphere","floor":28.0,"turns":3.0},{"damage":4.0,"enemies":"Cultist and Chosen","floor":30.0,"turns":4.0},{"damage":14.0,"enemies":"3 Cultists","floor":31.0,"turns":6.0},{"damage":50.0,"enemies":"Champ","floor":33.0,"turns":8.0},{"damage":64.0,"enemies":"3 Darklings","floor":35.0,"turns":9.0},{"damage":6.0,"enemies":"3 Shapes","floor":36.0,"turns":6.0},{"damage":0.0,"enemies":"Writhing Mass","floor":37.0,"turns":5.0},{"damage":12.0,"enemies":"Mind Bloom Boss Battle","floor":41.0,"turns":7.0},{"damage":11,"enemies":"Jaw Worm Horde","floor":44,"turns":5},{"damage":10,"enemies":"Spire Growth","floor":45,"turns":5}],"seed_played":"-2021106543409920782","potions_obtained":[{"floor":13.0,"key":"SpeedPotion"},{"floor":14.0,"key":"Ancient Potion"},{"floor":16.0,"key":"Energy Potion"},{"floor":28.0,"key":"Block Potion"},{"floor":31.0,"key":"Swift Potion"},{"floor":33.0,"key":"Ancient Potion"},{"floor":35.0,"key":"GamblersBrew"},{"floor":37.0,"key":"Fire Potion"},{"floor":41.0,"key":"Dexterity Potion"}],"is_trial":false,"path_per_floor":["M","?","?","$","?","R","M","M","T","M","T","R","E","M","R","B",null,"M","?","$","M","T","R","$","?","T","R","M","R","M","M","R","B",null,"M","M","M","$","?","R","?","$","T","M","M"],"character_chosen":"THE_SILENT","items_purchased":["Membership Card","Panacea","Accuracy","Gremlin Horn","Block Potion","Lee\u0027s Waffle","Catalyst","Accuracy","Dash","Strange Spoon","Catalyst","Juzu Bracelet","Happy Flower"],"campfire_rested":4,"item_purchase_floors":[4,4,4,20,20,24,24,24,24,38,38,42,42],"current_hp_per_floor":[70,70,67,67,60,60,60,60,60,60,60,60,36,36,56,29,72,39,10,10,7,7,28,79,79,79,79,73,73,69,55,78,28,79,15,9,9,9,9,31,19,19,19,8,0],"gold":19,"neow_bonus":"TWO_FIFTY_GOLD","is_prod":false,"is_daily":false,"chose_seed":false,"campfire_upgraded":4,"win_rate":0,"timestamp":1549051081,"path_taken":["M","?","?","?","?","R","M","M","T","M","?","R","E","?","R","BOSS","M","?","$","M","?","R","$","?","T","R","M","R","?","M","R","BOSS","M","M","M","$","?","R","?","$","T","M","M"],"build_version":"2019-01-23","purchased_purges":1,"victory":false,"max_hp_per_floor":[70,70,67,67,67,67,67,67,67,67,67,67,67,67,67,67,72,72,72,72,72,72,72,79,79,79,79,79,79,79,79,79,79,79,79,79,79,76,76,76,76,76,76,76,76],"card_choices":[{"not_picked":["Acrobatics","Bane"],"picked":"Cloak And Dagger","floor":1.0},{"not_picked":["PiercingWail","Bane"],"picked":"Bouncing Flask","floor":7.0},{"not_picked":["Escape Plan","Poisoned Stab"],"picked":"Acrobatics","floor":8.0},{"not_picked":["Dagger Spray","Concentrate"],"picked":"Dash","floor":10.0},{"not_picked":["Wraith Form v2","Riddle With Holes"],"picked":"Accuracy","floor":13.0},{"not_picked":["Poisoned Stab","Bane"],"picked":"Bouncing Flask","floor":14.0},{"not_picked":["After Image","Phantasmal Killer"],"picked":"Die Die Die","floor":16.0},{"not_picked":["Predator","Crippling Poison"],"picked":"Well Laid Plans","floor":17.0},{"not_picked":["Sucker Punch+1","Acrobatics+1","Prepared"],"picked":"SKIP","floor":18.0},{"not_picked":["Deflect+1","Dagger Spray"],"picked":"Terror","floor":21.0},{"not_picked":["Dagger Spray","Prepared","Escape Plan"],"picked":"SKIP","floor":28.0},{"not_picked":["Reflex+1","Sucker Punch"],"picked":"Expertise+1","floor":30.0},{"not_picked":["Masterful Stab","Quick Slash"],"picked":"Backflip","floor":31.0},{"not_picked":["Wraith Form v2","Venomology"],"picked":"Unload","floor":33.0},{"not_picked":["Acrobatics+1","Bane+1","Underhanded Strike+1"],"picked":"SKIP","floor":35.0},{"not_picked":["Terror","Underhanded Strike+1","Riddle With Holes+1"],"picked":"SKIP","floor":36.0},{"not_picked":["Poisoned Stab+1","Slice+1"],"picked":"Backstab+1","floor":37.0},{"not_picked":["Sucker Punch","Finisher+1"],"picked":"Noxious Fumes+1","floor":41.0},{"not_picked":["Predator","Underhanded Strike"],"picked":"PiercingWail","floor":44}],"player_experience":313869,"relics_obtained":[{"floor":9.0,"key":"Vajra"},{"floor":11.0,"key":"Ancient Tea Set"},{"floor":13.0,"key":"Art of War"},{"floor":22.0,"key":"Bag of Preparation"},{"floor":26.0,"key":"Orichalcum"},{"floor":41.0,"key":"Tough Bandages"},{"floor":43.0,"key":"Whetstone"}],"event_choices":[{"damage_healed":0.0,"max_hp_gain":0.0,"max_hp_loss":0.0,"gold_gain":0.0,"cards_transformed":["Injury"],"event_name":"Living Wall","player_choice":"Change","floor":2.0,"gold_loss":0.0,"damage_taken":0.0,"cards_obtained":["Parasite"]},{"cards_removed":["Parasite"],"damage_healed":0.0,"max_hp_gain":0.0,"max_hp_loss":0.0,"gold_gain":0.0,"event_name":"The Cleric","player_choice":"Card Removal","floor":3.0,"gold_loss":50.0,"damage_taken":0.0},{"cards_removed":["Strike_G"],"damage_healed":0.0,"max_hp_gain":0.0,"max_hp_loss":0.0,"gold_gain":0.0,"event_name":"Golden Wing","player_choice":"Card Removal","floor":5.0,"gold_loss":0.0,"damage_taken":7.0},{"damage_healed":0.0,"max_hp_gain":0.0,"max_hp_loss":0.0,"gold_gain":0.0,"event_name":"Colosseum","player_choice":"Fight","floor":19.0,"gold_loss":0.0,"damage_taken":0.0},{"damage_healed":0.0,"max_hp_gain":0.0,"max_hp_loss":0.0,"gold_gain":0.0,"event_name":"Colosseum","player_choice":"Fled From Nobs","floor":19.0,"gold_loss":0.0,"damage_taken":0.0},{"damage_healed":0.0,"max_hp_gain":0.0,"max_hp_loss":0.0,"gold_gain":0.0,"event_name":"Duplicator","player_choice":"Copied","floor":25.0,"gold_loss":0.0,"damage_taken":0.0,"cards_obtained":["Catalyst"]},{"damage_healed":0.0,"max_hp_gain":0.0,"max_hp_loss":0.0,"gold_gain":0.0,"event_name":"Mysterious Sphere","player_choice":"Ignored","floor":39.0,"gold_loss":0.0,"damage_taken":0.0},{"damage_healed":0.0,"max_hp_gain":0.0,"max_hp_loss":0.0,"gold_gain":0.0,"event_name":"MindBloom","player_choice":"Fight","floor":41.0,"gold_loss":0.0,"damage_taken":0.0}],"is_beta":false,"boss_relics":[{"not_picked":["HoveringKite","Calling Bell"],"picked":"Tiny House"},{"not_picked":["Eternal Feather","Lizard Tail"],"picked":"Pandora\u0027s Box"}],"items_purged_floors":[38],"is_endless":false,"potions_floor_spawned":[13,14,16,19,28,31,33,35,37,41],"killed_by":"Spire Growth","ascension_level":3}