{"gold_per_floor":[110,128,158,158,176,207,207,207,233,233,252,252,270,285,285,356,356,371,57,70,70,70],"floor_reached":22,"playtime":653,"items_purged":["Thunder Strike"],"score":372,"play_id":"4c552e13-3256-4d4a-9fcf-4e3d209b2847","local_time":"20190218212907","is_ascension_mode":true,"campfire_choices":[{"floor":8.0,"key":"REST"},{"floor":10.0,"key":"REST"},{"data":"Sunder","floor":12.0,"key":"SMITH"},{"data":"Defragment","floor":15.0,"key":"SMITH"}],"neow_cost":"NONE","seed_source_timestamp":0,"circlet_count":0,"master_deck":["AscendersBane","Zap","Dualcast","Chill","Double Energy","Thunder Strike","Doom and Gloom","Force Field","Hyperbeam","Defragment+1","Defragment","Ball Lightning","Capacitor","Leap","Sunder+1","Electrodynamics","Go for the Eyes","Seek","Self Repair","Self Repair","Creative AI"],"special_seed":0,"relics":["Pandora\u0027s Box","Tiny Chest","Potion Belt","Dream Catcher","Art of War","Inserter","Bronze Scales"],"potions_floor_usage":[],"damage_taken":[{"damage":11.0,"enemies":"Cultist","floor":1.0,"turns":4.0},{"damage":4.0,"enemies":"Jaw Worm","floor":2.0,"turns":3.0},{"damage":1.0,"enemies":"Small Slimes","floor":5.0,"turns":4.0},{"damage":21.0,"enemies":"Lagavulin","floor":6.0,"turns":6.0},{"damage":0.0,"enemies":"Gremlin Gang","floor":11.0,"turns":3.0},{"damage":0.0,"enemies":"3 Louse","floor":13.0,"turns":1.0},{"damage":0.0,"enemies":"Lots of Slimes","floor":14.0,"turns":2.0},{"damage":25.0,"enemies":"Hexaghost","floor":16.0,"turns":8.0},{"damage":2.0,"enemies":"Chosen","floor":18.0,"turns":6.0},{"damage":27.0,"enemies":"Shell Parasite","floor":20.0,"turns":6.0},{"damage":43,"enemies":"Snake Plant","floor":22,"turns":4}],"seed_played":"9001079892743534702","potions_obtained":[{"floor":1.0,"key":"Explosive Potion"},{"floor":6.0,"key":"SpeedPotion"},{"floor":11.0,"key":"Ancient Potion"},{"floor":13.0,"key":"GamblersBrew"},{"floor":14.0,"key":"FocusPotion"}],"is_trial":false,"path_per_floor":["M","M","?","T","M","E","?","R","T","R","M","R","M","M","R","B",null,"M","$","M","?","M"],"character_chosen":"DEFECT","items_purchased":["Self Repair","Bronze Scales"],"campfire_rested":2,"item_purchase_floors":[19,19],"current_hp_per_floor":[53,49,23,23,22,1,1,22,22,43,43,43,43,43,43,18,58,56,56,43,43,0],"gold":70,"neow_bonus":"BOSS_RELIC","is_prod":false,"is_daily":false,"chose_seed":false,"campfire_upgraded":2,"win_rate":0,"timestamp":1550543347,"path_taken":["M","?","?","?","M","E","?","R","T","R","M","R","M","M","R","BOSS","M","$","?","?","?"],"build_version":"2019-01-23","purchased_purges":1,"victory":false,"max_hp_per_floor":[71,71,71,71,71,71,71,71,71,71,71,71,71,71,71,71,71,71,71,71,71,71],"card_choices":[{"not_picked":["Reinforced Body","Redo"],"picked":"Defragment","floor":1.0},{"not_picked":["Heatsinks","Sweeping Beam"],"picked":"Defragment","floor":2.0},{"not_picked":["Rebound","Darkness"],"picked":"Ball Lightning","floor":5.0},{"not_picked":["Doom and Gloom","Conserve Battery"],"picked":"Capacitor","floor":6.0},{"not_picked":["Chill","Ball Lightning"],"picked":"Leap","floor":8.0},{"not_picked":["Stack","Cold Snap"],"picked":"Sunder","floor":10.0},{"not_picked":["Skim","Auto Shields"],"picked":"Electrodynamics","floor":11.0},{"not_picked":["Reprogram","Turbo"],"picked":"Go for the Eyes","floor":13.0},{"not_picked":["Barrage","Go for the Eyes","Redo"],"picked":"SKIP","floor":14.0},{"not_picked":["Multi-Cast","Thunder Strike"],"picked":"Seek","floor":16.0},{"not_picked":["Static Discharge","BootSequence"],"picked":"Self Repair","floor":18.0},{"not_picked":["Stack","Redo","Ball Lightning"],"picked":"SKIP","floor":20.0}],"player_experience":306844,"relics_obtained":[{"floor":4.0,"key":"Potion Belt"},{"floor":6.0,"key":"Dream Catcher"},{"floor":9.0,"key":"Art of War"}],"event_choices":[{"damage_healed":0.0,"max_hp_gain":0.0,"max_hp_loss":0.0,"gold_gain":0.0,"event_name":"Scrap Ooze","player_choice":"Success","floor":3.0,"gold_loss":0.0,"damage_taken":26.0,"relics_obtained":["Tiny Chest"]},{"cards_removed":["Double Energy"],"damage_healed":0.0,"max_hp_gain":0.0,"max_hp_loss":0.0,"gold_gain":0.0,"event_name":"Purifier","player_choice":"Purged","floor":7.0,"gold_loss":0.0,"damage_taken":0.0},{"damage_healed":0,"gold_gain":0,"player_choice":"1 cards matched","damage_taken":0,"max_hp_gain":0,"max_hp_loss":0,"event_name":"Match and Keep!","floor":21,"gold_loss":0,"cards_obtained":["Creative AI"]}],"is_beta":false,"boss_relics":[{"not_picked":["White Beast Statue","Orrery"],"picked":"Inserter"}],"items_purged_floors":[19],"is_endless":false,"potions_floor_spawned":[1,6,11,13,14],"killed_by":"Snake Plant","ascension_level":20}