{"gold_per_floor":[118,137,137,137,154,154,167,196,196,196,210,210,241,27,27,104,104,121,121,140,156,176,176,202,202,202,202,35,35,45,60,60,137,137,154,454,468,197,211,211,237,253,253,253,264,0,20,20,20,20],"floor_reached":50,"playtime":2293,"items_purged":["Strike_R","Writhe"],"score":907,"play_id":"461ce906-e4cf-4360-876a-cbc5f1d98ed8","local_time":"20190209222724","is_ascension_mode":true,"campfire_choices":[{"data":"Pummel","floor":6,"key":"SMITH"},{"data":"Armaments","floor":12,"key":"SMITH"},{"data":"Corruption","floor":15,"key":"SMITH"},{"floor":23,"key":"REST"},{"floor":25,"key":"REST"},{"data":"Inflame","floor":29,"key":"SMITH"},{"data":"Clothesline","floor":32,"key":"SMITH"},{"data":"Metallicize","floor":40,"key":"SMITH"},{"floor":44,"key":"REST"},{"floor":49,"key":"REST"}],"neow_cost":"NONE","seed_source_timestamp":635837056929280,"circlet_count":0,"master_deck":["AscendersBane","Strike_R","Strike_R","Defend_R","Defend_R","Defend_R","Defend_R","Bash","Flame Barrier","Pummel+1","Pommel Strike","Clothesline+1","Shrug It Off","Exhume","Armaments+1","Anger","Corruption+1","Shrug It Off","Impervious","Inflame+1","Uppercut+1","True Grit+1","Battle Trance","True Grit+1","Pummel+1","Metallicize+1","Power Through+1","Battle Trance+1","Parasite"],"relics":["Burning Blood","Pear","FossilizedHelix","Charon\u0027s Ashes","Mark of Pain","Happy Flower","Ornamental Fan","Dodecahedron","Red Skull","Sozu","Bag of Marbles","Anchor","Thread and Needle","Red Mask"],"potions_floor_usage":[8,16,24,24,33,41,50],"damage_taken":[{"damage":6,"enemies":"Small Slimes","floor":1,"turns":3},{"damage":0,"enemies":"2 Louse","floor":2,"turns":4},{"damage":2,"enemies":"Jaw Worm","floor":5,"turns":3},{"damage":10,"enemies":"3 Louse","floor":7,"turns":5},{"damage":35,"enemies":"3 Sentries","floor":8,"turns":12},{"damage":0,"enemies":"Blue Slaver","floor":11,"turns":4},{"damage":14,"enemies":"Lagavulin","floor":13,"turns":8},{"damage":47,"enemies":"Slime Boss","floor":16,"turns":16},{"damage":16,"enemies":"3 Byrds","floor":18,"turns":4},{"damage":0,"enemies":"2 Thieves","floor":20,"turns":4},{"damage":14,"enemies":"Snake Plant","floor":21,"turns":4},{"damage":13,"enemies":"Shelled Parasite and Fungi","floor":22,"turns":5},{"damage":36,"enemies":"Book of Stabbing","floor":24,"turns":6},{"damage":4,"enemies":"Snecko","floor":30,"turns":6},{"damage":14,"enemies":"Snake Plant","floor":31,"turns":4},{"damage":27,"enemies":"Champ","floor":33,"turns":14},{"damage":16,"enemies":"3 Shapes","floor":35,"turns":4},{"damage":0,"enemies":"3 Darklings","floor":37,"turns":6},{"damage":0,"enemies":"Transient","floor":39,"turns":5},{"damage":71,"enemies":"Nemesis","floor":41,"turns":11},{"damage":0,"enemies":"Maw","floor":42,"turns":6},{"damage":0,"enemies":"Spire Growth","floor":45,"turns":5},{"damage":0,"enemies":"Writhing Mass","floor":47,"turns":5},{"damage":95,"enemies":"Awakened One","floor":50,"turns":14}],"seed_played":"8033782318619259744","potions_obtained":[{"floor":1,"key":"SkillPotion"},{"floor":2,"key":"AttackPotion"},{"floor":8,"key":"PowerPotion"},{"floor":18,"key":"Dexterity Potion"},{"floor":30,"key":"Dexterity Potion"},{"floor":31,"key":"SpeedPotion"},{"floor":33,"key":"Ancient Potion"}],"is_trial":false,"path_per_floor":["M","M","?","?","M","R","M","E","T","?","M","R","E","$","R","B",null,"M","?","M","M","M","R","E","R","T","?","$","R","M","M","R","B",null,"M","?","M","$","M","R","E","M","T","R","M","?","M","?","R","B"],"character_chosen":"IRONCLAD","items_purchased":["Corruption","Shrug It Off","Red Skull","Bag of Marbles"],"campfire_rested":4,"item_purchase_floors":[14,14,28,38],"current_hp_per_floor":[75,81,81,74,78,78,74,55,55,55,61,61,53,53,53,12,72,62,62,68,60,53,80,50,77,77,77,77,77,79,71,71,50,82,72,72,78,78,84,84,19,25,25,52,58,58,64,64,91,0],"gold":20,"neow_bonus":"TEN_PERCENT_HP_BONUS","is_prod":false,"is_daily":false,"chose_seed":false,"campfire_upgraded":6,"win_rate":0,"timestamp":1549769244,"path_taken":["M","M","?","?","M","R","M","E","T","?","?","R","E","$","R","BOSS","M","?","M","M","M","R","E","R","T","?","$","R","M","M","R","BOSS","M","?","M","?","M","R","E","M","T","R","M","?","M","?","R","BOSS"],"build_version":"2019-01-23","purchased_purges":2,"victory":false,"max_hp_per_floor":[82,82,82,82,82,82,82,92,92,92,92,92,92,92,92,92,92,92,92,92,92,92,92,92,92,92,92,92,92,92,92,92,92,92,92,92,92,92,92,92,92,92,92,92,92,92,92,92,92,92],"card_choices":[{"not_picked":["Dual Wield","Hemokinesis"],"picked":"Flame Barrier","floor":1},{"not_picked":["Second Wind","Wild Strike"],"picked":"Pummel","floor":2},{"not_picked":["Perfected Strike","Combust"],"picked":"Pommel Strike","floor":5},{"not_picked":["Combust","Rampage"],"picked":"Clothesline","floor":7},{"not_picked":["Fiend Fire","True Grit"],"picked":"Shrug It Off","floor":8},{"not_picked":["Clothesline","Fire Breathing"],"picked":"Armaments","floor":11},{"not_picked":["Fire Breathing","Wild Strike"],"picked":"Anger","floor":13},{"not_picked":["Juggernaut","Brutality"],"picked":"Impervious","floor":16},{"not_picked":["Perfected Strike","Clash","Uppercut"],"picked":"SKIP","floor":18},{"not_picked":["Wild Strike","Twin Strike","Flex"],"picked":"SKIP","floor":20},{"not_picked":["Pommel Strike","Power Through+1"],"picked":"Inflame","floor":21},{"not_picked":["Sword Boomerang","Anger"],"picked":"Uppercut+1","floor":22},{"not_picked":["Entrench","Perfected Strike"],"picked":"True Grit+1","floor":24},{"not_picked":["Burning Pact","Fire Breathing+1","Wild Strike"],"picked":"SKIP","floor":30},{"not_picked":["Clothesline","Heavy Blade"],"picked":"Battle Trance","floor":31},{"not_picked":["Sever Soul","Thunderclap"],"picked":"True Grit+1","floor":35},{"not_picked":["Fire Breathing","Flame Barrier"],"picked":"Pummel+1","floor":37},{"not_picked":["Pommel Strike","Cleave"],"picked":"Metallicize","floor":39},{"not_picked":["Fire Breathing","Armaments","Anger"],"picked":"SKIP","floor":41},{"not_picked":["Perfected Strike","Thunderclap"],"picked":"Power Through+1","floor":42},{"not_picked":["Flex+1","Havoc"],"picked":"Battle Trance+1","floor":45},{"not_picked":["Body Slam","Clothesline","Blood for Blood"],"picked":"SKIP","floor":47}],"player_experience":262135,"relics_obtained":[{"floor":8,"key":"Pear"},{"floor":9,"key":"FossilizedHelix"},{"floor":13,"key":"Charon\u0027s Ashes"},{"floor":24,"key":"Happy Flower"},{"floor":26,"key":"Ornamental Fan"},{"floor":41,"key":"Anchor"},{"floor":43,"key":"Thread and Needle"}],"event_choices":[{"damage_healed":0,"gold_gain":0,"player_choice":"Ignored","damage_taken":0,"max_hp_gain":0,"max_hp_loss":0,"event_name":"Shining Light","floor":3,"gold_loss":0},{"cards_removed":["Strike_R"],"damage_healed":0,"gold_gain":0,"player_choice":"Card Removal","damage_taken":7,"max_hp_gain":0,"max_hp_loss":0,"event_name":"Golden Wing","floor":4,"gold_loss":0},{"damage_healed":0,"gold_gain":0,"cards_transformed":["Strike_R"],"player_choice":"Change","damage_taken":0,"max_hp_gain":0,"max_hp_loss":0,"event_name":"Living Wall","floor":10,"gold_loss":0,"cards_obtained":["Exhume"]},{"damage_healed":0,"gold_gain":0,"player_choice":"Ignored","damage_taken":0,"max_hp_gain":0,"max_hp_loss":0,"event_name":"Vampires","floor":19,"gold_loss":0},{"damage_healed":0,"gold_gain":0,"player_choice":"Opened","damage_taken":0,"relics_obtained":["Dodecahedron"],"max_hp_gain":0,"max_hp_loss":0,"event_name":"The Mausoleum","floor":27,"gold_loss":0,"cards_obtained":["Writhe"]},{"damage_healed":0,"gold_gain":300,"player_choice":"Gold","damage_taken":0,"max_hp_gain":0,"max_hp_loss":0,"event_name":"Wheel of Change","floor":36,"gold_loss":0},{"damage_healed":0,"gold_gain":0,"player_choice":"Paid","damage_taken":0,"relics_obtained":["Red Mask"],"max_hp_gain":0,"max_hp_loss":0,"event_name":"Tomb of Lord Red Mask","floor":46,"gold_loss":264},{"damage_healed":0,"gold_gain":0,"player_choice":"Memory 1","damage_taken":0,"max_hp_gain":0,"max_hp_loss":0,"event_name":"SensoryStone","floor":48,"gold_loss":0}],"is_beta":false,"boss_relics":[{"not_picked":["Astrolabe","Orrery"],"picked":"Mark of Pain"},{"not_picked":["Velvet Choker","Busted Crown"],"picked":"Sozu"}],"items_purged_floors":[14,38],"is_endless":false,"potions_floor_spawned":[1,2,8,18,22,30,31,33,35,39,45],"killed_by":"Awakened One","ascension_level":16}