{"gold_per_floor":[116,132,145,162,181,181,214,214,214,239,257,257,292,146,146,250,250,265,69,43,43,43,72,72,89,112,146,146,146,146,146,146,250,250,260,27,46,56,74,100,100,125,125,125,138,138,0,26,38,50],"floor_reached":51,"playtime":2162,"items_purged":["Strike_G","Strike_G"],"score":1265,"play_id":"8a03a86b-c96b-482c-8991-6171cd4c43f6","local_time":"20190214200349","is_ascension_mode":true,"campfire_choices":[{"floor":6.0,"key":"REST"},{"floor":12.0,"key":"REST"},{"data":"Footwork","floor":15.0,"key":"SMITH"},{"data":"Blade Dance","floor":24.0,"key":"SMITH"},{"floor":28.0,"key":"REST"},{"floor":30.0,"key":"REST"},{"data":"Blade Dance","floor":32.0,"key":"SMITH"},{"data":"Accuracy","floor":41.0,"key":"SMITH"},{"floor":44.0,"key":"REST"},{"data":"Wraith Form v2","floor":49.0,"key":"SMITH"}],"neow_cost":"NONE","seed_source_timestamp":0,"circlet_count":0,"master_deck":["AscendersBane","Defend_G","Defend_G","Defend_G","Defend_G","Defend_G","Strike_G","Survivor","Neutralize","Infinite Blades","Predator+1","Backstab+1","Footwork+1","Cloak And Dagger","Terror","Crippling Poison+1","Caltrops","Bullet Time","Blade Dance+1","Well Laid Plans","Ghostly","Ghostly","Ghostly+1","Ghostly","Ghostly","Blade Dance+1","Corpse Explosion","Accuracy+1","Wraith Form v2+1","Backstab+1","Backstab+1"],"special_seed":0,"relics":["Ring of the Serpent","Bronze Scales","Darkstone Periapt","Blue Candle","Regal Pillow","Kunai","Empty Cage","Mercury Hourglass","Happy Flower","War Paint","Sundial","Enchiridion","Whetstone","Juzu Bracelet","Question Card","Calipers","Red Mask","MawBank"],"potions_floor_usage":[50,50],"damage_taken":[{"damage":0.0,"enemies":"Cultist","floor":1.0,"turns":4.0},{"damage":3.0,"enemies":"2 Louse","floor":2.0,"turns":3.0},{"damage":3.0,"enemies":"Jaw Worm","floor":3.0,"turns":5.0},{"damage":18.0,"enemies":"Exordium Wildlife","floor":4.0,"turns":4.0},{"damage":1.0,"enemies":"Red Slaver","floor":5.0,"turns":3.0},{"damage":8.0,"enemies":"Gremlin Nob","floor":7.0,"turns":4.0},{"damage":15.0,"enemies":"3 Sentries","floor":10.0,"turns":8.0},{"damage":4.0,"enemies":"2 Fungi Beasts","floor":11.0,"turns":4.0},{"damage":10.0,"enemies":"Lagavulin","floor":13.0,"turns":7.0},{"damage":24.0,"enemies":"Hexaghost","floor":16.0,"turns":9.0},{"damage":12.0,"enemies":"Spheric Guardian","floor":18.0,"turns":5.0},{"damage":10.0,"enemies":"2 Thieves","floor":20.0,"turns":5.0},{"damage":4.0,"enemies":"Book of Stabbing","floor":23.0,"turns":6.0},{"damage":2.0,"enemies":"3 Cultists","floor":25.0,"turns":6.0},{"damage":27.0,"enemies":"Gremlin Leader","floor":27.0,"turns":6.0},{"damage":1.0,"enemies":"Automaton","floor":33.0,"turns":12.0},{"damage":3.0,"enemies":"3 Darklings","floor":35.0,"turns":3.0},{"damage":1.0,"enemies":"Orb Walker","floor":37.0,"turns":4.0},{"damage":1.0,"enemies":"4 Shapes","floor":38.0,"turns":4.0},{"damage":6.0,"enemies":"Transient","floor":39.0,"turns":5.0},{"damage":4.0,"enemies":"Nemesis","floor":40.0,"turns":7.0},{"damage":6.0,"enemies":"Reptomancer","floor":42.0,"turns":8.0},{"damage":0.0,"enemies":"3 Darklings","floor":45.0,"turns":1.0},{"damage":4.0,"enemies":"Nemesis","floor":48.0,"turns":7.0},{"damage":9,"enemies":"Donu and Deca","floor":50,"turns":9}],"seed_played":"7563590916754718078","potions_obtained":[{"floor":1.0,"key":"Block Potion"},{"floor":3.0,"key":"Block Potion"},{"floor":7.0,"key":"LiquidBronze"},{"floor":11.0,"key":"Regen Potion"},{"floor":16.0,"key":"Energy Potion"},{"floor":20.0,"key":"SkillPotion"},{"floor":23.0,"key":"Dexterity Potion"},{"floor":33.0,"key":"SteroidPotion"},{"floor":45.0,"key":"Poison Potion"}],"is_trial":false,"path_per_floor":["M","M","M","M","M","R","E","?","T","E","M","R","E","$","R","B",null,"M","$","M","?","T","E","R","M","T","E","R","?","R","?","R","B",null,"M","$","M","M","M","E","R","E","T","R","M","?","?","E","R","B",null],"character_chosen":"THE_SILENT","items_purchased":["Caltrops","Blade Dance","Well Laid Plans","Accuracy","Whetstone"],"campfire_rested":5,"item_purchase_floors":[14,19,19,36,36],"current_hp_per_floor":[70,67,64,46,45,68,60,48,48,33,29,67,69,69,69,45,69,57,57,47,38,38,34,34,32,32,5,31,15,38,38,38,37,38,35,35,34,33,27,23,23,17,17,38,38,38,38,34,34,25],"gold":62,"neow_bonus":"TEN_PERCENT_HP_BONUS","is_prod":false,"is_daily":false,"chose_seed":false,"campfire_upgraded":5,"win_rate":0,"timestamp":1550192629,"path_taken":["M","?","?","M","M","R","E","?","T","E","M","R","E","$","R","BOSS","M","$","M","?","?","E","R","?","T","E","R","?","R","?","R","BOSS","M","$","M","M","M","E","R","E","T","R","M","?","?","E","R","BOSS"],"build_version":"2019-01-23","purchased_purges":2,"victory":true,"max_hp_per_floor":[77,77,77,77,77,77,77,77,77,77,77,77,77,77,77,77,77,77,77,77,38,38,38,38,38,38,38,38,38,38,38,38,38,38,38,38,38,38,38,38,38,38,38,38,38,38,38,38,38,38],"card_choices":[{"not_picked":["Accuracy","Blur"],"picked":"Infinite Blades","floor":1.0},{"not_picked":["Acrobatics","Cloak And Dagger"],"picked":"Predator","floor":2.0},{"not_picked":["Cloak And Dagger","Dash"],"picked":"Backstab","floor":3.0},{"not_picked":["Dagger Spray","Flying Knee","Endless Agony"],"picked":"SKIP","floor":4.0},{"not_picked":["Sucker Punch","Endless Agony","Eviscerate"],"picked":"SKIP","floor":5.0},{"not_picked":["Catalyst","Bane"],"picked":"Footwork","floor":7.0},{"not_picked":["Die Die Die","Finisher"],"picked":"Cloak And Dagger","floor":10.0},{"not_picked":["Slice","Setup"],"picked":"Terror","floor":11.0},{"not_picked":["Setup","Heel Hook"],"picked":"Crippling Poison","floor":13.0},{"not_picked":["Burst","Storm of Steel"],"picked":"Bullet Time","floor":16.0},{"not_picked":["Prepared","Masterful Stab+1","Sucker Punch+1"],"picked":"SKIP","floor":18.0},{"not_picked":["Deflect","Acrobatics","All Out Attack"],"picked":"SKIP","floor":20.0},{"not_picked":["Poisoned Stab","Quick Slash","Flechettes+1"],"picked":"SKIP","floor":23.0},{"not_picked":["Outmaneuver","Setup","Concentrate"],"picked":"SKIP","floor":25.0},{"not_picked":["Heel Hook","Noxious Fumes","Poisoned Stab+1"],"picked":"SKIP","floor":27.0},{"not_picked":["Bullet Time","Doppelganger"],"picked":"Corpse Explosion","floor":33.0},{"not_picked":["Deadly Poison","Acrobatics+1","Bane"],"picked":"SKIP","floor":35.0},{"not_picked":["Dagger Throw","Riddle With Holes","Backflip+1"],"picked":"SKIP","floor":37.0},{"not_picked":["Deflect+1","Tactician+1","Flying Knee"],"picked":"SKIP","floor":38.0},{"not_picked":["Deadly Poison+1","Well Laid Plans+1","Flying Knee"],"picked":"SKIP","floor":39.0},{"not_picked":["Crippling Poison","Dash"],"picked":"Wraith Form v2","floor":40.0},{"not_picked":["PiercingWail+1","Prepared+1"],"picked":"Backstab+1","floor":42.0},{"not_picked":["Predator+1","Blade Dance","Sucker Punch"],"picked":"Backstab+1","floor":45.0},{"not_picked":["Dagger Spray","Escape Plan","Poisoned Stab","Flying Knee+1"],"picked":"SKIP","floor":48.0}],"player_experience":286974,"relics_obtained":[{"floor":7.0,"key":"Bronze Scales"},{"floor":9.0,"key":"Blue Candle"},{"floor":10.0,"key":"Regal Pillow"},{"floor":13.0,"key":"Kunai"},{"floor":22.0,"key":"Mercury Hourglass"},{"floor":23.0,"key":"Happy Flower"},{"floor":26.0,"key":"War Paint"},{"floor":27.0,"key":"Sundial"},{"floor":29.0,"key":"Enchiridion"},{"floor":40.0,"key":"Juzu Bracelet"},{"floor":42.0,"key":"Question Card"},{"floor":43.0,"key":"Calipers"},{"floor":48.0,"key":"MawBank"}],"event_choices":[{"damage_healed":0.0,"max_hp_gain":0.0,"max_hp_loss":0.0,"gold_gain":0.0,"event_name":"Scrap Ooze","player_choice":"Success","floor":8.0,"gold_loss":0.0,"damage_taken":12.0,"relics_obtained":["Darkstone Periapt"]},{"damage_healed":0.0,"max_hp_gain":0.0,"max_hp_loss":39.0,"gold_gain":0.0,"event_name":"Ghosts","player_choice":"Became a Ghost","floor":21.0,"gold_loss":0.0,"damage_taken":0.0,"cards_obtained":["Ghostly","Ghostly","Ghostly","Ghostly","Ghostly"]},{"damage_healed":0.0,"max_hp_gain":0.0,"max_hp_loss":0.0,"gold_gain":0.0,"event_name":"Cursed Tome","player_choice":"Obtained Book","floor":29.0,"gold_loss":0.0,"damage_taken":16.0},{"damage_healed":0.0,"max_hp_gain":0.0,"max_hp_loss":0.0,"gold_gain":0.0,"event_name":"The Library","player_choice":"Read","floor":31.0,"gold_loss":0.0,"damage_taken":0.0,"cards_obtained":["Blade Dance"]},{"damage_healed":0.0,"max_hp_gain":0.0,"max_hp_loss":0.0,"gold_gain":0.0,"event_name":"Mysterious Sphere","player_choice":"Ignored","floor":46.0,"gold_loss":0.0,"damage_taken":0.0},{"damage_healed":0.0,"max_hp_gain":0.0,"max_hp_loss":0.0,"gold_gain":0.0,"event_name":"Tomb of Lord Red Mask","player_choice":"Paid","floor":47.0,"gold_loss":138.0,"damage_taken":0.0,"relics_obtained":["Red Mask"]}],"is_beta":false,"boss_relics":[{"not_picked":["Velvet Choker","White Beast Statue"],"picked":"Empty Cage"},{"not_picked":["Coffee Dripper","Black Star"],"picked":"Ring of the Serpent"}],"items_purged_floors":[14,19],"is_endless":false,"potions_floor_spawned":[1,3,7,11,16,20,23,33,37,39,42,45],"ascension_level":11}