{"gold_per_floor":[113,188,206,253,269,269,302,302,302,38,55,88,20,20,20,97,97,116,135,50,61,28,28,54,66,66,98,98,98,111,125,125,199,199,214,226,241,241,255,255,272,22,72,97,97,110,138,150,150,150],"floor_reached":51,"playtime":2518,"items_purged":["Injury"],"score":1345,"play_id":"bb84c594-f282-4f5a-8717-4b44e946d6dc","local_time":"20180929163253","is_ascension_mode":true,"campfire_choices":[{"data":"Blade Dance","floor":6.0,"key":"SMITH"},{"data":"Die Die Die","floor":8.0,"key":"SMITH"},{"data":"Footwork","floor":15.0,"key":"SMITH"},{"data":"Die Die Die","floor":23.0,"key":"SMITH"},{"floor":29.0,"key":"REST"},{"data":"Footwork","floor":32.0,"key":"SMITH"},{"data":"Accuracy","floor":40,"key":"SMITH"},{"floor":45,"key":"REST"},{"floor":49,"key":"REST"}],"neow_cost":"NONE","seed_source_timestamp":0,"circlet_count":0,"master_deck":["Defend_G","Defend_G","Defend_G+1","Defend_G","Defend_G","Strike_G+1","Strike_G","Strike_G","Strike_G+1","Strike_G","Survivor","Neutralize","AscendersBane","After Image","Caltrops","Blade Dance+1","Backflip+1","Die Die Die+1","Accuracy+1","Cloak And Dagger","Cloak And Dagger","Footwork+1","Die Die Die+1","Deflect","Cloak And Dagger","Blade Dance+1","Accuracy+1","Leg Sweep","Footwork+1","Backflip+1","Night Terror","Blade Dance","Finisher","PiercingWail","Dash","Dodge and Roll","Accuracy","Blade Dance","Writhe","Accuracy+1","Footwork","Terror"],"special_seed":0,"relics":["Ring of the Serpent","Pen Nib","Whetstone","Darkstone Periapt","Lee\u0027s Waffle","Smiling Mask","Cursed Key","Blue Candle","Regal Pillow","Mango","Calipers","MutagenicStrength","Strawberry","Bronze Scales","Sundial"],"potions_floor_usage":[37,41,46,50,50],"damage_taken":[{"damage":0.0,"enemies":"Jaw Worm","floor":1.0,"turns":6.0},{"damage":6.0,"enemies":"Cultist","floor":3.0,"turns":4.0},{"damage":0.0,"enemies":"2 Louse","floor":5.0,"turns":5.0},{"damage":14.0,"enemies":"3 Sentries","floor":7.0,"turns":8.0},{"damage":9.0,"enemies":"Large Slime","floor":11.0,"turns":7.0},{"damage":32.0,"enemies":"Gremlin Nob","floor":12.0,"turns":4.0},{"damage":9.0,"enemies":"Hexaghost","floor":16.0,"turns":11.0},{"damage":4.0,"enemies":"Shell Parasite","floor":18.0,"turns":5.0},{"damage":5.0,"enemies":"Chosen","floor":19.0,"turns":6.0},{"damage":2.0,"enemies":"Centurion and Healer","floor":21.0,"turns":2.0},{"damage":15.0,"enemies":"Slavers","floor":24.0,"turns":6.0},{"damage":22.0,"enemies":"Chosen and Byrds","floor":25.0,"turns":5.0},{"damage":29.0,"enemies":"Book of Stabbing","floor":27.0,"turns":5.0},{"damage":2.0,"enemies":"Shelled Parasite and Fungi","floor":30.0,"turns":5.0},{"damage":3.0,"enemies":"Centurion and Healer","floor":31.0,"turns":5.0},{"damage":6.0,"enemies":"Automaton","floor":33.0,"turns":13.0},{"damage":0,"enemies":"Orb Walker","floor":35,"turns":3},{"damage":0,"enemies":"3 Shapes","floor":36,"turns":4},{"damage":18,"enemies":"Reptomancer","floor":37,"turns":7},{"damage":6,"enemies":"Sphere and 2 Shapes","floor":39,"turns":6},{"damage":2,"enemies":"3 Darklings","floor":41,"turns":3},{"damage":42,"enemies":"Giant Head","floor":44,"turns":8},{"damage":1,"enemies":"4 Shapes","floor":46,"turns":4},{"damage":16,"enemies":"Nemesis","floor":47,"turns":9},{"damage":20,"enemies":"Maw","floor":48,"turns":9},{"damage":73,"enemies":"Awakened One","floor":50,"turns":20}],"seed_played":"-6605822245635437433","potions_obtained":[{"floor":1.0,"key":"Fire Potion"},{"floor":3.0,"key":"Dexterity Potion"},{"floor":16.0,"key":"Fire Potion"},{"floor":18.0,"key":"GhostInAJar"},{"floor":31.0,"key":"SpeedPotion"},{"floor":39,"key":"Fire Potion"},{"floor":41,"key":"GhostInAJar"},{"floor":47,"key":"SpeedPotion"}],"is_trial":false,"path_per_floor":["M","?","M","T","M","R","E","R","T","$","M","E","$","?","R","B",null,"M","M","?","M","$","R","E","M","T","E","?","R","M","M","R","B",null,"M","M","M","?","M","R","M","$","T","E","R","M","E","M","R","B"],"character_chosen":"THE_SILENT","items_purchased":["Lee\u0027s Waffle","Accuracy","Footwork","Accuracy","GhostInAJar","Accuracy","Blade Dance"],"campfire_rested":3,"item_purchase_floors":[10,10,13,22,42,42,42],"current_hp_per_floor":[63,52,46,46,46,46,32,32,32,77,68,36,36,21,21,12,61,57,52,52,50,50,50,35,13,33,4,4,48,46,43,43,37,82,82,82,64,64,58,58,56,56,69,27,75,74,58,38,86,13],"gold":150,"neow_bonus":"ONE_RANDOM_RARE_CARD","is_prod":false,"is_daily":false,"chose_seed":false,"campfire_upgraded":6,"win_rate":0,"timestamp":1538253173,"path_taken":["M","?","M","?","?","R","E","R","T","?","M","E","$","?","R","BOSS","M","M","?","M","?","R","E","?","T","E","?","R","M","M","R","BOSS","M","M","M","?","?","R","M","$","T","E","R","M","E","M","R","BOSS"],"build_version":"2018-09-27","purchased_purges":1,"victory":true,"max_hp_per_floor":[70,70,70,70,70,70,70,70,70,77,77,77,77,77,77,77,77,77,77,77,77,77,77,77,77,97,97,97,97,97,97,97,97,97,97,97,97,97,97,97,97,97,110,110,110,110,110,110,110,110],"card_choices":[{"not_picked":["Distraction","PiercingWail"],"picked":"Caltrops","floor":1.0},{"not_picked":["Dodge and Roll","Acrobatics"],"picked":"Blade Dance","floor":3.0},{"not_picked":["Acrobatics","Choke"],"picked":"Backflip","floor":5.0},{"not_picked":["Tactician","Quick Slash"],"picked":"Die Die Die","floor":7.0},{"not_picked":["Backstab","Quick Slash"],"picked":"Cloak And Dagger","floor":11.0},{"not_picked":["Blade Dance","PiercingWail"],"picked":"Cloak And Dagger","floor":12.0},{"not_picked":["Doppelganger","Unload"],"picked":"Die Die Die","floor":16.0},{"not_picked":["Masterful Stab+1","Riddle With Holes"],"picked":"Deflect","floor":18.0},{"not_picked":["Quick Slash","Dodge and Roll+1"],"picked":"Cloak And Dagger","floor":19.0},{"not_picked":["Blur","Poisoned Stab"],"picked":"Blade Dance+1","floor":21.0},{"not_picked":["Bane","Heel Hook","Flying Knee+1"],"picked":"SKIP","floor":24.0},{"not_picked":["Slice","Setup"],"picked":"Leg Sweep","floor":25.0},{"not_picked":["Skewer","Flechettes","Slice"],"picked":"SKIP","floor":27.0},{"not_picked":["Dagger Spray","Deadly Poison"],"picked":"Footwork","floor":30.0},{"not_picked":["Grand Finale","Dagger Throw"],"picked":"Backflip+1","floor":31.0},{"not_picked":["Bullet Time","Grand Finale"],"picked":"Night Terror","floor":33.0},{"not_picked":["Dagger Throw","Eviscerate"],"picked":"Blade Dance","floor":35},{"not_picked":["Deadly Poison","Distraction"],"picked":"Finisher","floor":36},{"not_picked":["Heel Hook","Flechettes"],"picked":"PiercingWail","floor":37},{"not_picked":["Acrobatics","Deadly Poison"],"picked":"Dash","floor":39},{"not_picked":["Underhanded Strike","Quick Slash+1"],"picked":"Dodge and Roll","floor":41},{"not_picked":["Dodge and Roll","Backflip"],"picked":"Accuracy+1","floor":44},{"not_picked":["Choke","Prepared","Envenom"],"picked":"SKIP","floor":46},{"not_picked":["Leg Sweep","Accuracy+1"],"picked":"Footwork","floor":47},{"not_picked":["Outmaneuver+1","Finisher"],"picked":"Terror","floor":48}],"player_experience":513849,"relics_obtained":[{"floor":4.0,"key":"Pen Nib"},{"floor":7.0,"key":"Whetstone"},{"floor":9.0,"key":"Darkstone Periapt"},{"floor":12.0,"key":"Smiling Mask"},{"floor":24.0,"key":"Regal Pillow"},{"floor":26.0,"key":"Mango"},{"floor":27.0,"key":"Calipers"},{"floor":43,"key":"Strawberry"},{"floor":44,"key":"Bronze Scales"},{"floor":47,"key":"Sundial"}],"event_choices":[{"event_name":"World of Goop","player_choice":"Gather Gold","floor":2.0,"damage_taken":0.0},{"event_name":"Shining Light","player_choice":"Entered Light","floor":14.0,"damage_taken":0.0},{"event_name":"Addict","player_choice":"Obtained Relic","floor":20.0,"damage_taken":0.0},{"event_name":"Drug Dealer","player_choice":"Inject Mutagens","floor":28.0,"damage_taken":0.0},{"event_name":"Upgrade Shrine","player_choice":"Upgraded","floor":38,"damage_taken":0}],"is_beta":false,"boss_relics":[{"not_picked":["Velvet Choker","Snecko Eye"],"picked":"Cursed Key"},{"not_picked":["White Beast Statue","Pandora\u0027s Box"],"picked":"Ring of the Serpent"}],"items_purged_floors":[42],"is_endless":false,"potions_floor_spawned":[1,3,16,18,19,31,39,41,44,47],"ascension_level":13}