{"gold_per_floor":[114,127,141,291,9,36,36,70,70,86,86,97,97,111,111,185,185,197,197,211,223,223,223,243,258,258,258],"floor_reached":27,"playtime":1055,"items_purged":[],"score":443,"play_id":"46634630-aa8f-47ba-94bc-0c70a2f3df1d","local_time":"20190221024928","is_ascension_mode":true,"campfire_choices":[{"data":"Carnage","floor":7.0,"key":"SMITH"},{"data":"Corruption","floor":11.0,"key":"SMITH"},{"floor":13.0,"key":"REST"},{"data":"True Grit","floor":15.0,"key":"SMITH"},{"floor":23,"key":"REST"}],"neow_cost":"NONE","seed_source_timestamp":0,"circlet_count":0,"master_deck":["AscendersBane","Strike_R","Strike_R","Strike_R","Strike_R","Strike_R","Defend_R","Defend_R","Defend_R","Defend_R","Bash","Carnage+1","Shockwave","Battle Trance","Doubt","Havoc","Corruption+1","Body Slam","Pommel Strike","True Grit+1","Barricade+1","Burning Pact","Shrug It Off","Inflame","Shrug It Off+1"],"special_seed":0,"relics":["Burning Blood","NeowsBlessing","Paper Frog","Juzu Bracelet","Gremlin Horn","Pantograph","Sozu","MutagenicStrength","Molten Egg 2"],"potions_floor_usage":[18,20],"damage_taken":[{"damage":0.0,"enemies":"Cultist","floor":1.0,"turns":1.0},{"damage":0.0,"enemies":"Jaw Worm","floor":2.0,"turns":1.0},{"damage":0.0,"enemies":"2 Louse","floor":3.0,"turns":1.0},{"damage":40.0,"enemies":"3 Sentries","floor":6.0,"turns":8.0},{"damage":11.0,"enemies":"Gremlin Nob","floor":8.0,"turns":3.0},{"damage":5.0,"enemies":"Exordium Wildlife","floor":10.0,"turns":3.0},{"damage":41.0,"enemies":"Gremlin Gang","floor":12.0,"turns":7.0},{"damage":0.0,"enemies":"Large Slime","floor":14.0,"turns":4.0},{"damage":41,"enemies":"The Guardian","floor":16,"turns":14},{"damage":10,"enemies":"3 Byrds","floor":18,"turns":4},{"damage":42,"enemies":"Spheric Guardian","floor":20,"turns":6},{"damage":4,"enemies":"Snecko","floor":21,"turns":5},{"damage":38,"enemies":"Shelled Parasite and Fungi","floor":24,"turns":5},{"damage":0,"enemies":"3 Cultists","floor":25,"turns":4},{"damage":33,"enemies":"Gremlin Leader","floor":27,"turns":2}],"seed_played":"-5003423656827176648","potions_obtained":[{"floor":1.0,"key":"Fruit Juice"},{"floor":2.0,"key":"PowerPotion"},{"floor":10.0,"key":"LiquidBronze"},{"floor":12.0,"key":"EntropicBrew"}],"is_trial":false,"path_per_floor":["M","M","M","?","$","E","R","E","T","M","R","M","R","M","R","B",null,"M","?","M","M","?","R","M","M","T","E"],"character_chosen":"IRONCLAD","items_purchased":["Paper Frog"],"campfire_rested":2,"item_purchase_floors":[5],"current_hp_per_floor":[79,80,80,80,80,46,46,41,41,42,42,7,31,37,37,27,67,63,63,27,29,29,53,21,27,27,0],"gold":258,"neow_bonus":"THREE_ENEMY_KILL","is_prod":false,"is_daily":false,"chose_seed":false,"campfire_upgraded":3,"win_rate":0,"timestamp":1550735368,"path_taken":["M","?","?","?","$","E","R","E","T","M","R","M","R","M","R","BOSS","M","?","M","M","?","R","M","M","T","E"],"build_version":"2019-01-23","purchased_purges":0,"victory":false,"max_hp_per_floor":[80,80,80,80,80,80,80,80,80,80,80,80,80,80,80,80,80,80,80,80,80,80,80,80,80,80,80],"card_choices":[{"not_picked":["Battle Trance","Entrench"],"picked":"Carnage","floor":1.0},{"not_picked":["Flex","Carnage"],"picked":"Shockwave","floor":2.0},{"not_picked":["Disarm","Clash"],"picked":"Battle Trance","floor":3.0},{"not_picked":["Rampage","Pommel Strike"],"picked":"Havoc","floor":6.0},{"not_picked":["Second Wind","Flex"],"picked":"Corruption","floor":8.0},{"not_picked":["Iron Wave","Thunderclap"],"picked":"Body Slam","floor":10.0},{"not_picked":["Perfected Strike","Limit Break"],"picked":"Pommel Strike","floor":12.0},{"not_picked":["Iron Wave","Pommel Strike"],"picked":"True Grit","floor":14.0},{"not_picked":["Berserk","Juggernaut"],"picked":"Barricade","floor":16},{"not_picked":["Pommel Strike","Headbutt"],"picked":"Burning Pact","floor":18},{"not_picked":["Perfected Strike","Power Through"],"picked":"Shrug It Off","floor":20},{"not_picked":["Warcry","Perfected Strike"],"picked":"Inflame","floor":21},{"not_picked":["Cleave","Headbutt"],"picked":"Shrug It Off+1","floor":24},{"not_picked":["Twin Strike","Corruption","Clash"],"picked":"SKIP","floor":25}],"player_experience":318939,"relics_obtained":[{"floor":6.0,"key":"Juzu Bracelet"},{"floor":8.0,"key":"Gremlin Horn"},{"floor":9.0,"key":"Pantograph"},{"floor":26,"key":"Molten Egg 2"}],"event_choices":[{"damage_healed":0.0,"max_hp_gain":0.0,"max_hp_loss":0.0,"gold_gain":150.0,"event_name":"Liars Game","player_choice":"AGREE","floor":4.0,"gold_loss":0.0,"damage_taken":0.0,"cards_obtained":["Doubt"]},{"damage_healed":0,"gold_gain":0,"player_choice":"Inject Mutagens","damage_taken":0,"relics_obtained":["MutagenicStrength"],"max_hp_gain":0,"max_hp_loss":0,"event_name":"Drug Dealer","floor":19,"gold_loss":0},{"damage_healed":0,"gold_gain":0,"player_choice":"Forge","damage_taken":0,"max_hp_gain":0,"max_hp_loss":0,"event_name":"Accursed Blacksmith","floor":22,"gold_loss":0,"cards_upgraded":["Barricade"]}],"is_beta":false,"boss_relics":[{"not_picked":["Coffee Dripper","Velvet Choker"],"picked":"Sozu"}],"items_purged_floors":[],"is_endless":false,"potions_floor_spawned":[1,2,10,12,14],"killed_by":"Gremlin Leader","ascension_level":19}