{"gold_per_floor":[119,119,165,165,189,189,232,252,252,265,22,62,80,111,111,207,207,230,280,154,79,79,79,79,79,79,108,108,138,155,30,30,104,104,114,124,140,140,240,240,250,282,282,7,7],"floor_reached":45,"playtime":1994,"items_purged":["Pain","Strike_G","Strike_G"],"score":1074,"play_id":"2e9108e7-409d-4405-a355-94ea052a846a","local_time":"20190222134623","is_ascension_mode":true,"campfire_choices":[{"data":"Crippling Poison","floor":6,"key":"SMITH"},{"data":"Crippling Poison","floor":15,"key":"SMITH"},{"data":"Noxious Fumes","floor":23,"key":"SMITH"},{"data":"Doppelganger","floor":28,"key":"SMITH"},{"data":"Deadly Poison","floor":32,"key":"SMITH"},{"data":"Wraith Form v2","floor":40,"key":"SMITH"}],"neow_cost":"NONE","seed_source_timestamp":705120897475465,"circlet_count":0,"master_deck":["AscendersBane","Defend_G","Defend_G","Defend_G","Defend_G","Defend_G","Strike_G","Strike_G","Survivor","Neutralize","Crippling Poison+1","Heel Hook","Crippling Poison+1","Cloak And Dagger","Noxious Fumes+1","Deflect","Escape Plan","PiercingWail","Doppelganger+1","Backflip","Deadly Poison+1","Backflip","Wraith Form v2+1","Dodge and Roll+1","Backflip","Deadly Poison+1","Blur","Crippling Poison","Night Terror","PiercingWail"],"relics":["Ring of the Snake","NeowsBlessing","Bloody Idol","Lantern","WarpedTongs","Bird Faced Urn","WingedGreaves","Anchor","Bag of Preparation","Odd Mushroom","Coffee Dripper","Mummified Hand","Prayer Wheel","Orrery","Turnip","Juzu Bracelet","Ornamental Fan","Potion Belt"],"potions_floor_usage":[27,27,42,45],"damage_taken":[{"damage":0,"enemies":"Jaw Worm","floor":1,"turns":1},{"damage":0,"enemies":"Small Slimes","floor":5,"turns":2},{"damage":0,"enemies":"Lagavulin","floor":7,"turns":1},{"damage":1,"enemies":"Cultist","floor":8,"turns":4},{"damage":4,"enemies":"Looter","floor":10,"turns":3},{"damage":8,"enemies":"3 Sentries","floor":12,"turns":6},{"damage":12,"enemies":"Exordium Wildlife","floor":13,"turns":4},{"damage":0,"enemies":"The Mushroom Lair","floor":14,"turns":3},{"damage":18,"enemies":"Hexaghost","floor":16,"turns":11},{"damage":7,"enemies":"Shell Parasite","floor":18,"turns":5},{"damage":28,"enemies":"Book of Stabbing","floor":27,"turns":5},{"damage":0,"enemies":"Gremlin Leader","floor":29,"turns":6},{"damage":3,"enemies":"2 Thieves","floor":30,"turns":4},{"damage":14,"enemies":"Collector","floor":33,"turns":9},{"damage":0,"enemies":"Orb Walker","floor":35,"turns":4},{"damage":0,"enemies":"3 Shapes","floor":36,"turns":4},{"damage":0,"enemies":"Sphere and 2 Shapes","floor":37,"turns":3},{"damage":0,"enemies":"Mind Bloom Boss Battle","floor":39,"turns":8},{"damage":0,"enemies":"Jaw Worm Horde","floor":41,"turns":3},{"damage":48,"enemies":"Reptomancer","floor":42,"turns":7},{"damage":27,"enemies":"Transient","floor":45,"turns":5}],"seed_played":"3347199692294515524","potions_obtained":[{"floor":1,"key":"Explosive Potion"},{"floor":7,"key":"SteroidPotion"},{"floor":14,"key":"LiquidBronze"},{"floor":18,"key":"SkillPotion"},{"floor":27,"key":"Fire Potion"},{"floor":29,"key":"Strength Potion"},{"floor":35,"key":"Weak Potion"},{"floor":37,"key":"GhostInAJar"}],"is_trial":false,"path_per_floor":["M","?","T","?","M","R","E","M","T","M","$","E","M","?","R","B",null,"M","?","$","?","?","R","?","?","T","E","R","E","M","$","R","B",null,"M","M","M","?","?","R","M","E","T","$","M"],"character_chosen":"THE_SILENT","items_purchased":["Anchor","Backflip","GhostInAJar","Potion Belt","PiercingWail"],"campfire_rested":0,"item_purchase_floors":[11,20,44,44,44],"current_hp_per_floor":[59,59,59,59,59,59,59,58,58,54,54,48,38,40,40,24,51,46,46,46,46,46,46,46,58,58,37,37,44,53,53,53,46,57,60,60,60,57,57,57,57,16,16,16,0],"gold":7,"neow_bonus":"THREE_ENEMY_KILL","is_prod":false,"is_daily":false,"chose_seed":false,"campfire_upgraded":6,"win_rate":0,"timestamp":1550861183,"path_taken":["M","?","?","?","M","R","E","M","T","?","$","E","M","?","R","BOSS","M","?","$","?","?","R","?","?","T","E","R","E","M","?","R","BOSS","M","M","M","?","?","R","M","E","T","?","M"],"build_version":"2019-01-23","purchased_purges":3,"victory":false,"max_hp_per_floor":[66,60,60,60,60,60,60,60,60,60,60,60,60,60,60,60,60,60,60,60,60,60,60,60,60,60,60,60,60,60,60,60,60,60,60,60,60,57,57,57,57,57,57,57,57],"card_choices":[{"not_picked":["Backstab","Underhanded Strike"],"picked":"Crippling Poison","floor":1},{"not_picked":["Blur","Infinite Blades"],"picked":"Heel Hook","floor":5},{"not_picked":["Acrobatics","Deadly Poison"],"picked":"Crippling Poison","floor":7},{"not_picked":["Underhanded Strike","Finisher"],"picked":"Cloak And Dagger","floor":8},{"not_picked":["Escape Plan","Flying Knee"],"picked":"Noxious Fumes","floor":10},{"not_picked":["Blur","Bouncing Flask"],"picked":"Deflect","floor":12},{"not_picked":["Caltrops","Concentrate"],"picked":"Escape Plan","floor":13},{"not_picked":["Dagger Throw","Blade Dance"],"picked":"PiercingWail","floor":14},{"not_picked":["Envenom","Phantasmal Killer"],"picked":"Doppelganger","floor":16},{"not_picked":["Deadly Poison","Prepared","Riddle With Holes"],"picked":"SKIP","floor":18},{"not_picked":["Phantasmal Killer","Acrobatics+1","Outmaneuver"],"picked":"SKIP","floor":27},{"not_picked":["Deflect","Expertise","Predator"],"picked":"SKIP","floor":29},{"not_picked":["Poisoned Stab","Underhanded Strike"],"picked":"Deadly Poison","floor":30},{"not_picked":["Sucker Punch","Dodge and Roll"],"picked":"Backflip","floor":30},{"not_picked":["Glass Knife","A Thousand Cuts"],"picked":"Wraith Form v2","floor":33},{"not_picked":["Eviscerate","Reflex"],"picked":"Dodge and Roll+1","floor":34},{"not_picked":["Predator","Poisoned Stab"],"picked":"Backflip","floor":34},{"not_picked":["Dagger Spray","Predator"],"picked":"Deadly Poison+1","floor":34},{"not_picked":["Cloak And Dagger","Deadly Poison","Backstab"],"picked":"SKIP","floor":35},{"not_picked":["Dagger Throw","Blade Dance+1","Reflex+1"],"picked":"SKIP","floor":35},{"not_picked":["Sucker Punch+1","Concentrate"],"picked":"Blur","floor":36},{"not_picked":["Bouncing Flask","Quick Slash","Bane"],"picked":"SKIP","floor":36},{"not_picked":["Dodge and Roll","Predator+1","Masterful Stab"],"picked":"SKIP","floor":37},{"not_picked":["Dash","Prepared+1","Flechettes"],"picked":"SKIP","floor":37},{"not_picked":["Poisoned Stab+1","Dagger Throw"],"picked":"Crippling Poison","floor":41},{"not_picked":["Quick Slash","Dodge and Roll","Reflex+1"],"picked":"SKIP","floor":41},{"not_picked":["Caltrops","Bane+1"],"picked":"Night Terror","floor":42}],"player_experience":865227,"relics_obtained":[{"floor":3,"key":"Lantern"},{"floor":7,"key":"Bird Faced Urn"},{"floor":9,"key":"WingedGreaves"},{"floor":12,"key":"Bag of Preparation"},{"floor":14,"key":"Odd Mushroom"},{"floor":27,"key":"Mummified Hand"},{"floor":29,"key":"Prayer Wheel"},{"floor":39,"key":"Turnip"},{"floor":42,"key":"Juzu Bracelet"},{"floor":43,"key":"Ornamental Fan"}],"event_choices":[{"damage_healed":0,"gold_gain":0,"player_choice":"Lose Max HP","damage_taken":0,"relics_obtained":["Golden Idol"],"max_hp_gain":0,"max_hp_loss":6,"event_name":"Golden Idol","floor":2,"gold_loss":0},{"damage_healed":0,"gold_gain":0,"player_choice":"Rummage","damage_taken":0,"relics_obtained":["WarpedTongs"],"max_hp_gain":0,"max_hp_loss":0,"event_name":"Accursed Blacksmith","floor":4,"gold_loss":0,"cards_obtained":["Pain"]},{"damage_healed":0,"gold_gain":0,"player_choice":"Fought Mushrooms","damage_taken":0,"max_hp_gain":0,"max_hp_loss":0,"event_name":"Mushrooms","floor":14,"gold_loss":0},{"damage_healed":0,"gold_gain":50,"player_choice":"Stole From Cult","damage_taken":0,"max_hp_gain":0,"max_hp_loss":0,"event_name":"Nest","floor":19,"gold_loss":0},{"cards_removed":["Strike_G"],"damage_healed":0,"gold_gain":0,"player_choice":"Gave Gold","damage_taken":0,"max_hp_gain":0,"max_hp_loss":0,"event_name":"Beggar","floor":21,"gold_loss":75},{"damage_healed":0,"gold_gain":0,"player_choice":"Gave Idol","damage_taken":0,"relics_obtained":["Bloody Idol"],"max_hp_gain":0,"max_hp_loss":0,"event_name":"Forgotten Altar","floor":24,"relics_lost":["Golden Idol"],"gold_loss":0},{"damage_healed":12,"gold_gain":0,"player_choice":"Heal","damage_taken":0,"max_hp_gain":0,"max_hp_loss":0,"event_name":"The Library","floor":25,"gold_loss":0},{"damage_healed":0,"gold_gain":0,"player_choice":"Max HP","damage_taken":0,"max_hp_gain":0,"max_hp_loss":3,"event_name":"Winding Halls","floor":38,"gold_loss":0},{"damage_healed":0,"gold_gain":0,"player_choice":"Fight","damage_taken":0,"max_hp_gain":0,"max_hp_loss":0,"event_name":"MindBloom","floor":39,"gold_loss":0}],"is_beta":false,"boss_relics":[{"not_picked":["Eternal Feather","Pandora\u0027s Box"],"picked":"Coffee Dripper"},{"not_picked":["Sozu","Tiny House"],"picked":"Orrery"}],"items_purged_floors":[11,20,31],"is_endless":false,"potions_floor_spawned":[1,7,8,14,18,27,29,35,37,41],"killed_by":"Transient","ascension_level":20}