{"gold_per_floor":[14,14,30,30,30,60,60,91,117,117,129,162,174,184,184,286,286,305,51,51,51,151,151],"floor_reached":23,"playtime":1384,"items_purged":[],"score":207,"play_id":"08e420fc-fa83-4ca1-acbc-6d81156dd8ed","local_time":"20190124174126","is_ascension_mode":false,"campfire_choices":[{"floor":7,"key":"REST"},{"floor":10,"key":"REST"},{"data":"Metallicize","floor":15,"key":"SMITH"}],"neow_cost":"NO_GOLD","seed_source_timestamp":212965632473900,"circlet_count":0,"master_deck":["Strike_R","Strike_R","Strike_R","Strike_R","Strike_R","Defend_R","Defend_R","Defend_R","Defend_R","Bash","Whirlwind+1","Metallicize+1","Flex","Flex","Headbutt","Cleave","Seeing Red","Warcry","Shame","Whirlwind"],"relics":["Burning Blood","WingedGreaves","Bronze Scales","Matryoshka","Bag of Marbles","Strawberry","Bottled Tornado","Fusion Hammer","Paper Frog","Blood Vial","Incense Burner","Blue Candle"],"potions_floor_usage":[8,12,22,22,22,23],"damage_taken":[{"damage":5,"enemies":"Cultist","floor":1,"turns":4},{"damage":5,"enemies":"Jaw Worm","floor":3,"turns":4},{"damage":37,"enemies":"Lagavulin","floor":6,"turns":8},{"damage":27,"enemies":"Gremlin Nob","floor":8,"turns":4},{"damage":5,"enemies":"Small Slimes","floor":11,"turns":2},{"damage":26,"enemies":"Lagavulin","floor":12,"turns":5},{"damage":3,"enemies":"3 Louse","floor":13,"turns":3},{"damage":5,"enemies":"2 Fungi Beasts","floor":14,"turns":3},{"damage":46,"enemies":"Hexaghost","floor":16,"turns":9},{"damage":16,"enemies":"Spheric Guardian","floor":18,"turns":4},{"damage":28,"enemies":"Colosseum Slavers","floor":22,"turns":4},{"damage":20,"enemies":"Colosseum Nobs","floor":22,"turns":4},{"damage":47,"enemies":"Slavers","floor":23,"turns":3}],"seed_played":"-6600019650441596012","potions_obtained":[{"floor":6,"key":"Block Potion"},{"floor":11,"key":"Weak Potion"},{"floor":14,"key":"Swift Potion"},{"floor":16,"key":"Strength Potion"},{"floor":18,"key":"Block Potion"},{"floor":22,"key":"Fire Potion"}],"is_trial":false,"path_per_floor":["$","?","?","?","?","?"],"character_chosen":"IRONCLAD","items_purchased":["Paper Frog"],"campfire_rested":2,"item_purchase_floors":[19],"current_hp_per_floor":[80,80,80,80,80,49,73,52,59,85,86,66,69,70,70,30,87,77,77,77,77,45,0],"gold":151,"neow_bonus":"ONE_RARE_RELIC","is_prod":false,"is_daily":false,"chose_seed":false,"campfire_upgraded":1,"win_rate":0,"timestamp":1548348086,"path_taken":["M","?","M","?","?","E","R","E","T","R","M","E","M","M","R","BOSS","M","$","?","?","?","E"],"build_version":"2019-01-22","purchased_purges":0,"victory":false,"max_hp_per_floor":[80,80,80,80,80,80,80,80,87,87,87,87,87,87,87,87,87,87,87,87,87,87,87],"card_choices":[{"not_picked":["Twin Strike","Body Slam"],"picked":"Whirlwind","floor":1},{"not_picked":["Power Through","Anger"],"picked":"Metallicize","floor":3},{"not_picked":["Warcry","Headbutt"],"picked":"Flex","floor":6},{"not_picked":["Clothesline","Rupture"],"picked":"Flex","floor":8},{"not_picked":["Armaments","Juggernaut"],"picked":"Headbutt","floor":11},{"not_picked":["Dropkick","Bloodletting","Shrug It Off"],"picked":"SKIP","floor":12},{"not_picked":["Flex","Armaments","Anger"],"picked":"SKIP","floor":13},{"not_picked":["Anger","Sword Boomerang"],"picked":"Cleave","floor":14},{"not_picked":["Pommel Strike","Heavy Blade"],"picked":"Seeing Red","floor":18},{"not_picked":["Clothesline","Clash"],"picked":"Whirlwind","floor":22}],"player_experience":148397,"relics_obtained":[{"floor":6,"key":"Bronze Scales"},{"floor":8,"key":"Matryoshka"},{"floor":9,"key":"Bag of Marbles"},{"floor":9,"key":"Strawberry"},{"floor":12,"key":"Bottled Tornado"},{"floor":22,"key":"Incense Burner"},{"floor":22,"key":"Blue Candle"}],"event_choices":[{"damage_healed":0,"gold_gain":0,"player_choice":"Leave","damage_taken":0,"max_hp_gain":0,"max_hp_loss":0,"event_name":"The Cleric","floor":4,"gold_loss":0},{"damage_healed":0,"gold_gain":0,"player_choice":"Grow","damage_taken":0,"max_hp_gain":0,"max_hp_loss":0,"event_name":"Living Wall","floor":5,"gold_loss":0,"cards_upgraded":["Whirlwind"]},{"damage_healed":0,"gold_gain":0,"player_choice":"Read","damage_taken":0,"max_hp_gain":0,"max_hp_loss":0,"event_name":"The Library","floor":20,"gold_loss":0,"cards_obtained":["Warcry"]},{"damage_healed":0,"gold_gain":0,"player_choice":"Stole Relic","damage_taken":0,"relics_obtained":["Blood Vial"],"max_hp_gain":0,"max_hp_loss":0,"event_name":"Addict","floor":21,"gold_loss":0,"cards_obtained":["Shame"]},{"damage_healed":0,"gold_gain":0,"player_choice":"Fight","damage_taken":0,"max_hp_gain":0,"max_hp_loss":0,"event_name":"Colosseum","floor":22,"gold_loss":0},{"damage_healed":0,"gold_gain":0,"player_choice":"Fought Nobs","damage_taken":0,"max_hp_gain":0,"max_hp_loss":0,"event_name":"Colosseum","floor":22,"gold_loss":0}],"is_beta":true,"boss_relics":[{"not_picked":["Tiny House","Astrolabe"],"picked":"Fusion Hammer"}],"items_purged_floors":[],"is_endless":false,"potions_floor_spawned":[6,11,14,16,18,22],"killed_by":"Slavers","ascension_level":0}