{"gold_per_floor":[209,484,86,99,22,55,55,55,55,69,97,111,111],"floor_reached":13,"playtime":678,"items_purged":["Regret"],"score":130,"play_id":"c3b7dbd6-bbac-4dc2-8a8e-c60b1aa35f16","local_time":"20190202013519","is_ascension_mode":true,"campfire_choices":[{"floor":7,"key":"REST"}],"neow_cost":"NONE","seed_source_timestamp":790525944872555,"circlet_count":0,"master_deck":["Strike_R","Strike_R","Strike_R","Strike_R","Strike_R","Defend_R","Defend_R","Defend_R","Defend_R","Bash","Havoc","Feel No Pain","Intimidate","Disarm","Clothesline","Reckless Charge","Offering","Disarm"],"special_seed":0,"relics":["Burning Blood","Sundial","Omamori","Pantograph","Bag of Marbles","Meat on the Bone"],"potions_floor_usage":[],"damage_taken":[{"damage":6.0,"enemies":"Cultist","floor":1.0,"turns":4.0},{"damage":8.0,"enemies":"Jaw Worm","floor":4.0,"turns":4.0},{"damage":65,"enemies":"Lagavulin","floor":6,"turns":12},{"damage":5,"enemies":"Small Slimes","floor":10,"turns":4},{"damage":20,"enemies":"3 Sentries","floor":11,"turns":10},{"damage":15,"enemies":"Blue Slaver","floor":12,"turns":3},{"damage":30,"enemies":"Large Slime","floor":13,"turns":4}],"seed_played":"-4236642991598700114","potions_obtained":[{"floor":1.0,"key":"Ancient Potion"},{"floor":6,"key":"Poison Potion"}],"is_trial":false,"path_per_floor":["M","?","$","M","$","E","R","T","T","M","E","M","M"],"character_chosen":"IRONCLAD","items_purchased":["Sundial","Feel No Pain","Disarm"],"campfire_rested":1,"item_purchase_floors":[3,3,5],"current_hp_per_floor":[72,72,72,70,70,11,35,35,35,36,22,25,0],"gold":111,"neow_bonus":"HUNDRED_GOLD","is_prod":false,"is_daily":false,"chose_seed":false,"campfire_upgraded":0,"win_rate":0,"timestamp":1549046119,"path_taken":["M","?","?","M","$","E","R","?","T","M","E","M","M"],"build_version":"2019-01-23","purchased_purges":1,"victory":false,"max_hp_per_floor":[80,80,80,80,80,80,80,80,80,80,80,80,80],"card_choices":[{"not_picked":["Armaments","Wild Strike"],"picked":"Havoc","floor":1.0},{"not_picked":["Rampage","Twin Strike"],"picked":"Intimidate","floor":4.0},{"not_picked":["Double Tap","Dropkick"],"picked":"Clothesline","floor":6},{"not_picked":["Rampage","Spot Weakness"],"picked":"Reckless Charge","floor":10},{"not_picked":["Cleave","Clothesline"],"picked":"Offering","floor":11},{"not_picked":["Reckless Charge","Searing Blow"],"picked":"Disarm","floor":12}],"player_experience":312396,"relics_obtained":[{"floor":6,"key":"Omamori"},{"floor":8,"key":"Pantograph"},{"floor":9,"key":"Bag of Marbles"},{"floor":11,"key":"Meat on the Bone"}],"event_choices":[{"damage_healed":0.0,"max_hp_gain":0.0,"max_hp_loss":0.0,"gold_gain":275.0,"event_name":"Golden Shrine","player_choice":"Desecrate","floor":2.0,"gold_loss":0.0,"damage_taken":0.0,"cards_obtained":["Regret"]}],"is_beta":false,"boss_relics":[],"items_purged_floors":[3],"is_endless":false,"potions_floor_spawned":[1,6],"killed_by":"Large Slime","ascension_level":8}