{"path_per_floor":["M","?","M","?","?","R","E","R","T","M","E","R","M","?","R","B",null,"M","?","?","?","?","E","R","E","T","$","M","E","?","M","R","B",null,"M","?","?","?","M","E","R","$","T","M","R","E","$","M","R","B"],"character_chosen":"THE_SILENT","items_purchased":["Tough Bandages","Shuriken","Toolbox","Noxious Fumes","Noxious Fumes","Well Laid Plans"],"gold_per_floor":[118,118,131,131,131,131,163,163,163,183,217,217,236,236,236,340,340,359,359,359,449,419,444,444,479,527,73,85,112,112,131,131,234,234,251,251,251,351,361,395,395,51,51,66,66,101,47,64,64,64],"floor_reached":51,"campfire_rested":4,"playtime":2740,"current_hp_per_floor":[70,70,70,56,61,61,29,51,51,51,44,44,39,75,75,60,75,59,59,59,35,35,15,37,20,20,20,20,20,45,45,45,38,75,67,67,58,58,46,20,67,67,67,51,61,46,46,44,75,41],"items_purged":["Heel Hook"],"gold":64,"score":701,"play_id":"df1da272-8a96-47d6-9290-d4d8c2fa48f6","is_prod":false,"is_daily":false,"is_ascension_mode":true,"campfire_upgraded":5,"path_taken":["M","?","M","?","?","R","E","R","T","?","E","R","M","?","R","BOSS","M","?","?","?","?","E","R","E","T","$","M","E","?","?","R","BOSS","M","?","?","?","M","E","R","$","T","M","R","E","$","?","R","BOSS"],"build_version":"2018-02-22-PROD2","purchased_purges":3,"victory":true,"master_deck":["Survivor","Neutralize+1","After Image+1","Backflip","A Thousand Cuts+1","Terror","Tools of the Trade+1","Envenom+1","Flying Knee","Dagger Spray","Flying Knee","PiercingWail","Setup","Endless Agony","Expertise+1","Outmaneuver","Cloak And Dagger+1","Dodge and Roll+1","Cloak And Dagger+1","Caltrops+1","Blur","Die Die Die","Backflip+1","Madness","Madness","Predator+1","Finisher+1","Noxious Fumes+1","Noxious Fumes+1","Dodge and Roll+1","Well Laid Plans+1","Catalyst+1"],"max_hp_per_floor":[70,70,70,70,75,75,75,75,75,75,75,75,75,75,75,75,75,75,75,75,75,75,75,75,75,75,75,75,75,75,75,75,75,75,75,75,75,75,75,75,75,75,75,75,75,75,75,75,75,75],"relics":["Sozu","The Courier","Sundial","Frozen Egg 2","Pandora\u0027s Box","Kunai","Regal Pillow","Oddly Smooth Stone","Tough Bandages","Shuriken","Prayer Wheel","Eternal Feather","Ancient Tea Set","Toolbox","Lantern","Tingsha"],"card_choices":[{"not_picked":["Deflect","Eviscerate"],"picked":"After Image"},{"not_picked":["Caltrops","Finisher"],"picked":"Backflip"},{"not_picked":["PiercingWail","Underhanded Strike"],"picked":"A Thousand Cuts"},{"not_picked":["Setup","Distraction"],"picked":"Terror"},{"not_picked":["Underhanded Strike","Cloak And Dagger"],"picked":"Prepared"},{"not_picked":["Dodge and Roll","Prepared"],"picked":"Tools of the Trade"},{"not_picked":["Night Terror","Tactician"],"picked":"Envenom"},{"not_picked":["Acrobatics","Outmaneuver"],"picked":"Cloak And Dagger"},{"not_picked":["Eviscerate","Backstab"],"picked":"Dodge and Roll"},{"not_picked":["Underhanded Strike","Caltrops"],"picked":"Cloak And Dagger"},{"not_picked":["Concentrate","Outmaneuver"],"picked":"Caltrops"},{"not_picked":["Well Laid Plans","Accuracy"],"picked":"Blur"},{"not_picked":["Phantasmal Killer","Corpse Explosion"],"picked":"Die Die Die"},{"not_picked":["Acrobatics","Underhanded Strike"],"picked":"Backflip"},{"not_picked":["Slice","PiercingWail"],"picked":"Predator"},{"not_picked":["Cloak And Dagger","Deadly Poison"],"picked":"Finisher"},{"not_picked":["Dagger Throw","Acrobatics"],"picked":"Dodge and Roll"},{"not_picked":["Unload","All Out Attack"],"picked":"Catalyst"}],"player_experience":139168,"potions_floor_usage":[25],"damage_taken":[{"damage":0,"enemies":"Jaw Worm","floor":1,"turns":5},{"damage":0,"enemies":"Cultist","floor":3,"turns":4},{"damage":32,"enemies":"Gremlin Nob","floor":7,"turns":6},{"damage":0,"enemies":"2 Louse","floor":10,"turns":2},{"damage":7,"enemies":"Lagavulin","floor":11,"turns":6},{"damage":5,"enemies":"Large Slime","floor":13,"turns":4},{"damage":15,"enemies":"Hexaghost","floor":16,"turns":9},{"damage":16,"enemies":"Shell Parasite","floor":18,"turns":4},{"damage":20,"enemies":"Gremlin Leader","floor":23,"turns":5},{"damage":17,"enemies":"Slavers","floor":25,"turns":4},{"damage":0,"enemies":"3 Byrds","floor":28,"turns":4},{"damage":0,"enemies":"Gremlin Leader","floor":29,"turns":5},{"damage":0,"enemies":"3 Cultists","floor":31,"turns":4},{"damage":7,"enemies":"Champ","floor":33,"turns":7},{"damage":8,"enemies":"Orb Walker","floor":35,"turns":4},{"damage":12,"enemies":"3 Darklings","floor":39,"turns":5},{"damage":26,"enemies":"2 Orb Walkers","floor":40,"turns":5},{"damage":16,"enemies":"Sphere and 2 Shapes","floor":44,"turns":4},{"damage":15,"enemies":"Nemesis","floor":46,"turns":7},{"damage":2,"enemies":"Maw","floor":48,"turns":6},{"damage":34,"enemies":"Donu and Deca","floor":50,"turns":7}],"event_choices":[{"event_name":"Upgrade Shrine","player_choice":"Upgraded","floor":2,"damage_taken":0},{"event_name":"Shining Light","player_choice":"Entered Light","floor":4,"damage_taken":0},{"event_name":"Big Fish","player_choice":"Donut","floor":5,"damage_taken":0},{"event_name":"Wheel of Change","player_choice":"Full Heal","floor":14,"damage_taken":0},{"event_name":"Vampires","player_choice":"Ignored","floor":19,"damage_taken":0},{"event_name":"Wheel of Change","player_choice":"Card Removal","floor":20,"damage_taken":0},{"event_name":"Knowing Skull","player_choice":"GOLD POTION ","floor":21,"damage_taken":0},{"event_name":"The Woman in Blue","player_choice":"Bought 2 Potions","floor":22,"damage_taken":0},{"event_name":"The Library","player_choice":"Heal","floor":30,"damage_taken":0},{"event_name":"Winding Halls","player_choice":"Embrace Madness","floor":37,"damage_taken":0},{"event_name":"Golden Shrine","player_choice":"Pray","floor":38,"damage_taken":0}],"boss_relics":[{"not_picked":["Velvet Choker","Runic Dome"],"picked":"Pandora\u0027s Box"},{"not_picked":["Question Card","Black Star"],"picked":"Eternal Feather"}],"potions_floor_spawned":[1,7,16,18,33,35,44],"seed_played":"-6030738214689175089","ascension_level":2,"is_trial":false}