{"gold_per_floor":[119,119,119,135,153,153,183,183,183,19,19,19,19,34,34,108,108,122,136,136,152,52,52,67,92,92,92],"floor_reached":27,"playtime":758,"items_purged":["Strike_R","Strike_R"],"score":450,"play_id":"e7cd8b26-3214-42ba-b4f7-1488f6786c20","local_time":"20181020200658","is_ascension_mode":true,"campfire_choices":[{"data":"Combust","floor":6,"key":"SMITH"},{"floor":11,"key":"REST"},{"data":"True Grit","floor":13,"key":"SMITH"},{"floor":15,"key":"REST"},{"floor":23,"key":"REST"}],"neow_cost":"NONE","seed_source_timestamp":256250580820171,"circlet_count":0,"master_deck":["Strike_R","Strike_R","Defend_R","Defend_R","Defend_R+1","Defend_R+1","Bash+1","AscendersBane","Wild Strike","Combust+1","True Grit+1","Immolate+1","Pommel Strike+1","Impervious","Headbutt+1","Thunderclap+1","Flame Barrier+1"],"relics":["Burning Blood","Sundial","Molten Egg 2","Pen Nib","Busted Crown","Enchiridion","Bag of Marbles","Pocketwatch"],"potions_floor_usage":[25,25,27],"damage_taken":[{"damage":13,"enemies":"Jaw Worm","floor":1,"turns":6},{"damage":2,"enemies":"Small Slimes","floor":4,"turns":4},{"damage":2,"enemies":"2 Louse","floor":5,"turns":2},{"damage":23,"enemies":"3 Sentries","floor":7,"turns":7},{"damage":13,"enemies":"Looter","floor":14,"turns":2},{"damage":33,"enemies":"The Guardian","floor":16,"turns":9},{"damage":27,"enemies":"Chosen","floor":18,"turns":5},{"damage":15,"enemies":"2 Thieves","floor":19,"turns":2},{"damage":3,"enemies":"Chosen and Byrds","floor":21,"turns":5},{"damage":4,"enemies":"Centurion and Healer","floor":24,"turns":4},{"damage":40,"enemies":"Book of Stabbing","floor":25,"turns":4},{"damage":12,"enemies":"Snake Plant","floor":27,"turns":1}],"seed_played":"460145454674361653","potions_obtained":[{"floor":8,"key":"Dexterity Potion"},{"floor":8,"key":"EssenceOfSteel"},{"floor":25,"key":"PowerPotion"}],"is_trial":false,"path_per_floor":["M","?","?","M","M","R","E","?","T","$","R","?","R","M","R","B",null,"M","M","?","M","$","R","M","E","T"],"character_chosen":"IRONCLAD","items_purchased":["Immolate+1"],"campfire_rested":3,"item_purchase_floors":[10],"current_hp_per_floor":[61,38,38,42,46,46,29,29,29,29,51,51,51,44,66,39,66,45,36,15,18,18,40,42,8,8,0],"gold":92,"neow_bonus":"REMOVE_CARD","is_prod":false,"is_daily":false,"chose_seed":false,"campfire_upgraded":2,"win_rate":0,"timestamp":1540080418,"path_taken":["M","?","?","?","M","R","E","?","T","?","R","?","R","M","R","BOSS","M","M","?","M","$","R","M","E","T","M"],"build_version":"2018-10-18","purchased_purges":2,"victory":false,"max_hp_per_floor":[75,75,75,75,75,75,75,75,75,75,75,75,75,75,75,75,75,75,75,75,75,75,75,75,75,75,75],"card_choices":[{"not_picked":["Armaments","Pommel Strike"],"picked":"Wild Strike","floor":1},{"not_picked":["Thunderclap","True Grit"],"picked":"Combust","floor":4},{"not_picked":["Blood for Blood","Headbutt"],"picked":"True Grit","floor":5},{"not_picked":["Clash","Sever Soul"],"picked":"Armaments","floor":7},{"not_picked":["Battle Trance","Armaments"],"picked":"Pommel Strike+1","floor":14},{"not_picked":["Berserk","Limit Break"],"picked":"Impervious","floor":16},{"not_picked":["Anger+1"],"picked":"SKIP","floor":18},{"not_picked":["Havoc"],"picked":"SKIP","floor":19},{"not_picked":[],"picked":"Headbutt+1","floor":21},{"not_picked":[],"picked":"Thunderclap+1","floor":24},{"not_picked":[],"picked":"Flame Barrier+1","floor":25}],"player_experience":586742,"relics_obtained":[{"floor":7,"key":"Sundial"},{"floor":9,"key":"Molten Egg 2"},{"floor":20,"key":"Enchiridion"},{"floor":25,"key":"Bag of Marbles"},{"floor":26,"key":"Pocketwatch"}],"event_choices":[{"damage_healed":0,"gold_gain":0,"player_choice":"Entered Light","damage_taken":23,"max_hp_gain":0,"max_hp_loss":0,"event_name":"Shining Light","floor":2,"gold_loss":0,"cards_upgraded":["Defend_R","Defend_R"]},{"damage_healed":0,"gold_gain":0,"player_choice":"Grow","damage_taken":0,"max_hp_gain":0,"max_hp_loss":0,"event_name":"Living Wall","floor":3,"gold_loss":0,"cards_upgraded":["Bash"]},{"damage_healed":0,"gold_gain":0,"player_choice":"Got Potions","damage_taken":0,"max_hp_gain":0,"max_hp_loss":0,"event_name":"The Lab","floor":8,"gold_loss":0},{"cards_removed":["Armaments"],"damage_healed":0,"gold_gain":0,"player_choice":"Gave Card","damage_taken":0,"relics_obtained":["Pen Nib"],"max_hp_gain":0,"max_hp_loss":0,"event_name":"WeMeetAgain","floor":12,"gold_loss":0},{"damage_healed":0,"gold_gain":0,"player_choice":"Obtained Book","damage_taken":21,"max_hp_gain":0,"max_hp_loss":0,"event_name":"Cursed Tome","floor":20,"gold_loss":0}],"is_beta":false,"boss_relics":[{"not_picked":["Runic Dome","Runic Cube"],"picked":"Busted Crown"}],"items_purged_floors":[10,22],"is_endless":false,"potions_floor_spawned":[14,16,18,25],"killed_by":"Snake Plant","ascension_level":19}