{"gold_per_floor":[130,162,174,204,216,228,252,264,301,388,418,451,488,510,522,637,649,672,684,696,623,575],"floor_reached":22,"playtime":766,"items_purged":[],"score":258,"play_id":"e5d6d61e-a729-4358-8a19-8e711a740399","local_time":"20190201171106","is_ascension_mode":true,"campfire_choices":[{"data":"Bash","floor":6,"key":"SMITH"},{"data":"True Grit","floor":8,"key":"SMITH"},{"floor":15,"key":"REST"}],"neow_cost":"NONE","seed_source_timestamp":760215067196622,"circlet_count":0,"master_deck":["Strike_R+1","Strike_R","Strike_R","Strike_R+1","Strike_R+1","Defend_R","Bash+1","Twin Strike","Perfected Strike+1","Inflame","True Grit+1","Limit Break","Metallicize","True Grit","Demon Form","Hemokinesis+1","Immolate+1","Corruption+1","Warcry"],"relics":["Burning Blood","MawBank","Blood Vial","Odd Mushroom","Whetstone","Astrolabe","Art of War","Regal Pillow"],"potions_floor_usage":[13,13,16],"damage_taken":[{"damage":7,"enemies":"Small Slimes","floor":1,"turns":4},{"damage":1,"enemies":"2 Louse","floor":2,"turns":3},{"damage":7,"enemies":"Jaw Worm","floor":4,"turns":2},{"damage":11,"enemies":"Blue Slaver","floor":7,"turns":3},{"damage":8,"enemies":"Looter","floor":11,"turns":3},{"damage":11,"enemies":"The Mushroom Lair","floor":12,"turns":4},{"damage":16,"enemies":"Gremlin Nob","floor":13,"turns":3},{"damage":31,"enemies":"Lots of Slimes","floor":14,"turns":5},{"damage":19,"enemies":"The Guardian","floor":16,"turns":9},{"damage":44,"enemies":"3 Byrds","floor":18,"turns":5},{"damage":25,"enemies":"2 Thieves","floor":22,"turns":2}],"seed_played":"-2275402219529843961","potions_obtained":[{"floor":2,"key":"SmokeBomb"},{"floor":7,"key":"FearPotion"},{"floor":12,"key":"Regen Potion"},{"floor":14,"key":"Dexterity Potion"}],"is_trial":false,"path_per_floor":["M","M","?","M","?","R","M","R","T","?","M","?","E","M","R","B",null,"M","?","?","?","M"],"character_chosen":"IRONCLAD","items_purchased":[],"campfire_rested":1,"item_purchase_floors":[],"current_hp_per_floor":[71,76,60,59,64,64,59,59,59,48,48,45,46,23,48,37,73,37,37,21,21,0],"gold":575,"neow_bonus":"RANDOM_COMMON_RELIC","is_prod":false,"is_daily":false,"chose_seed":false,"campfire_upgraded":2,"win_rate":0,"timestamp":1549015866,"path_taken":["M","M","?","M","?","R","M","R","T","?","M","?","E","M","R","BOSS","M","?","?","?","M"],"build_version":"2019-01-23","purchased_purges":0,"victory":false,"max_hp_per_floor":[80,80,80,80,85,85,85,85,85,85,85,85,85,85,85,85,85,85,85,90,90,90],"card_choices":[{"not_picked":["Wild Strike","Rage"],"picked":"Twin Strike","floor":1},{"not_picked":["Corruption","Thunderclap"],"picked":"Perfected Strike","floor":2},{"not_picked":["Havoc","Battle Trance"],"picked":"Inflame","floor":4},{"not_picked":["Heavy Blade","Cleave"],"picked":"True Grit","floor":7},{"not_picked":["Wild Strike","Flex","Cleave"],"picked":"SKIP","floor":11},{"not_picked":["Sword Boomerang","Clash"],"picked":"Limit Break","floor":12},{"not_picked":["Heavy Blade","Clothesline"],"picked":"Metallicize","floor":13},{"not_picked":["Clash","Warcry"],"picked":"True Grit","floor":14},{"not_picked":["Fiend Fire","Brutality"],"picked":"Demon Form","floor":16},{"not_picked":["Combust","Cleave"],"picked":"Warcry","floor":18}],"player_experience":307082,"relics_obtained":[{"floor":9,"key":"Blood Vial"},{"floor":12,"key":"Odd Mushroom"},{"floor":13,"key":"Whetstone"}],"event_choices":[{"damage_healed":0,"gold_gain":0,"player_choice":"Entered Light","damage_taken":16,"max_hp_gain":0,"max_hp_loss":0,"event_name":"Shining Light","floor":3,"gold_loss":0,"cards_upgraded":["Perfected Strike","Strike_R"]},{"damage_healed":0,"gold_gain":0,"player_choice":"Donut","damage_taken":0,"max_hp_gain":5,"max_hp_loss":0,"event_name":"Big Fish","floor":5,"gold_loss":0},{"damage_healed":0,"gold_gain":75,"player_choice":"Gather Gold","damage_taken":11,"max_hp_gain":0,"max_hp_loss":0,"event_name":"World of Goop","floor":10,"gold_loss":0},{"damage_healed":0,"gold_gain":0,"player_choice":"Fought Mushrooms","damage_taken":0,"max_hp_gain":0,"max_hp_loss":0,"event_name":"Mushrooms","floor":12,"gold_loss":0},{"damage_healed":0,"gold_gain":0,"player_choice":"Opened","damage_taken":0,"relics_obtained":["Art of War"],"max_hp_gain":0,"max_hp_loss":0,"event_name":"The Mausoleum","floor":19,"gold_loss":0},{"damage_healed":0,"gold_gain":0,"player_choice":"Shed Blood","damage_taken":21,"max_hp_gain":5,"max_hp_loss":0,"event_name":"Forgotten Altar","floor":20,"gold_loss":0},{"damage_healed":0,"gold_gain":0,"player_choice":"Obtained Relic","damage_taken":0,"relics_obtained":["Regal Pillow"],"max_hp_gain":0,"max_hp_loss":0,"event_name":"Addict","floor":21,"gold_loss":85}],"is_beta":false,"boss_relics":[{"not_picked":["Black Star","Orrery"],"picked":"Astrolabe"}],"items_purged_floors":[],"is_endless":false,"potions_floor_spawned":[2,7,12,14],"killed_by":"2 Thieves","ascension_level":8}