{"gold_per_floor":[99,99,99,99,24,24,24,24,24,24,24,24,24,24,24,24,24,24,24,24,24,24,24,24,24,24,24,24,24,24,24,24,24,24,24,24,24,24,24,24,24,24,24,24,24,24,24,24,24,24],"floor_reached":50,"playtime":1725,"items_purged":["Strike_R"],"score":613,"play_id":"648c9479-f8ce-4b07-84f5-f1300b1b9760","local_time":"20190124201610","is_ascension_mode":true,"campfire_choices":[{"data":"Clothesline","floor":6.0,"key":"SMITH"},{"floor":10.0,"key":"REST"},{"floor":15.0,"key":"REST"},{"data":"Armaments","floor":24.0,"key":"SMITH"},{"data":"Metallicize","floor":27.0,"key":"SMITH"},{"floor":32,"key":"REST"},{"floor":40,"key":"REST"},{"floor":42,"key":"REST"},{"data":"Bludgeon","floor":44,"key":"SMITH"},{"floor":49,"key":"REST"}],"neow_cost":"NONE","seed_source_timestamp":0,"circlet_count":0,"master_deck":["Strike_R","Strike_R+1","Strike_R+1","Defend_R","Defend_R","Defend_R","Defend_R","Bash","Twin Strike","Clothesline+1","Metallicize+1","Twin Strike","Bludgeon+1","Armaments+1","Bloodletting","Twin Strike+1","Power Through+1","Parasite","Flex","Rampage"],"special_seed":0,"relics":["Ectoplasm","Red Skull","Oddly Smooth Stone","Whetstone","Anchor","Busted Crown","MutagenicStrength","Strawberry","Mummified Hand","Boot","Peace Pipe","Sozu","Nunchaku","StoneCalendar","The Courier"],"potions_floor_usage":[31,33,50],"damage_taken":[{"damage":12.0,"enemies":"Small Slimes","floor":1.0,"turns":3.0},{"damage":0.0,"enemies":"Cultist","floor":2.0,"turns":3.0},{"damage":0.0,"enemies":"2 Louse","floor":4.0,"turns":3.0},{"damage":25.0,"enemies":"3 Sentries","floor":7.0,"turns":8.0},{"damage":17.0,"enemies":"Lagavulin","floor":13.0,"turns":5.0},{"damage":0.0,"enemies":"Large Slime","floor":14.0,"turns":4.0},{"damage":33.0,"enemies":"Hexaghost","floor":16.0,"turns":8.0},{"damage":0.0,"enemies":"Chosen","floor":18.0,"turns":3.0},{"damage":2.0,"enemies":"3 Byrds","floor":19.0,"turns":5.0},{"damage":6.0,"enemies":"Gremlin Leader","floor":23.0,"turns":5.0},{"damage":0.0,"enemies":"Centurion and Healer","floor":25.0,"turns":4.0},{"damage":0.0,"enemies":"Snake Plant","floor":28.0,"turns":2.0},{"damage":20.0,"enemies":"Slavers","floor":30.0,"turns":5.0},{"damage":2,"enemies":"Cultist and Chosen","floor":31,"turns":4},{"damage":77,"enemies":"Collector","floor":33,"turns":9},{"damage":13,"enemies":"3 Darklings","floor":35,"turns":9},{"damage":2,"enemies":"Orb Walker","floor":37,"turns":4},{"damage":40,"enemies":"Transient","floor":39,"turns":5},{"damage":20,"enemies":"Spire Growth","floor":41,"turns":4},{"damage":3,"enemies":"Mind Bloom Boss Battle","floor":45,"turns":9},{"damage":14,"enemies":"Writhing Mass","floor":46,"turns":5},{"damage":7,"enemies":"3 Darklings","floor":47,"turns":7},{"damage":93,"enemies":"Donu and Deca","floor":50,"turns":6}],"seed_played":"2326436500624923784","potions_obtained":[{"floor":1.0,"key":"AttackPotion"},{"floor":4.0,"key":"Strength Potion"},{"floor":7.0,"key":"Regen Potion"},{"floor":16.0,"key":"Block Potion"},{"floor":25.0,"key":"Ancient Potion"},{"floor":28.0,"key":"Energy Potion"},{"floor":33,"key":"Strength Potion"}],"is_trial":false,"path_per_floor":["M","M","?","M","$","R","E","?","T","R","?","T","E","M","R","B",null,"M","M","$","?","?","E","R","M","T","R","M","?","E","M","R","B",null,"M","$","M","?","M","R","M","R","T","R","?","M","M","T","R","B"],"character_chosen":"IRONCLAD","items_purchased":[],"campfire_rested":6,"item_purchase_floors":[],"current_hp_per_floor":[68,68,60,60,60,60,35,35,35,59,64,64,47,47,72,39,85,85,83,83,67,67,82,82,82,82,82,82,82,62,60,89,12,97,84,84,82,82,42,71,51,80,80,80,77,63,56,56,85,0],"gold":24,"neow_bonus":"BOSS_RELIC","is_prod":false,"is_daily":false,"chose_seed":false,"campfire_upgraded":4,"win_rate":0,"timestamp":1548378970,"path_taken":["M","M","?","M","?","R","E","?","T","R","?","?","E","M","R","BOSS","M","M","$","?","?","E","R","M","T","R","M","?","E","?","R","BOSS","M","?","M","?","M","R","M","R","T","R","?","M","M","?","R","BOSS"],"build_version":"2019-01-23","purchased_purges":1,"victory":false,"max_hp_per_floor":[80,80,80,80,80,80,80,80,80,80,85,85,85,85,85,85,85,85,85,85,90,90,97,97,97,97,97,97,97,97,97,97,97,97,97,97,97,97,97,97,97,97,97,97,97,97,97,97,97,97],"card_choices":[{"not_picked":["Pommel Strike","Fire Breathing"],"picked":"Twin Strike","floor":1.0},{"not_picked":["Heavy Blade","Pommel Strike","Warcry"],"picked":"SKIP","floor":2.0},{"not_picked":["Reckless Charge","Fire Breathing"],"picked":"Clothesline","floor":4.0},{"not_picked":["Iron Wave","Wild Strike","Sword Boomerang"],"picked":"SKIP","floor":7.0},{"not_picked":["Barricade","Armaments"],"picked":"Metallicize","floor":13.0},{"not_picked":["Hemokinesis","Body Slam"],"picked":"Twin Strike","floor":14.0},{"not_picked":["Fiend Fire","Dark Embrace"],"picked":"Bludgeon","floor":16.0},{"not_picked":[],"picked":"Armaments","floor":18.0},{"not_picked":["Feel No Pain"],"picked":"SKIP","floor":19.0},{"not_picked":["Clothesline"],"picked":"SKIP","floor":23.0},{"not_picked":["Clothesline"],"picked":"SKIP","floor":23.0},{"not_picked":["Sever Soul"],"picked":"SKIP","floor":25.0},{"not_picked":["Twin Strike"],"picked":"SKIP","floor":28.0},{"not_picked":["Armaments"],"picked":"SKIP","floor":30.0},{"not_picked":[],"picked":"Bloodletting","floor":31},{"not_picked":["Wild Strike+1"],"picked":"SKIP","floor":35},{"not_picked":["Anger"],"picked":"SKIP","floor":37},{"not_picked":[],"picked":"Twin Strike+1","floor":39},{"not_picked":[],"picked":"Power Through+1","floor":41},{"not_picked":[],"picked":"Flex","floor":46},{"not_picked":[],"picked":"Rampage","floor":47}],"player_experience":132945,"relics_obtained":[{"floor":7.0,"key":"Red Skull"},{"floor":9.0,"key":"Oddly Smooth Stone"},{"floor":12.0,"key":"Whetstone"},{"floor":13.0,"key":"Anchor"},{"floor":23.0,"key":"Strawberry"},{"floor":26.0,"key":"Mummified Hand"},{"floor":29.0,"key":"Boot"},{"floor":30.0,"key":"Peace Pipe"},{"floor":43,"key":"Nunchaku"},{"floor":45,"key":"StoneCalendar"},{"floor":48,"key":"The Courier"}],"event_choices":[{"damage_healed":0.0,"max_hp_gain":0.0,"max_hp_loss":0.0,"gold_gain":0.0,"event_name":"Wheel of Change","player_choice":"Damaged","floor":3.0,"gold_loss":0.0,"damage_taken":8.0},{"damage_healed":0.0,"max_hp_gain":0.0,"max_hp_loss":0.0,"gold_gain":0.0,"event_name":"Shining Light","player_choice":"Ignored","floor":8.0,"gold_loss":0.0,"damage_taken":0.0},{"damage_healed":0.0,"max_hp_gain":5.0,"max_hp_loss":0.0,"gold_gain":0.0,"event_name":"Big Fish","player_choice":"Donut","floor":11.0,"gold_loss":0.0,"damage_taken":0.0},{"damage_healed":0.0,"max_hp_gain":5.0,"max_hp_loss":0.0,"gold_gain":0.0,"event_name":"Forgotten Altar","player_choice":"Shed Blood","floor":21.0,"gold_loss":0.0,"damage_taken":21.0},{"damage_healed":0.0,"max_hp_gain":0.0,"max_hp_loss":0.0,"gold_gain":0.0,"event_name":"Drug Dealer","player_choice":"Inject Mutagens","floor":22.0,"gold_loss":0.0,"damage_taken":0.0,"relics_obtained":["MutagenicStrength"]},{"damage_healed":0.0,"max_hp_gain":0.0,"max_hp_loss":0.0,"gold_gain":0.0,"event_name":"Wheel of Change","player_choice":"Relic","floor":29.0,"gold_loss":0.0,"damage_taken":0.0},{"cards_removed":["Strike_R"],"damage_healed":0,"gold_gain":0,"player_choice":"Removed Attack","damage_taken":0,"max_hp_gain":0,"max_hp_loss":0,"event_name":"Falling","floor":38,"gold_loss":0},{"damage_healed":0,"gold_gain":0,"player_choice":"Fight","damage_taken":0,"max_hp_gain":0,"max_hp_loss":0,"event_name":"MindBloom","floor":45,"gold_loss":0}],"is_beta":false,"boss_relics":[{"not_picked":["Coffee Dripper","Tiny House"],"picked":"Busted Crown"},{"not_picked":["Empty Cage","Eternal Feather"],"picked":"Sozu"}],"items_purged_floors":[5],"is_endless":false,"potions_floor_spawned":[1,4,7,16,18,19,25,28,33,37,41,45],"killed_by":"Donu and Deca","ascension_level":4}