{"gold_per_floor":[109,119,69,79,91,124,124,156,181,161,161,172,172,186,186,186],"floor_reached":16,"playtime":782,"items_purged":[],"score":129,"play_id":"a0a87ef9-7bb7-4581-bd27-cafd0536b56c","local_time":"20190201181454","is_ascension_mode":true,"campfire_choices":[{"floor":7,"key":"REST"},{"floor":11,"key":"REST"},{"floor":15,"key":"REST"}],"neow_cost":"NONE","seed_source_timestamp":764025589714664,"circlet_count":0,"master_deck":["Defend_G","Defend_G","Defend_G","Defend_G","Defend_G","Strike_G","Strike_G","Strike_G","Strike_G","Survivor","Neutralize","Noxious Fumes","Backflip","Well Laid Plans","Poisoned Stab","Bane","Well Laid Plans","Deadly Poison","Injury","Concentrate"],"relics":["Ring of the Snake","Smiling Mask","Ancient Tea Set","Blood Vial","Art of War","Golden Idol"],"potions_floor_usage":[8,8,16,16],"damage_taken":[{"damage":2,"enemies":"Jaw Worm","floor":1,"turns":5},{"damage":1,"enemies":"2 Louse","floor":2,"turns":4},{"damage":0,"enemies":"Cultist","floor":4,"turns":4},{"damage":14,"enemies":"2 Fungi Beasts","floor":5,"turns":5},{"damage":29,"enemies":"Lagavulin","floor":6,"turns":8},{"damage":22,"enemies":"Gremlin Nob","floor":8,"turns":5},{"damage":5,"enemies":"3 Louse","floor":12,"turns":3},{"damage":27,"enemies":"Gremlin Gang","floor":14,"turns":4},{"damage":48,"enemies":"Slime Boss","floor":16,"turns":8}],"seed_played":"3926311027697301137","potions_obtained":[{"floor":2,"key":"Block Potion"},{"floor":4,"key":"Weak Potion"},{"floor":8,"key":"Block Potion"},{"floor":10,"key":"Block Potion"}],"is_trial":false,"path_per_floor":["M","M","?","M","M","E","R","E","T","?","R","M","?","M","R","B"],"character_chosen":"THE_SILENT","items_purchased":[],"campfire_rested":3,"item_purchase_floors":[],"current_hp_per_floor":[68,67,67,67,53,24,45,23,23,23,44,41,41,16,37,0],"gold":186,"neow_bonus":"RANDOM_COMMON_RELIC","is_prod":false,"is_daily":false,"chose_seed":false,"campfire_upgraded":0,"win_rate":0,"timestamp":1549019694,"path_taken":["M","M","?","M","M","E","R","E","T","?","R","?","?","M","R","BOSS"],"build_version":"2019-01-23","purchased_purges":0,"victory":false,"max_hp_per_floor":[70,70,70,70,70,70,70,70,70,70,70,70,70,70,70,70],"card_choices":[{"not_picked":["Outmaneuver","Catalyst"],"picked":"Noxious Fumes","floor":1},{"not_picked":["Quick Slash","Poisoned Stab"],"picked":"Backflip","floor":2},{"not_picked":["Terror","Blur"],"picked":"Well Laid Plans","floor":4},{"not_picked":["Dagger Throw","Heel Hook"],"picked":"Poisoned Stab","floor":5},{"not_picked":["Backstab","Glass Knife"],"picked":"Bane","floor":6},{"not_picked":["Blade Dance","Dagger Throw"],"picked":"Well Laid Plans","floor":8},{"not_picked":["Dagger Spray","Sucker Punch"],"picked":"Deadly Poison","floor":12},{"not_picked":["Underhanded Strike","Deflect"],"picked":"Concentrate","floor":14}],"player_experience":310850,"relics_obtained":[{"floor":6,"key":"Ancient Tea Set"},{"floor":8,"key":"Blood Vial"},{"floor":9,"key":"Art of War"}],"event_choices":[{"cards_removed":["Strike_G"],"damage_healed":0,"gold_gain":0,"player_choice":"Card Removal","damage_taken":0,"max_hp_gain":0,"max_hp_loss":0,"event_name":"The Cleric","floor":3,"gold_loss":50},{"damage_healed":0,"gold_gain":0,"player_choice":"Bought 1 Potion","damage_taken":0,"max_hp_gain":0,"max_hp_loss":0,"event_name":"The Woman in Blue","floor":10,"gold_loss":0},{"damage_healed":0,"gold_gain":0,"player_choice":"Take Wound","damage_taken":0,"relics_obtained":["Golden Idol"],"max_hp_gain":0,"max_hp_loss":0,"event_name":"Golden Idol","floor":13,"gold_loss":0,"cards_obtained":["Injury"]}],"is_beta":false,"boss_relics":[],"items_purged_floors":[],"is_endless":false,"potions_floor_spawned":[2,4,8],"killed_by":"Slime Boss","ascension_level":3}