{"gold_per_floor":[111,130,143,143,162,162,174,174,254,289,289,335,352,372,372,477,477,490,490,507,527,527],"floor_reached":22,"playtime":1066,"items_purged":[],"score":219,"play_id":"da998878-3836-4d70-8aa1-03875174ea99","local_time":"20181130220926","is_ascension_mode":true,"campfire_choices":[{"data":"Zap","floor":6.0,"key":"SMITH"},{"data":"Dualcast","floor":8.0,"key":"SMITH"},{"data":"Loop","floor":11.0,"key":"SMITH"},{"floor":15.0,"key":"REST"}],"neow_cost":"NONE","seed_source_timestamp":183416074943819,"circlet_count":0,"master_deck":["Strike_B","Strike_B","Strike_B","Defend_B","Defend_B","Defend_B","Defend_B","Zap+1","Dualcast+1","Steam","Cold Snap","Loop+1","Skim","Ball Lightning","Leap","Aggregate","Consume","Coolheaded","Amplify","Core Surge","Coolheaded","Cold Snap","Compile Driver+1","Go for the Eyes"],"special_seed":0,"relics":["Cracked Core","NeowsBlessing","Ornamental Fan","Prayer Wheel","Pen Nib","Philosopher\u0027s Stone"],"potions_floor_usage":[],"damage_taken":[{"damage":0.0,"enemies":"2 Louse","floor":1.0,"turns":1.0},{"damage":0.0,"enemies":"Jaw Worm","floor":2.0,"turns":1.0},{"damage":0.0,"enemies":"Cultist","floor":3.0,"turns":1.0},{"damage":8.0,"enemies":"2 Fungi Beasts","floor":5.0,"turns":3.0},{"damage":6.0,"enemies":"Looter","floor":7.0,"turns":4.0},{"damage":11.0,"enemies":"3 Sentries","floor":10.0,"turns":5.0},{"damage":3.0,"enemies":"Blue Slaver","floor":13.0,"turns":3.0},{"damage":9.0,"enemies":"3 Louse","floor":14.0,"turns":3.0},{"damage":17.0,"enemies":"The Guardian","floor":16.0,"turns":13.0},{"damage":23.0,"enemies":"3 Byrds","floor":18.0,"turns":6.0},{"damage":0,"enemies":"Spheric Guardian","floor":20,"turns":3},{"damage":20,"enemies":"Centurion and Healer","floor":21,"turns":8},{"damage":36,"enemies":"Snake Plant","floor":22,"turns":5}],"seed_played":"-4334552908358257678","potions_obtained":[{"floor":2.0,"key":"Ancient Potion"},{"floor":5.0,"key":"Fire Potion"},{"floor":10.0,"key":"SkillPotion"},{"floor":16.0,"key":"GamblersBrew"},{"floor":21,"key":"GamblersBrew"}],"is_trial":false,"path_per_floor":["M","M","M","?","M","R","M","R","T","E","R","T","M","M","R","B",null,"M","?","M","M","M"],"character_chosen":"DEFECT","items_purchased":[],"campfire_rested":1,"item_purchase_floors":[],"current_hp_per_floor":[75,75,75,68,60,60,54,54,54,43,43,43,40,31,53,36,75,52,52,52,32,0],"gold":527,"neow_bonus":"THREE_ENEMY_KILL","is_prod":false,"is_daily":false,"chose_seed":false,"campfire_upgraded":3,"win_rate":0,"timestamp":1543583366,"path_taken":["M","M","M","?","M","R","M","R","T","E","R","?","M","?","R","BOSS","M","?","M","M","M"],"build_version":"2018-11-15","purchased_purges":0,"victory":false,"max_hp_per_floor":[75,75,75,75,75,75,75,75,75,75,75,75,75,75,75,75,75,75,75,75,75,75],"card_choices":[{"not_picked":["Redo","Barrage"],"picked":"Steam","floor":1.0},{"not_picked":["Sweeping Beam","Barrage"],"picked":"Cold Snap","floor":2.0},{"not_picked":["Beam Cell","Meteor Strike"],"picked":"Loop","floor":3.0},{"not_picked":["Gash","Compile Driver"],"picked":"Skim","floor":5.0},{"not_picked":["Sweeping Beam","Auto Shields"],"picked":"Ball Lightning","floor":7.0},{"not_picked":["Skim","Steam Power"],"picked":"Leap","floor":10.0},{"not_picked":["Rip and Tear","Fusion"],"picked":"Aggregate","floor":13.0},{"not_picked":["Steam","Reprogram"],"picked":"Consume","floor":13.0},{"not_picked":["Hello World","Beam Cell"],"picked":"Coolheaded","floor":14.0},{"not_picked":["Cold Snap","Lockon"],"picked":"Amplify","floor":14.0},{"not_picked":["Meteor Strike","Thunder Strike"],"picked":"Core Surge","floor":16.0},{"not_picked":["Scrape+1","Force Field+1"],"picked":"Coolheaded","floor":18.0},{"not_picked":["Rip and Tear","Leap"],"picked":"Cold Snap","floor":18.0},{"not_picked":["Chaos","Redo"],"picked":"Compile Driver+1","floor":20},{"not_picked":["Coolheaded","Machine Learning","Steam"],"picked":"SKIP","floor":20},{"not_picked":["Undo+1","Redo"],"picked":"Go for the Eyes","floor":21},{"not_picked":["Rebound","Barrage","Sweeping Beam"],"picked":"SKIP","floor":21}],"player_experience":133031,"relics_obtained":[{"floor":9.0,"key":"Ornamental Fan"},{"floor":10.0,"key":"Prayer Wheel"},{"floor":12.0,"key":"Pen Nib"}],"event_choices":[{"cards_removed":["Strike_B"],"damage_healed":0.0,"max_hp_gain":0.0,"max_hp_loss":0.0,"gold_gain":0.0,"event_name":"Golden Wing","player_choice":"Card Removal","floor":4.0,"gold_loss":0.0,"damage_taken":7.0},{"damage_healed":0.0,"max_hp_gain":0.0,"max_hp_loss":0.0,"gold_gain":0.0,"event_name":"Ghosts","player_choice":"Ignored","floor":19.0,"gold_loss":0.0,"damage_taken":0.0}],"is_beta":false,"boss_relics":[{"not_picked":["Coffee Dripper","Eternal Feather"],"picked":"Philosopher\u0027s Stone"}],"items_purged_floors":[],"is_endless":false,"potions_floor_spawned":[2,5,10,16,21],"killed_by":"Snake Plant","ascension_level":3}