{"gold_per_floor":[14,24,199,215,228,228,255,255,306,306,306,11,41,41,41,141,141,116,116,16,35,50,50],"floor_reached":23,"playtime":1044,"items_purged":["Doubt","Parasite"],"score":289,"play_id":"3109c641-74f9-43d0-afd6-00526240ea37","local_time":"20190131131318","is_ascension_mode":true,"campfire_choices":[{"floor":6,"key":"REST"},{"floor":8,"key":"REST"},{"floor":10,"key":"REST"},{"data":"Catalyst","floor":15,"key":"SMITH"}],"neow_cost":"NO_GOLD","seed_source_timestamp":536502497138,"circlet_count":0,"master_deck":["Defend_G","Defend_G","Defend_G","Defend_G","Defend_G","Strike_G","Strike_G","Strike_G","Strike_G","Strike_G","Survivor","Neutralize","Malaise","Deadly Poison","Blur","Catalyst+1","Cloak And Dagger","Predator","Crippling Poison","Backflip","Night Terror","Necronomicurse","Backstab+1"],"relics":["Ring of the Snake","Letter Opener","Oddly Smooth Stone","Juzu Bracelet","Boot","Runic Pyramid","Necronomicon"],"potions_floor_usage":[7,18],"damage_taken":[{"damage":1,"enemies":"2 Louse","floor":1,"turns":3},{"damage":1,"enemies":"Jaw Worm","floor":2,"turns":6},{"damage":1,"enemies":"Cultist","floor":4,"turns":5},{"damage":34,"enemies":"Exordium Thugs","floor":5,"turns":10},{"damage":35,"enemies":"Gremlin Nob","floor":7,"turns":5},{"damage":9,"enemies":"3 Sentries","floor":13,"turns":10},{"damage":25,"enemies":"Hexaghost","floor":16,"turns":14},{"damage":33,"enemies":"2 Thieves","floor":18,"turns":5},{"damage":6,"enemies":"Chosen","floor":21,"turns":6},{"damage":7,"enemies":"Snecko","floor":22,"turns":8},{"damage":14,"enemies":"Book of Stabbing","floor":23,"turns":4}],"seed_played":"4979139880207030527","potions_obtained":[{"floor":4,"key":"Ancient Potion"},{"floor":5,"key":"PowerPotion"}],"is_trial":false,"path_per_floor":["M","M","?","M","M","R","E","R","T","R","?","$","E","?","R","B",null,"M","?","$","M","M","E"],"character_chosen":"THE_SILENT","items_purchased":["Predator","Crippling Poison","Regen Potion"],"campfire_rested":3,"item_purchase_floors":[12,12,12],"current_hp_per_floor":[62,61,61,60,26,47,12,33,33,54,42,42,33,50,50,25,59,41,25,25,19,12,0],"gold":50,"neow_bonus":"THREE_RARE_CARDS","is_prod":false,"is_daily":false,"chose_seed":false,"campfire_upgraded":1,"win_rate":0,"timestamp":1548958398,"path_taken":["M","M","?","M","M","R","E","R","T","R","?","$","E","?","R","BOSS","M","?","$","M","M","E"],"build_version":"2019-01-23","purchased_purges":2,"victory":false,"max_hp_per_floor":[70,70,70,70,70,70,70,70,70,70,70,70,70,70,70,70,70,70,70,67,67,67,67],"card_choices":[{"not_picked":["Die Die Die","Doppelganger"],"picked":"Malaise","floor":0},{"not_picked":["Bane","Finisher"],"picked":"Deadly Poison","floor":1},{"not_picked":["Slice","Flying Knee"],"picked":"Blur","floor":2},{"not_picked":["Masterful Stab","Outmaneuver","Slice"],"picked":"SKIP","floor":4},{"not_picked":["Dagger Throw","Deflect"],"picked":"Catalyst","floor":5},{"not_picked":["Calculated Gamble","Endless Agony"],"picked":"Cloak And Dagger","floor":7},{"not_picked":["Poisoned Stab","Sucker Punch"],"picked":"Backflip","floor":13},{"not_picked":["Wraith Form v2","Envenom"],"picked":"Night Terror","floor":16},{"not_picked":["Sucker Punch+1","Flechettes","Prepared"],"picked":"SKIP","floor":18},{"not_picked":["Deflect","Underhanded Strike","Cloak And Dagger"],"picked":"SKIP","floor":21},{"not_picked":["Deadly Poison","Masterful Stab"],"picked":"Backstab+1","floor":22}],"player_experience":184893,"relics_obtained":[{"floor":7,"key":"Letter Opener"},{"floor":9,"key":"Oddly Smooth Stone"},{"floor":13,"key":"Boot"},{"floor":19,"key":"Necronomicon"}],"event_choices":[{"damage_healed":0,"gold_gain":175,"player_choice":"AGREE","damage_taken":0,"max_hp_gain":0,"max_hp_loss":0,"event_name":"Liars Game","floor":3,"gold_loss":0,"cards_obtained":["Doubt"]},{"damage_healed":0,"gold_gain":0,"player_choice":"Success","damage_taken":12,"relics_obtained":["Juzu Bracelet"],"max_hp_gain":0,"max_hp_loss":0,"event_name":"Scrap Ooze","floor":11,"gold_loss":0},{"damage_healed":17,"gold_gain":0,"player_choice":"Healed and dodged fight","damage_taken":0,"max_hp_gain":0,"max_hp_loss":0,"event_name":"Mushrooms","floor":14,"gold_loss":0,"cards_obtained":["Parasite"]},{"damage_healed":0,"gold_gain":0,"player_choice":"Obtained Book","damage_taken":16,"max_hp_gain":0,"max_hp_loss":0,"event_name":"Cursed Tome","floor":19,"gold_loss":0}],"is_beta":false,"boss_relics":[{"not_picked":["Coffee Dripper","Fusion Hammer"],"picked":"Runic Pyramid"}],"items_purged_floors":[12,20],"is_endless":false,"potions_floor_spawned":[4,5],"killed_by":"Book of Stabbing","ascension_level":9}