{"gold_per_floor":[119,134,153,171,171,171,171,171,171,171,188,202,221,284,284,384,384,395,410,410,410,422,422,449,461,496,508,549,486,498,525,537,649,661,683,695,370,386,411,411,429,440,508,144,144,160,172,203,203,203],"floor_reached":51,"playtime":2839,"items_purged":[],"score":833,"play_id":"6c909f59-185d-46bb-9d4e-a6c48dee75bd","local_time":"20190111173701","is_ascension_mode":true,"campfire_choices":[{"data":"Bouncing Flask","floor":6.0,"key":"SMITH"},{"data":"Catalyst","floor":8.0,"key":"SMITH"},{"data":"Deadly Poison","floor":10.0,"key":"SMITH"},{"data":"Distraction","floor":15.0,"key":"SMITH"},{"data":"Adrenaline","floor":23.0,"key":"SMITH"},{"data":"Bouncing Flask","floor":25.0,"key":"SMITH"},{"data":"Backflip","floor":27.0,"key":"SMITH"},{"data":"Catalyst","floor":30.0,"key":"SMITH"},{"floor":32.0,"key":"REST"},{"floor":40.0,"key":"REST"},{"data":"Bouncing Flask","floor":45.0,"key":"SMITH"},{"floor":49.0,"key":"REST"}],"neow_cost":"NONE","seed_source_timestamp":144828487704394,"circlet_count":0,"master_deck":["Defend_G","Defend_G","Defend_G","Defend_G","Survivor","Neutralize","Deadly Poison+1","Sucker Punch","Bouncing Flask+1","Catalyst+1","Backstab","Distraction+1","Adrenaline+1","Catalyst+1","Blur+1","Bite","Bite","Bite","Bite","Bite","Backflip+1","Bouncing Flask+1","Acrobatics+1","Bullet Time","Madness","Madness","PiercingWail","Well Laid Plans+1","Corpse Explosion","Bouncing Flask+1","Acrobatics+1","Acrobatics+1","Acrobatics+1"],"special_seed":0,"relics":["Ring of the Serpent","Singing Bowl","Bronze Scales","Orichalcum","Sozu","MawBank","Lantern","Red Mask","Dead Branch","Art of War","Meat on the Bone","Oddly Smooth Stone","Dream Catcher","Dodecahedron"],"potions_floor_usage":[],"damage_taken":[{"damage":3.0,"enemies":"Cultist","floor":1.0,"turns":4.0},{"damage":1.0,"enemies":"Jaw Worm","floor":2.0,"turns":5.0},{"damage":1.0,"enemies":"Small Slimes","floor":3.0,"turns":4.0},{"damage":9.0,"enemies":"Blue Slaver","floor":4.0,"turns":4.0},{"damage":10.0,"enemies":"2 Fungi Beasts","floor":11.0,"turns":3.0},{"damage":6.0,"enemies":"Looter","floor":12.0,"turns":2.0},{"damage":3.0,"enemies":"Blue Slaver","floor":13.0,"turns":2.0},{"damage":49.0,"enemies":"Slime Boss","floor":16.0,"turns":11.0},{"damage":8.0,"enemies":"Shell Parasite","floor":18.0,"turns":2.0},{"damage":7.0,"enemies":"Chosen","floor":19.0,"turns":4.0},{"damage":22.0,"enemies":"3 Cultists","floor":22.0,"turns":6.0},{"damage":10.0,"enemies":"Slavers","floor":24.0,"turns":5.0},{"damage":10.0,"enemies":"Masked Bandits","floor":28.0,"turns":4.0},{"damage":25.0,"enemies":"Shelled Parasite and Fungi","floor":31.0,"turns":4.0},{"damage":24.0,"enemies":"Automaton","floor":33.0,"turns":6.0},{"damage":11.0,"enemies":"3 Shapes","floor":35.0,"turns":4.0},{"damage":19.0,"enemies":"3 Darklings","floor":38.0,"turns":4.0},{"damage":27.0,"enemies":"Sphere and 2 Shapes","floor":41.0,"turns":4.0},{"damage":0.0,"enemies":"Maw","floor":42.0,"turns":3.0},{"damage":2.0,"enemies":"Writhing Mass","floor":46.0,"turns":3.0},{"damage":12.0,"enemies":"4 Shapes","floor":47.0,"turns":2.0},{"damage":0.0,"enemies":"Giant Head","floor":48.0,"turns":3.0},{"damage":69,"enemies":"Awakened One","floor":50,"turns":9}],"seed_played":"-6599713152757262835","potions_obtained":[{"floor":4.0,"key":"Weak Potion"},{"floor":11.0,"key":"Weak Potion"},{"floor":16.0,"key":"Strength Potion"}],"is_trial":false,"path_per_floor":["M","M","M","M","?","R","T","R","T","R","M","M","M","?","R","B",null,"M","M","?","?","M","R","E","R","T","R","?","?","R","M","R","B",null,"M","?","$","M","T","R","M","M","T","$","R","M","M","E","R","B",null],"character_chosen":"THE_SILENT","items_purchased":["Dead Branch","PiercingWail","Oddly Smooth Stone","Dream Catcher","Bouncing Flask"],"campfire_rested":3,"item_purchase_floors":[37,37,44,44,44],"current_hp_per_floor":[67,68,69,61,61,61,61,61,61,61,55,51,50,50,50,3,72,64,59,59,59,55,55,55,55,55,55,55,55,55,36,58,46,74,71,61,61,48,48,70,53,63,63,63,63,63,51,51,75,24],"gold":203,"neow_bonus":"RANDOM_COMMON_RELIC","is_prod":false,"is_daily":false,"chose_seed":false,"campfire_upgraded":9,"win_rate":0,"timestamp":1547199421,"path_taken":["M","M","M","M","?","R","?","R","T","R","M","M","?","?","R","BOSS","M","M","?","?","M","R","E","R","T","R","?","?","R","M","R","BOSS","M","?","$","M","?","R","M","M","T","$","R","?","M","E","R","BOSS"],"build_version":"2019-01-10","purchased_purges":0,"victory":true,"max_hp_per_floor":[70,70,70,70,70,70,70,70,70,70,72,72,72,72,72,72,72,72,72,72,72,72,72,72,72,72,72,74,74,74,74,74,74,74,76,76,76,76,76,76,76,78,78,78,78,80,80,80,80,80],"card_choices":[{"not_picked":["Underhanded Strike","Endless Agony"],"picked":"Deadly Poison","floor":1.0},{"not_picked":["Reflex","Flying Knee"],"picked":"Sucker Punch","floor":2.0},{"not_picked":["Poisoned Stab","Bane"],"picked":"Bouncing Flask","floor":3.0},{"not_picked":["Skewer","Noxious Fumes"],"picked":"Catalyst","floor":4.0},{"not_picked":["Underhanded Strike","Slice","Sucker Punch"],"picked":"Singing Bowl","floor":11.0},{"not_picked":["Slice","Flying Knee"],"picked":"Backstab","floor":12.0},{"not_picked":["Dagger Throw","Choke"],"picked":"Distraction","floor":13.0},{"not_picked":["Bullet Time","Wraith Form v2"],"picked":"Adrenaline","floor":16.0},{"not_picked":["Endless Agony+1","Predator"],"picked":"Catalyst","floor":18.0},{"not_picked":["Well Laid Plans","Dagger Spray+1"],"picked":"Blur+1","floor":19.0},{"not_picked":["Sucker Punch","PiercingWail"],"picked":"Backflip","floor":22.0},{"not_picked":["Backflip","Calculated Gamble"],"picked":"Bouncing Flask","floor":24.0},{"not_picked":["Flechettes","Acrobatics","Accuracy"],"picked":"Singing Bowl","floor":28.0},{"not_picked":["Escape Plan","Dagger Throw"],"picked":"Acrobatics+1","floor":31.0},{"not_picked":["Envenom","Wraith Form v2"],"picked":"Bullet Time","floor":33.0},{"not_picked":["Slice+1","Deflect+1","Flying Knee+1"],"picked":"Singing Bowl","floor":35.0},{"not_picked":["Heel Hook+1","Dagger Spray+1"],"picked":"Well Laid Plans+1","floor":38.0},{"not_picked":["Prepared","Dagger Throw+1"],"picked":"Corpse Explosion","floor":41.0},{"not_picked":["Dagger Spray","Tactician","Dagger Throw+1"],"picked":"Singing Bowl","floor":42.0},{"not_picked":["Prepared+1","Backflip+1","Catalyst"],"picked":"Singing Bowl","floor":46.0},{"not_picked":["Underhanded Strike+1","Endless Agony+1"],"picked":"Acrobatics+1","floor":47.0},{"not_picked":["Quick Slash","Blur"],"picked":"Acrobatics+1","floor":48.0},{"not_picked":["Deadly Poison+1","Malaise"],"picked":"Acrobatics+1","floor":49.0}],"player_experience":261208,"relics_obtained":[{"floor":7.0,"key":"Bronze Scales"},{"floor":9.0,"key":"Orichalcum"},{"floor":24.0,"key":"MawBank"},{"floor":26.0,"key":"Lantern"},{"floor":28.0,"key":"Red Mask"},{"floor":39.0,"key":"Art of War"},{"floor":43.0,"key":"Meat on the Bone"},{"floor":48.0,"key":"Dodecahedron"}],"event_choices":[{"damage_healed":0.0,"max_hp_gain":0.0,"max_hp_loss":0.0,"gold_gain":0.0,"event_name":"Big Fish","player_choice":"Box","floor":5.0,"gold_loss":0.0,"damage_taken":0.0,"relics_obtained":["Singing Bowl"],"cards_obtained":["Regret"]},{"damage_healed":0.0,"max_hp_gain":0.0,"max_hp_loss":0.0,"gold_gain":63.0,"event_name":"Golden Wing","player_choice":"Gained Gold","floor":14.0,"gold_loss":0.0,"damage_taken":0.0},{"damage_healed":0.0,"max_hp_gain":0.0,"max_hp_loss":0.0,"gold_gain":0.0,"event_name":"Vampires","player_choice":"Became a vampire (Vial)","floor":20.0,"relics_lost":["Blood Vial"],"gold_loss":0.0,"damage_taken":0.0,"cards_obtained":["Bite","Bite","Bite","Bite","Bite"]},{"cards_removed":["Regret"],"damage_healed":0.0,"max_hp_gain":0.0,"max_hp_loss":0.0,"gold_gain":0.0,"event_name":"Back to Basics","player_choice":"Elegance","floor":21.0,"gold_loss":0.0,"damage_taken":0.0},{"damage_healed":0.0,"max_hp_gain":0.0,"max_hp_loss":0.0,"gold_gain":0.0,"event_name":"Masked Bandits","player_choice":"Fought Bandits","floor":28.0,"gold_loss":0.0,"damage_taken":0.0},{"cards_removed":["Defend_G"],"damage_healed":0.0,"max_hp_gain":0.0,"max_hp_loss":0.0,"gold_gain":0.0,"event_name":"Beggar","player_choice":"Gave Gold","floor":29.0,"gold_loss":75.0,"damage_taken":0.0},{"damage_healed":0.0,"max_hp_gain":0.0,"max_hp_loss":0.0,"gold_gain":0.0,"event_name":"Winding Halls","player_choice":"Embrace Madness","floor":36.0,"gold_loss":0.0,"damage_taken":10.0,"cards_obtained":["Madness","Madness"]}],"is_beta":false,"boss_relics":[{"not_picked":["Philosopher\u0027s Stone","Calling Bell"],"picked":"Sozu"},{"not_picked":["Orrery","Black Star"],"picked":"Ring of the Serpent"}],"items_purged_floors":[],"is_endless":false,"potions_floor_spawned":[4,11,16,24,31,33,35,47,48],"ascension_level":2}