{"path_per_floor":["M","?","?","?","M","E","?","?","T","M","E","R","E","?","R","B",null,"M","$","M","?","?","R"],"character_chosen":"IRONCLAD","items_purchased":["Unceasing Top","Tiny Chest","Sword Boomerang"],"gold_per_floor":[118,193,193,193,213,248,248,248,274,295,334,334,372,372,372,493,493,518,41,62,62,62,62],"floor_reached":24,"campfire_rested":2,"playtime":900,"current_hp_per_floor":[80,69,53,46,52,46,46,34,34,31,12,34,15,33,33,20,74,64,64,50,26,26,48],"items_purged":[],"gold":62,"score":210,"play_id":"d45bba9a-9921-4f12-be3b-3e13783a2d5b","is_prod":false,"is_daily":false,"is_ascension_mode":false,"campfire_upgraded":1,"path_taken":["M","?","?","?","?","E","?","?","T","M","E","R","E","?","R","BOSS","M","$","M","?","?","R","E"],"build_version":"2018-02-08-PROD1","purchased_purges":0,"victory":false,"master_deck":["Strike_R","Strike_R","Strike_R","Strike_R","Defend_R+1","Defend_R","Defend_R+1","Defend_R","Bash","Demon Form+1","Anger","Intimidate","Flex","Clash","Clothesline","Parasite","Warcry","Sword Boomerang","Heavy Blade","Flash of Steel","Dramatic Entrance"],"max_hp_per_floor":[80,80,80,80,80,80,74,74,74,74,74,74,74,74,74,74,74,74,74,74,74,74,74],"relics":["Burning Blood","Ice Cream","Golden Idol","Gremlin Horn","Blood Vial","Bottled Flame","Anchor","Question Card","Unceasing Top","Tiny Chest"],"card_choices":[{"not_picked":["Combust","Thunderclap"],"picked":"Demon Form"},{"not_picked":["Shrug It Off","Cleave"],"picked":"Anger"},{"not_picked":["Searing Blow","Shockwave"],"picked":"Intimidate"},{"not_picked":["Sword Boomerang","Flame Barrier"],"picked":"Flex"},{"not_picked":["Headbutt","Fire Breathing"],"picked":"Clash"},{"not_picked":["Hemokinesis","Burning Pact"],"picked":"Clothesline"},{"not_picked":["Body Slam","Wild Strike","Bloodletting"],"picked":"Warcry"},{"not_picked":["True Grit","Bloodletting","Perfected Strike"],"picked":"Heavy Blade"}],"player_experience":42192,"potions_floor_usage":[6,6,20,24],"damage_taken":[{"damage":1,"enemies":"Small Slimes","floor":1,"turns":3},{"damage":0,"enemies":"2 Louse","floor":5,"turns":4},{"damage":12,"enemies":"Lagavulin","floor":6,"turns":6},{"damage":11,"enemies":"Jaw Worm","floor":10,"turns":3},{"damage":27,"enemies":"3 Sentries","floor":11,"turns":7},{"damage":27,"enemies":"Gremlin Nob","floor":13,"turns":5},{"damage":21,"enemies":"Slime Boss","floor":16,"turns":6},{"damage":16,"enemies":"2 Thieves","floor":18,"turns":5},{"damage":28,"enemies":"Spheric Guardian","floor":20,"turns":5},{"damage":51,"enemies":"Book of Stabbing","floor":24,"turns":7}],"event_choices":[{"event_name":"World of Goop","player_choice":"Gather Gold","floor":2,"damage_taken":0},{"event_name":"Shining Light","player_choice":"Entered Light","floor":3,"damage_taken":0},{"event_name":"Golden Wing","player_choice":"Card Removal","floor":4,"damage_taken":0},{"event_name":"Golden Idol","player_choice":"Lose Max HP","floor":7,"damage_taken":0},{"event_name":"Scrap Ooze","player_choice":"success","floor":8,"damage_taken":12},{"event_name":"Mushrooms","player_choice":"Healed and dodged fight","floor":14,"damage_taken":0},{"event_name":"Knowing Skull","player_choice":"CARD CARD ","floor":21,"damage_taken":0},{"event_name":"Cursed Tome","player_choice":"Ignored","floor":22,"damage_taken":0}],"boss_relics":[{"not_picked":["Calling Bell","Runic Cube"],"picked":"Question Card"}],"potions_floor_spawned":[1,5,16,20],"seed_played":"3660717506007358578","killed_by":"Book of Stabbing","ascension_level":0,"is_trial":false}