{"gold_per_floor":[117,117,117,267,3,33,45,45,72,72,89,107,120,120],"floor_reached":14,"playtime":488,"items_purged":[],"score":230,"play_id":"e128304a-1064-4c7e-8b54-125c238704cd","local_time":"20181212132741","is_ascension_mode":true,"campfire_choices":[{"data":"Cloak And Dagger","floor":8.0,"key":"SMITH"},{"floor":10.0,"key":"REST"}],"neow_cost":"NONE","seed_source_timestamp":0,"circlet_count":0,"master_deck":["AscendersBane","Defend_G","Defend_G","Defend_G","Defend_G","Defend_G+1","Strike_G","Strike_G","Strike_G","Strike_G","Strike_G","Survivor","Neutralize+1","Cloak And Dagger+1","Doubt","Blade Dance","Leg Sweep","Deflect","Flying Knee","Dagger Throw"],"special_seed":0,"relics":["Ring of the Snake","NeowsBlessing","Happy Flower","Kunai","Art of War","Centennial Puzzle"],"potions_floor_usage":[14],"damage_taken":[{"damage":0.0,"enemies":"2 Louse","floor":1.0,"turns":1.0},{"damage":0.0,"enemies":"Gremlin Nob","floor":6.0,"turns":1.0},{"damage":0.0,"enemies":"Small Slimes","floor":7.0,"turns":1.0},{"damage":0.0,"enemies":"Cultist","floor":11.0,"turns":5.0},{"damage":5.0,"enemies":"2 Fungi Beasts","floor":12.0,"turns":4.0},{"damage":0.0,"enemies":"Blue Slaver","floor":13.0,"turns":5.0},{"damage":24,"enemies":"Lagavulin","floor":14,"turns":11}],"seed_played":"6959487411070964569","potions_obtained":[{"floor":7.0,"key":"Dexterity Potion"},{"floor":11.0,"key":"Explosive Potion"},{"floor":13.0,"key":"FearPotion"}],"is_trial":false,"path_per_floor":["M","?","?","?","$","E","M","R","T","R","M","M","M","E"],"character_chosen":"THE_SILENT","items_purchased":["Kunai"],"campfire_rested":1,"item_purchase_floors":[5],"current_hp_per_floor":[59,41,21,21,21,21,21,21,21,40,40,35,35,11],"gold":120,"neow_bonus":"THREE_ENEMY_KILL","is_prod":false,"is_daily":false,"chose_seed":false,"campfire_upgraded":1,"win_rate":0,"timestamp":1544639261,"path_taken":["M","?","?","?","$","E","M","R","T","R","M","M","M","E"],"build_version":"2018-12-06","purchased_purges":0,"victory":false,"max_hp_per_floor":[66,66,66,66,66,66,66,66,66,66,66,66,66,66],"card_choices":[{"not_picked":["Dagger Throw","Distraction"],"picked":"Cloak And Dagger","floor":1.0},{"not_picked":["PiercingWail","Masterful Stab"],"picked":"Blade Dance","floor":6.0},{"not_picked":["Sucker Punch","Deflect"],"picked":"Leg Sweep","floor":7.0},{"not_picked":["Bane","PiercingWail"],"picked":"Deflect","floor":11.0},{"not_picked":["Dagger Spray","Quick Slash"],"picked":"Flying Knee","floor":12.0},{"not_picked":["Leg Sweep","Quick Slash"],"picked":"Dagger Throw","floor":13.0}],"player_experience":682469,"relics_obtained":[{"floor":6.0,"key":"Art of War"},{"floor":9.0,"key":"Centennial Puzzle"}],"event_choices":[{"damage_healed":0.0,"max_hp_gain":0.0,"max_hp_loss":0.0,"gold_gain":0.0,"event_name":"Scrap Ooze","player_choice":"Success","floor":2.0,"gold_loss":0.0,"damage_taken":18.0,"relics_obtained":["Happy Flower"]},{"damage_healed":0.0,"max_hp_gain":0.0,"max_hp_loss":0.0,"gold_gain":0.0,"event_name":"Shining Light","player_choice":"Entered Light","floor":3.0,"gold_loss":0.0,"damage_taken":20.0,"cards_upgraded":["Defend_G","Neutralize"]},{"damage_healed":0.0,"max_hp_gain":0.0,"max_hp_loss":0.0,"gold_gain":150.0,"event_name":"Liars Game","player_choice":"AGREE","floor":4.0,"gold_loss":0.0,"damage_taken":0.0,"cards_obtained":["Doubt"]}],"is_beta":false,"boss_relics":[],"items_purged_floors":[],"is_endless":false,"potions_floor_spawned":[7,11,12,13],"killed_by":"Lagavulin","ascension_level":20}