{"gold_per_floor":[116,116,127,127,202,237,237,271,344,344,344,363,7,75,75,168,168,189,189],"floor_reached":19,"playtime":811,"items_purged":["Strike_R"],"score":446,"play_id":"592c8205-709a-4cbb-a1e1-4a20782bf31a","local_time":"20190129200550","is_ascension_mode":true,"campfire_choices":[{"data":"Blood for Blood","floor":7.0,"key":"SMITH"},{"data":"Battle Trance","floor":10.0,"key":"SMITH"},{"data":"Double Tap","floor":15,"key":"SMITH"}],"neow_cost":"NONE","seed_source_timestamp":0,"circlet_count":0,"master_deck":["AscendersBane","Strike_R","Strike_R","Strike_R","Defend_R","Defend_R","Defend_R","Defend_R","Bash+1","Twin Strike","Headbutt","Blood for Blood+1","Battle Trance+1","Twin Strike","Shrug It Off","Feel No Pain","Finesse","Double Tap+1","Dark Embrace","Shrug It Off"],"special_seed":0,"relics":["Burning Blood","NeowsBlessing","PreservedInsect","Art of War","Golden Idol","The Courier","Cursed Key"],"potions_floor_usage":[14,19],"damage_taken":[{"damage":0.0,"enemies":"Small Slimes","floor":1.0,"turns":1.0},{"damage":0.0,"enemies":"2 Louse","floor":3.0,"turns":1.0},{"damage":0.0,"enemies":"3 Sentries","floor":6.0,"turns":1.0},{"damage":0.0,"enemies":"Lagavulin","floor":8.0,"turns":2.0},{"damage":7,"enemies":"Jaw Worm","floor":12,"turns":3},{"damage":20,"enemies":"Lagavulin Event","floor":14,"turns":3},{"damage":30,"enemies":"Hexaghost","floor":16,"turns":8},{"damage":38,"enemies":"Chosen","floor":18,"turns":6},{"damage":36,"enemies":"Masked Bandits","floor":19,"turns":3}],"seed_played":"-325846629911789942","potions_obtained":[{"floor":1.0,"key":"AttackPotion"},{"floor":6.0,"key":"GamblersBrew"},{"floor":8.0,"key":"Strength Potion"},{"floor":16,"key":"SkillPotion"}],"is_trial":false,"path_per_floor":["M","?","M","?","?","E","R","E","T","R","?","M","$","?","R","B",null,"M","?"],"character_chosen":"IRONCLAD","items_purchased":["Twin Strike","Shrug It Off","Feel No Pain","Finesse"],"campfire_rested":0,"item_purchase_floors":[13,13,13,13],"current_hp_per_floor":[74,67,73,73,62,68,68,74,74,74,48,47,47,33,33,9,59,27,0],"gold":189,"neow_bonus":"THREE_ENEMY_KILL","is_prod":false,"is_daily":false,"chose_seed":false,"campfire_upgraded":3,"win_rate":0,"timestamp":1548810350,"path_taken":["M","?","M","?","?","E","R","E","T","R","?","M","$","?","R","BOSS","M","?"],"build_version":"2019-01-23","purchased_purges":1,"victory":false,"max_hp_per_floor":[75,75,75,75,75,75,75,75,75,75,75,75,75,75,75,75,75,75,75],"card_choices":[{"not_picked":["Infernal Blade","Ghostly Armor"],"picked":"Twin Strike","floor":1.0},{"not_picked":["Corruption","Armaments"],"picked":"Headbutt","floor":3.0},{"not_picked":["Corruption","Headbutt"],"picked":"Blood for Blood","floor":6.0},{"not_picked":["Entrench","Body Slam"],"picked":"Battle Trance","floor":8.0},{"not_picked":["Headbutt","Clash","Twin Strike"],"picked":"SKIP","floor":12},{"not_picked":["Headbutt","Clash","Twin Strike"],"picked":"SKIP","floor":12},{"not_picked":["Perfected Strike","Clothesline"],"picked":"Double Tap","floor":14},{"not_picked":["Limit Break","Double Tap"],"picked":"Dark Embrace","floor":16},{"not_picked":["Body Slam","Anger"],"picked":"Shrug It Off","floor":18}],"player_experience":774000,"relics_obtained":[{"floor":6.0,"key":"PreservedInsect"},{"floor":8.0,"key":"Art of War"},{"floor":14,"key":"The Courier"}],"event_choices":[{"cards_removed":["Strike_R"],"damage_healed":0.0,"max_hp_gain":0.0,"max_hp_loss":0.0,"gold_gain":0.0,"event_name":"Golden Wing","player_choice":"Card Removal","floor":2.0,"gold_loss":0.0,"damage_taken":7.0},{"damage_healed":0.0,"max_hp_gain":0.0,"max_hp_loss":0.0,"gold_gain":0.0,"event_name":"Living Wall","player_choice":"Grow","floor":4.0,"gold_loss":0.0,"damage_taken":0.0,"cards_upgraded":["Bash"]},{"damage_healed":0.0,"max_hp_gain":0.0,"max_hp_loss":0.0,"gold_gain":75.0,"event_name":"World of Goop","player_choice":"Gather Gold","floor":5.0,"gold_loss":0.0,"damage_taken":11.0},{"damage_healed":0,"gold_gain":0,"player_choice":"Take Damage","damage_taken":26,"relics_obtained":["Golden Idol"],"max_hp_gain":0,"max_hp_loss":0,"event_name":"Golden Idol","floor":11,"gold_loss":0},{"damage_healed":0,"gold_gain":30,"player_choice":"Searched \u00272\u0027 times","damage_taken":0,"max_hp_gain":0,"max_hp_loss":0,"event_name":"Dead Adventurer","floor":14,"gold_loss":0},{"damage_healed":0,"gold_gain":0,"player_choice":"Fought Bandits","damage_taken":0,"max_hp_gain":0,"max_hp_loss":0,"event_name":"Masked Bandits","floor":19,"gold_loss":0}],"is_beta":false,"boss_relics":[{"not_picked":["Velvet Choker","White Beast Statue"],"picked":"Cursed Key"}],"items_purged_floors":[13],"is_endless":false,"potions_floor_spawned":[1,6,8,16,18],"killed_by":"Masked Bandits","ascension_level":20}