{"gold_per_floor":[112,112,387,36,50,50,50,90,90,124,139,152,166,179,179,305,305,318,318,318,25,44,83,83,119,119,119,132,82,101,125,125,255,255,279,29,29,0,50,50,86,86,137,137,160,160,199,268,268,268],"floor_reached":51,"playtime":1972,"items_purged":["Regret","Strike_R","Strike_R"],"score":951,"play_id":"863de1ac-11ac-42d5-956d-9e1b1af56908","local_time":"20181116171104","is_ascension_mode":false,"campfire_choices":[{"data":"Bash","floor":6,"key":"SMITH"},{"data":"Limit Break","floor":15,"key":"SMITH"},{"floor":27,"key":"REST"},{"floor":32,"key":"REST"},{"floor":40,"key":"DIG"},{"floor":42,"key":"DIG"},{"floor":44,"key":"DIG"},{"floor":46,"key":"DIG"},{"floor":49,"key":"DIG"}],"neow_cost":"PERCENT_DAMAGE","seed_source_timestamp":875959674545000,"circlet_count":0,"master_deck":["Defend_R","Defend_R","Defend_R","Bash+1","Iron Wave+1","Combust","True Grit","Thunderclap","Limit Break+1","Shrug It Off","Metallicize+1","Shrug It Off","Dark Embrace+1","Heavy Blade+1","Offering","Panacea","Feel No Pain+1","Feed","Battle Trance+1","Corruption+1","Infernal Blade+1","Offering+1","Uppercut+1","Warcry+1","Shrug It Off+1","Madness+1","Madness+1","Burning Pact+1","Impervious+1","Intimidate+1"],"relics":["Burning Blood","Golden Idol","Brimstone","Smiling Mask","Art of War","Frozen Egg 2","Ice Cream","Runic Cube","Ancient Tea Set","Bag of Marbles","Shovel","Blood Vial","Toxic Egg 2","Empty Cage","Whetstone","Red Mask","Lantern","Regal Pillow","Pear","Mummified Hand","Orichalcum","Potion Belt","Bottled Flame","Vajra","Prayer Wheel","Centennial Puzzle"],"potions_floor_usage":[25,33,33,45],"damage_taken":[{"damage":1,"enemies":"2 Louse","floor":1,"turns":4},{"damage":0,"enemies":"Small Slimes","floor":5,"turns":3},{"damage":14,"enemies":"Lagavulin","floor":8,"turns":4},{"damage":19,"enemies":"3 Sentries","floor":10,"turns":4},{"damage":0,"enemies":"Cultist","floor":11,"turns":2},{"damage":4,"enemies":"Looter","floor":12,"turns":3},{"damage":0,"enemies":"Gremlin Gang","floor":13,"turns":4},{"damage":0,"enemies":"Large Slime","floor":14,"turns":5},{"damage":0,"enemies":"Slime Boss","floor":16,"turns":6},{"damage":25,"enemies":"3 Byrds","floor":18,"turns":3},{"damage":0,"enemies":"Chosen","floor":22,"turns":4},{"damage":24,"enemies":"Slavers","floor":23,"turns":4},{"damage":16,"enemies":"Book of Stabbing","floor":25,"turns":4},{"damage":23,"enemies":"Shelled Parasite and Fungi","floor":28,"turns":6},{"damage":30,"enemies":"Snake Plant","floor":30,"turns":4},{"damage":6,"enemies":"Snecko","floor":31,"turns":2},{"damage":10,"enemies":"Collector","floor":33,"turns":5},{"damage":6,"enemies":"3 Darklings","floor":35,"turns":4},{"damage":12,"enemies":"Giant Head","floor":41,"turns":5},{"damage":2,"enemies":"3 Shapes","floor":45,"turns":2},{"damage":15,"enemies":"Reptomancer","floor":47,"turns":4},{"damage":10,"enemies":"2 Orb Walkers","floor":48,"turns":4},{"damage":58,"enemies":"Awakened One","floor":50,"turns":7}],"seed_played":"-2577045872552224239","potions_obtained":[{"floor":8,"key":"Weak Potion"},{"floor":11,"key":"EssenceOfSteel"},{"floor":12,"key":"SpeedPotion"},{"floor":23,"key":"SkillPotion"},{"floor":30,"key":"EssenceOfSteel"},{"floor":33,"key":"Regen Potion"},{"floor":41,"key":"Poison Potion"},{"floor":48,"key":"PowerPotion"}],"is_trial":false,"path_per_floor":["M","?","?","$","M","R","?","E","T","E","M","M","M","M","R","B",null,"M","?","?","$","M","E","?","E","T","R","M","$","M","M","R","B",null,"M","$","?","?","T","R","E","R","T","R","M","R","E","?","R","B",null],"character_chosen":"IRONCLAD","items_purchased":["Brimstone","Combust","True Grit","Panacea","Bag of Marbles","Whetstone","Warcry+1","Shrug It Off+1"],"campfire_rested":2,"item_purchase_floors":[4,4,4,21,21,36,36,36],"current_hp_per_floor":[61,61,61,61,67,67,67,59,59,46,52,54,60,66,66,72,74,55,55,55,55,61,43,43,33,33,55,43,43,21,26,50,48,80,83,83,73,73,73,73,82,82,82,82,91,91,87,88,88,41],"gold":268,"neow_bonus":"REMOVE_TWO","is_prod":false,"is_daily":false,"chose_seed":false,"campfire_upgraded":2,"win_rate":0,"timestamp":1542406264,"path_taken":["M","?","?","$","?","R","?","E","T","E","M","M","?","M","R","BOSS","M","?","?","?","M","E","?","E","T","R","?","$","M","M","R","BOSS","M","$","?","?","?","R","E","R","T","R","M","R","E","?","R","BOSS"],"build_version":"2018-11-15","purchased_purges":3,"victory":true,"max_hp_per_floor":[80,74,74,74,74,74,74,74,74,74,74,74,74,74,74,74,74,74,74,74,74,74,74,74,74,74,74,77,77,77,80,80,80,80,83,83,83,83,83,83,96,96,96,96,99,99,102,105,105,108],"card_choices":[{"not_picked":["Heavy Blade","Flex"],"picked":"Iron Wave","floor":1},{"not_picked":["Ghostly Armor","Shockwave"],"picked":"Thunderclap","floor":5},{"not_picked":["Burning Pact","Reckless Charge"],"picked":"Limit Break","floor":8},{"not_picked":["Armaments","Second Wind"],"picked":"Shrug It Off","floor":10},{"not_picked":["Warcry","Clothesline"],"picked":"Metallicize+1","floor":11},{"not_picked":["Body Slam","True Grit"],"picked":"Shrug It Off","floor":12},{"not_picked":["Corruption+1","Anger"],"picked":"Dark Embrace+1","floor":13},{"not_picked":["Shockwave","Hemokinesis"],"picked":"Heavy Blade","floor":14},{"not_picked":["Demon Form+1","Juggernaut+1"],"picked":"Offering","floor":16},{"not_picked":["Armaments","Warcry","Reckless Charge"],"picked":"SKIP","floor":18},{"not_picked":["Evolve+1","Heavy Blade"],"picked":"Feel No Pain+1","floor":22},{"not_picked":["Pommel Strike","Reckless Charge+1","Rampage+1"],"picked":"SKIP","floor":23},{"not_picked":["Body Slam","Armaments"],"picked":"Feed","floor":25},{"not_picked":["Combust+1","Shockwave+1"],"picked":"Battle Trance+1","floor":28},{"not_picked":["Shrug It Off+1","Havoc+1"],"picked":"Corruption+1","floor":30},{"not_picked":["Clothesline+1","Anger+1"],"picked":"Infernal Blade+1","floor":31},{"not_picked":["Demon Form+1","Bludgeon"],"picked":"Offering+1","floor":33},{"not_picked":["Evolve+1","Second Wind+1"],"picked":"Uppercut+1","floor":35},{"not_picked":["Sever Soul","Iron Wave","Fire Breathing+1"],"picked":"SKIP","floor":41},{"not_picked":["Reckless Charge","Anger"],"picked":"Burning Pact+1","floor":45},{"not_picked":["Armaments+1","Headbutt+1"],"picked":"Impervious+1","floor":47},{"not_picked":["Dual Wield+1","Cleave"],"picked":"Intimidate+1","floor":48}],"player_experience":638956,"relics_obtained":[{"floor":7,"key":"Smiling Mask"},{"floor":8,"key":"Art of War"},{"floor":9,"key":"Frozen Egg 2"},{"floor":10,"key":"Ice Cream"},{"floor":23,"key":"Shovel"},{"floor":25,"key":"Blood Vial"},{"floor":26,"key":"Toxic Egg 2"},{"floor":39,"key":"Lantern"},{"floor":40,"key":"Regal Pillow"},{"floor":41,"key":"Pear"},{"floor":42,"key":"Mummified Hand"},{"floor":43,"key":"Orichalcum"},{"floor":44,"key":"Potion Belt"},{"floor":46,"key":"Bottled Flame"},{"floor":47,"key":"Vajra"},{"floor":48,"key":"Prayer Wheel"},{"floor":49,"key":"Centennial Puzzle"}],"event_choices":[{"damage_healed":0,"gold_gain":0,"player_choice":"Lose Max HP","damage_taken":0,"relics_obtained":["Golden Idol"],"max_hp_gain":0,"max_hp_loss":6,"event_name":"Golden Idol","floor":2,"gold_loss":0},{"damage_healed":0,"gold_gain":275,"player_choice":"Desecrate","damage_taken":0,"max_hp_gain":0,"max_hp_loss":0,"event_name":"Golden Shrine","floor":3,"gold_loss":0,"cards_obtained":["Regret"]},{"damage_healed":0,"gold_gain":0,"player_choice":"Relic","damage_taken":0,"max_hp_gain":0,"max_hp_loss":0,"event_name":"Wheel of Change","floor":7,"gold_loss":0},{"damage_healed":0,"gold_gain":0,"player_choice":"Opened","damage_taken":0,"relics_obtained":["Ancient Tea Set"],"max_hp_gain":0,"max_hp_loss":0,"event_name":"The Mausoleum","floor":19,"gold_loss":0},{"damage_healed":0,"gold_gain":0,"player_choice":"Ignored","damage_taken":0,"max_hp_gain":0,"max_hp_loss":0,"event_name":"Vampires","floor":20,"gold_loss":0},{"damage_healed":0,"gold_gain":0,"player_choice":"Embrace Madness","damage_taken":10,"max_hp_gain":0,"max_hp_loss":0,"event_name":"Winding Halls","floor":37,"gold_loss":0,"cards_obtained":["Madness","Madness"]},{"damage_healed":0,"gold_gain":0,"player_choice":"Paid","damage_taken":0,"relics_obtained":["Red Mask"],"max_hp_gain":0,"max_hp_loss":0,"event_name":"Tomb of Lord Red Mask","floor":38,"gold_loss":29},{"damage_healed":0,"gold_gain":0,"player_choice":"Fight","damage_taken":0,"max_hp_gain":0,"max_hp_loss":0,"event_name":"Mysterious Sphere","floor":48,"gold_loss":0}],"is_beta":false,"boss_relics":[{"not_picked":["Pandora\u0027s Box","Velvet Choker"],"picked":"Runic Cube"},{"not_picked":["Astrolabe","Calling Bell"],"picked":"Empty Cage"}],"items_purged_floors":[4,21,29],"is_endless":false,"potions_floor_spawned":[8,11,12,14,18,23,30,33,41,48],"ascension_level":0}