{"gold_per_floor":[361,536,375,388,402,431,431,115,141,151,167,198,222,222,222,322,322,341,357,373,43,43,54,71,71,71,100,50,81,81,99,99,196,196,209,209,132,148,158,193,193,203,250,263,280,291,291,307,307,307],"floor_reached":51,"playtime":5085,"items_purged":["Normality","Doubt","Zap","Purity"],"score":713,"play_id":"44a5a27b-3cc6-4113-aa38-8a463ecb83bf","local_time":"20190124103801","is_ascension_mode":false,"campfire_choices":[{"floor":7,"key":"REST"},{"floor":15,"key":"REST"},{"floor":25,"key":"REST"},{"floor":32,"key":"REST"},{"floor":41,"key":"REST"},{"floor":49,"key":"REST"}],"neow_cost":"CURSE","seed_source_timestamp":183320213898300,"circlet_count":0,"master_deck":["Strike_B","Strike_B","Strike_B","Strike_B","Defend_B","Defend_B","Defend_B+1","Defend_B","Dualcast","Gash","Scrape","Gash","Rebound","Apotheosis+1","Beam Cell","Gash","Seek","Gash","Defragment","Go for the Eyes","Defragment","BootSequence","Go for the Eyes+1","Capacitor+1","Capacitor","Barrage+1","Gash+1","FTL+1","Chill+1"],"relics":["FrozenCore","Oddly Smooth Stone","Regal Pillow","Art of War","Smiling Mask","Bag of Preparation","Bronze Scales","Darkstone Periapt","Red Mask","Mummified Hand","Black Star","Kunai","Centennial Puzzle","War Paint"],"potions_floor_usage":[12,27,48,50,50,50],"damage_taken":[{"damage":0,"enemies":"2 Louse","floor":1,"turns":2},{"damage":6,"enemies":"Jaw Worm","floor":4,"turns":3},{"damage":6,"enemies":"Cultist","floor":5,"turns":3},{"damage":46,"enemies":"Lagavulin","floor":6,"turns":6},{"damage":2,"enemies":"Exordium Thugs","floor":10,"turns":3},{"damage":9,"enemies":"Blue Slaver","floor":11,"turns":3},{"damage":10,"enemies":"Gremlin Nob","floor":12,"turns":3},{"damage":25,"enemies":"The Guardian","floor":16,"turns":7},{"damage":10,"enemies":"2 Thieves","floor":18,"turns":4},{"damage":0,"enemies":"Chosen","floor":19,"turns":4},{"damage":19,"enemies":"Snecko","floor":20,"turns":6},{"damage":12,"enemies":"3 Cultists","floor":23,"turns":6},{"damage":4,"enemies":"Snake Plant","floor":24,"turns":4},{"damage":2,"enemies":"Masked Bandits","floor":27,"turns":3},{"damage":21,"enemies":"Slavers","floor":29,"turns":6},{"damage":0,"enemies":"Centurion and Healer","floor":31,"turns":5},{"damage":40,"enemies":"Automaton","floor":33,"turns":10},{"damage":5,"enemies":"Orb Walker","floor":35,"turns":4},{"damage":3,"enemies":"3 Darklings","floor":38,"turns":6},{"damage":14,"enemies":"Spire Growth","floor":39,"turns":6},{"damage":37,"enemies":"Nemesis","floor":40,"turns":7},{"damage":16,"enemies":"Transient","floor":42,"turns":5},{"damage":0,"enemies":"4 Shapes","floor":44,"turns":5},{"damage":10,"enemies":"Spire Growth","floor":45,"turns":5},{"damage":7,"enemies":"Sphere and 2 Shapes","floor":46,"turns":10},{"damage":6,"enemies":"Transient","floor":48,"turns":5},{"damage":16,"enemies":"Awakened One","floor":50,"turns":11}],"seed_played":"981465813243811471","potions_obtained":[{"floor":6,"key":"Strength Potion"},{"floor":10,"key":"GamblersBrew"},{"floor":11,"key":"Weak Potion"},{"floor":16,"key":"Fire Potion"},{"floor":27,"key":"Strength Potion"},{"floor":33,"key":"Explosive Potion"},{"floor":48,"key":"Dexterity Potion"}],"is_trial":false,"path_per_floor":["?","T","?","M","?","?","?","$","?"],"character_chosen":"DEFECT","items_purchased":["Scrape","Gash","Apotheosis","Beam Cell","Bag of Preparation","Purity","Go for the Eyes","Capacitor"],"campfire_rested":6,"item_purchase_floors":[3,3,8,8,21,21,21,37],"current_hp_per_floor":[75,75,75,69,63,17,39,39,39,37,28,18,18,18,55,30,75,65,65,46,46,46,34,30,67,67,65,65,44,44,44,75,35,75,70,70,70,67,53,16,53,37,37,37,27,20,20,14,51,35],"gold":307,"neow_bonus":"TWO_FIFTY_GOLD","is_prod":false,"is_daily":false,"chose_seed":false,"campfire_upgraded":0,"win_rate":0.0,"timestamp":1548322681,"path_taken":["M","?","$","M","M","E","R","$","T","M","M","E","?","?","R","BOSS","M","?","M","$","?","M","M","R","T","?","$","E","?","M","R","BOSS","M","?","$","M","M","E","R","M","T","M","M","M","?","M","R","BOSS"],"build_version":"2019-01-22","purchased_purges":4,"victory":true,"max_hp_per_floor":[75,75,75,75,75,75,75,75,75,75,75,75,75,75,75,75,75,75,75,75,75,75,75,75,75,75,75,75,75,75,75,75,75,75,75,75,75,75,75,75,75,75,75,75,75,75,75,75,75,75],"card_choices":[{"not_picked":["Beam Cell","Sunder"],"picked":"Gash","floor":1},{"not_picked":["Streamline","Redo"],"picked":"Rebound","floor":4},{"not_picked":["Barrage","Rebound","Coolheaded"],"picked":"SKIP","floor":5},{"not_picked":["Leap","Rainbow","Streamline"],"picked":"SKIP","floor":6},{"not_picked":["Rebound","Beam Cell","Sweeping Beam"],"picked":"SKIP","floor":10},{"not_picked":["Chaos","Blizzard"],"picked":"Gash","floor":11},{"not_picked":["Redo","Beam Cell","Undo"],"picked":"SKIP","floor":12},{"not_picked":["Echo Form","Biased Cognition"],"picked":"Seek","floor":16},{"not_picked":["Sweeping Beam+1","Compile Driver+1","Cold Snap"],"picked":"SKIP","floor":18},{"not_picked":["Melter","Stack"],"picked":"Gash","floor":19},{"not_picked":["Scrape+1","Hologram"],"picked":"Defragment","floor":20},{"not_picked":["Streamline","Darkness","Melter"],"picked":"SKIP","floor":23},{"not_picked":["Streamline+1","Core Surge","Leap+1"],"picked":"SKIP","floor":24},{"not_picked":["Gash","Tempest"],"picked":"Defragment","floor":27},{"not_picked":["Tempest","Stack+1"],"picked":"BootSequence","floor":29},{"not_picked":["Steam Power","Hologram+1"],"picked":"Go for the Eyes+1","floor":31},{"not_picked":["Meteor Strike","Core Surge"],"picked":"Machine Learning","floor":33},{"not_picked":["Ball Lightning+1","Sunder"],"picked":"Capacitor+1","floor":35},{"not_picked":["Heatsinks+1","Double Energy"],"picked":"Barrage+1","floor":38},{"not_picked":["Fusion","Turbo"],"picked":"Gash+1","floor":39},{"not_picked":["Hologram","Double Energy+1"],"picked":"FTL+1","floor":40},{"not_picked":["Blizzard+1","Hologram+1"],"picked":"Chill+1","floor":42},{"not_picked":["Sweeping Beam","Compile Driver","Streamline"],"picked":"SKIP","floor":44},{"not_picked":["Capacitor+1","Cold Snap+1","Sweeping Beam"],"picked":"SKIP","floor":45},{"not_picked":["Steam","Reprogram","Streamline+1"],"picked":"SKIP","floor":46},{"not_picked":["Beam Cell","All For One","Hologram"],"picked":"SKIP","floor":48}],"player_experience":134596,"relics_obtained":[{"floor":6,"key":"Oddly Smooth Stone"},{"floor":9,"key":"Regal Pillow"},{"floor":12,"key":"Art of War"},{"floor":13,"key":"Smiling Mask"},{"floor":26,"key":"Darkstone Periapt"},{"floor":27,"key":"Red Mask"},{"floor":29,"key":"Mummified Hand"},{"floor":40,"key":"Kunai"},{"floor":40,"key":"Centennial Puzzle"},{"floor":43,"key":"War Paint"}],"event_choices":[{"damage_healed":0,"gold_gain":175,"player_choice":"AGREE","damage_taken":0,"max_hp_gain":0,"max_hp_loss":0,"event_name":"Liars Game","floor":2,"gold_loss":0,"cards_obtained":["Doubt"]},{"damage_healed":0,"gold_gain":0,"player_choice":"Ignored","damage_taken":0,"max_hp_gain":0,"max_hp_loss":0,"event_name":"NoteForYourself","floor":14,"gold_loss":0},{"damage_healed":0,"gold_gain":0,"player_choice":"Opened","damage_taken":0,"relics_obtained":["Bronze Scales"],"max_hp_gain":0,"max_hp_loss":0,"event_name":"The Mausoleum","floor":22,"gold_loss":0},{"damage_healed":0,"gold_gain":0,"player_choice":"Fought Bandits","damage_taken":0,"max_hp_gain":0,"max_hp_loss":0,"event_name":"Masked Bandits","floor":27,"gold_loss":0},{"damage_healed":0,"gold_gain":0,"player_choice":"0 cards matched","damage_taken":0,"max_hp_gain":0,"max_hp_loss":0,"event_name":"Match and Keep!","floor":30,"gold_loss":0,"cards_obtained":[]},{"cards_removed":["Machine Learning"],"damage_healed":0,"gold_gain":0,"player_choice":"Removed Power","damage_taken":0,"max_hp_gain":0,"max_hp_loss":0,"event_name":"Falling","floor":47,"gold_loss":0}],"is_beta":true,"boss_relics":[{"not_picked":["Snecko Eye","Calling Bell"],"picked":"FrozenCore"},{"not_picked":["Sozu","Velvet Choker"],"picked":"Black Star"}],"items_purged_floors":[3,8,21,28],"is_endless":false,"potions_floor_spawned":[6,10,11,16,23,27,31,33,35,38,45,48],"ascension_level":0}