{"path_per_floor":["M","M","$","M","M","R","E","R","T","M","M","M","?","$","R","B",null,"M","M","?","M"],"character_chosen":"THE_SILENT","items_purchased":["Noxious Fumes","Expertise"],"gold_per_floor":[119,136,65,79,95,95,124,124,124,139,150,165,115,34,34,130,130,143,160,160,176],"floor_reached":22,"campfire_rested":2,"playtime":1702,"current_hp_per_floor":[70,70,70,65,64,64,25,46,46,34,32,31,31,31,52,32,70,67,59,46,28],"items_purged":[],"gold":176,"score":190,"play_id":"44d8d235-29d6-4255-b3aa-7d91991d523c","is_prod":false,"is_daily":false,"is_ascension_mode":false,"campfire_upgraded":1,"path_taken":["M","M","$","M","M","R","E","R","T","M","M","M","?","$","R","BOSS","M","M","?","M","M"],"build_version":"2018-02-12-PROD1","purchased_purges":0,"victory":false,"master_deck":["Defend_G","Defend_G","Defend_G","Defend_G","Defend_G","Strike_G","Strike_G","Strike_G","Strike_G","Survivor","Neutralize","Flying Knee","Quick Slash","Noxious Fumes+1","Prepared","Footwork","Noxious Fumes","After Image","Footwork","Expertise","Die Die Die","Escape Plan+1","Cloak And Dagger"],"max_hp_per_floor":[70,70,70,70,70,70,70,70,70,70,70,70,70,70,70,70,70,70,70,75,75],"relics":["Ring of the Snake","Bottled Lightning","Centennial Puzzle","The Specimen"],"card_choices":[{"not_picked":["Sucker Punch","Distraction"],"picked":"Flying Knee"},{"not_picked":["Acrobatics","Flying Knee"],"picked":"Quick Slash"},{"not_picked":["PiercingWail","Flying Knee"],"picked":"Prepared"},{"not_picked":["Bane","Acrobatics"],"picked":"Footwork"},{"not_picked":["Slice","Deflect"],"picked":"Noxious Fumes"},{"not_picked":["Dagger Throw","Quick Slash"],"picked":"After Image"},{"not_picked":["Prepared","Sucker Punch"],"picked":"Footwork"},{"not_picked":["Night Terror","Storm of Steel"],"picked":"Die Die Die"},{"not_picked":["Backflip","Bane"],"picked":"Escape Plan"},{"not_picked":["Noxious Fumes","Deadly Poison"],"picked":"Cloak And Dagger"}],"player_experience":200964,"potions_floor_usage":[7,11,16],"damage_taken":[{"damage":0,"enemies":"2 Louse","floor":1,"turns":3},{"damage":0,"enemies":"Small Slimes","floor":2,"turns":3},{"damage":5,"enemies":"Jaw Worm","floor":4,"turns":4},{"damage":1,"enemies":"Large Slime","floor":5,"turns":7},{"damage":39,"enemies":"Gremlin Nob","floor":7,"turns":6},{"damage":12,"enemies":"Exordium Thugs","floor":10,"turns":5},{"damage":2,"enemies":"Looter","floor":11,"turns":4},{"damage":1,"enemies":"2 Fungi Beasts","floor":12,"turns":4},{"damage":20,"enemies":"Hexaghost","floor":16,"turns":9},{"damage":3,"enemies":"Chosen","floor":18,"turns":7},{"damage":8,"enemies":"Shell Parasite","floor":19,"turns":7},{"damage":18,"enemies":"Snecko","floor":21,"turns":7},{"damage":53,"enemies":"Cultist and Chosen","floor":22,"turns":4}],"event_choices":[{"event_name":"The Cleric","player_choice":"Card Removal","floor":13,"damage_taken":0},{"event_name":"Forgotten Altar","player_choice":"Shed Blood","floor":20,"damage_taken":0}],"boss_relics":[{"not_picked":["Question Card","Astrolabe"],"picked":"The Specimen"}],"potions_floor_spawned":[5,10,12,16,19],"seed_played":"3758610046738076615","killed_by":"Cultist and Chosen","ascension_level":0,"is_trial":false}