{"gold_per_floor":[117,117,117,117,131,156,176,176,227,288,299,331,349,17,17,92,92,112,24,0,11,25,25,45,77,102,133,133,150,150,150,150,150],"floor_reached":33,"playtime":1247,"items_purged":["Strike_B"],"score":610,"play_id":"9d693946-ca69-4dbc-ac6e-b835ce3fa726","local_time":"20190215204518","is_ascension_mode":true,"campfire_choices":[{"floor":15.0,"key":"REST"},{"data":"Defragment","floor":23,"key":"SMITH"},{"data":"Defragment","floor":28,"key":"SMITH"},{"data":"Seek","floor":32,"key":"SMITH"}],"neow_cost":"NONE","seed_source_timestamp":0,"circlet_count":0,"master_deck":["AscendersBane","Strike_B+1","Strike_B+1","Strike_B+1","Defend_B+1","Defend_B+1","Defend_B+1","Defend_B+1","Zap+1","Dualcast","Sweeping Beam+1","Compile Driver","FTL","Streamline+1","Beam Cell","Ball Lightning","Defragment+1","Coolheaded","Defragment+1","Coolheaded","Echo Form","Hologram+1","Self Repair","Seek+1","Chill","BootSequence","Ghostly","Ghostly","Ghostly"],"special_seed":0,"relics":["Cracked Core","Bag of Marbles","Orichalcum","Tiny Chest","PreservedInsect","Blood Vial","Sozu","Art of War","Blue Candle"],"potions_floor_usage":[],"damage_taken":[{"damage":1.0,"enemies":"Small Slimes","floor":1.0,"turns":4.0},{"damage":7.0,"enemies":"Jaw Worm","floor":5.0,"turns":3.0},{"damage":20.0,"enemies":"Lagavulin","floor":6.0,"turns":7.0},{"damage":0.0,"enemies":"2 Louse","floor":7.0,"turns":1.0},{"damage":20.0,"enemies":"3 Sentries","floor":10.0,"turns":5.0},{"damage":0.0,"enemies":"Blue Slaver","floor":11.0,"turns":1.0},{"damage":2.0,"enemies":"Gremlin Nob","floor":12.0,"turns":3.0},{"damage":0.0,"enemies":"Exordium Wildlife","floor":13.0,"turns":2.0},{"damage":25.0,"enemies":"Slime Boss","floor":16.0,"turns":8.0},{"damage":21.0,"enemies":"2 Thieves","floor":18.0,"turns":3.0},{"damage":14.0,"enemies":"3 Byrds","floor":21.0,"turns":4.0},{"damage":2.0,"enemies":"3 Cultists","floor":22.0,"turns":4.0},{"damage":4,"enemies":"Centurion and Healer","floor":24,"turns":5},{"damage":20,"enemies":"Slavers","floor":25,"turns":5},{"damage":30,"enemies":"Gremlin Leader","floor":27,"turns":5},{"damage":20,"enemies":"Snake Plant","floor":29,"turns":5},{"damage":17,"enemies":"Collector","floor":33,"turns":5}],"seed_played":"7970123159512699055","potions_obtained":[{"floor":5.0,"key":"Regen Potion"},{"floor":7.0,"key":"Swift Potion"},{"floor":12.0,"key":"Swift Potion"},{"floor":13.0,"key":"LiquidBronze"}],"is_trial":false,"path_per_floor":["M","?","?","?","M","E","M","?","T","E","M","E","M","$","R","B",null,"M","$","?","M","M","R","M","E","T","E","R","M","?","?","R","B"],"character_chosen":"DEFECT","items_purchased":["Defragment","Blood Vial","Coolheaded","Self Repair"],"campfire_rested":1,"item_purchase_floors":[14,14,14,19],"current_hp_per_floor":[63,63,42,42,35,30,30,30,30,10,10,8,8,8,29,6,55,36,36,36,31,38,38,50,46,46,25,25,14,14,14,14,0],"gold":150,"neow_bonus":"UPGRADE_CARD","is_prod":false,"is_daily":false,"chose_seed":false,"campfire_upgraded":3,"win_rate":0,"timestamp":1550281518,"path_taken":["M","?","?","?","M","E","M","?","T","E","M","E","M","$","R","BOSS","M","$","?","M","M","R","M","E","T","E","R","M","?","?","R","BOSS"],"build_version":"2019-01-23","purchased_purges":1,"victory":false,"max_hp_per_floor":[71,71,71,71,71,71,71,71,71,71,71,71,71,71,71,71,71,71,71,71,71,71,71,71,71,71,71,71,71,35,35,35,35],"card_choices":[{"not_picked":["Redo","Stack"],"picked":"Sweeping Beam","floor":1.0},{"not_picked":["Heatsinks","Steam"],"picked":"Compile Driver","floor":5.0},{"not_picked":["Beam Cell","Barrage"],"picked":"FTL","floor":6.0},{"not_picked":["Storm","Go for the Eyes"],"picked":"Streamline","floor":7.0},{"not_picked":["Barrage","Machine Learning"],"picked":"Beam Cell","floor":10.0},{"not_picked":["Leap","Loop"],"picked":"Ball Lightning","floor":11.0},{"not_picked":["White Noise","Sunder"],"picked":"Defragment","floor":12.0},{"not_picked":["Blizzard","Leap"],"picked":"Coolheaded","floor":13.0},{"not_picked":["Machine Learning","Core Surge"],"picked":"Echo Form","floor":16.0},{"not_picked":["Sweeping Beam","Coolheaded"],"picked":"Hologram+1","floor":18.0},{"not_picked":["Stack","Turbo","Leap"],"picked":"SKIP","floor":21.0},{"not_picked":["Stack","Turbo","Leap"],"picked":"SKIP","floor":21.0},{"not_picked":["Steam","Steam Power+1"],"picked":"Seek","floor":22},{"not_picked":["Redo+1","Force Field"],"picked":"Chill","floor":24},{"not_picked":["Stack","Redo","Sweeping Beam"],"picked":"SKIP","floor":25},{"not_picked":["Stack","Redo","Sweeping Beam"],"picked":"SKIP","floor":25},{"not_picked":["Leap","Hyperbeam","Reprogram"],"picked":"SKIP","floor":27},{"not_picked":["Rebound","Auto Shields"],"picked":"BootSequence","floor":29}],"player_experience":825410,"relics_obtained":[{"floor":6.0,"key":"Bag of Marbles"},{"floor":9.0,"key":"Orichalcum"},{"floor":10.0,"key":"Tiny Chest"},{"floor":12.0,"key":"PreservedInsect"},{"floor":25,"key":"Art of War"},{"floor":27,"key":"Blue Candle"}],"event_choices":[{"damage_healed":0.0,"max_hp_gain":0.0,"max_hp_loss":0.0,"gold_gain":0.0,"event_name":"Liars Game","player_choice":"Ignored","floor":2.0,"gold_loss":0.0,"damage_taken":0.0},{"damage_healed":0.0,"max_hp_gain":0.0,"max_hp_loss":0.0,"gold_gain":0.0,"event_name":"Shining Light","player_choice":"Entered Light","floor":3.0,"gold_loss":0.0,"damage_taken":21.0,"cards_upgraded":["Sweeping Beam","Strike_B"]},{"damage_healed":0.0,"max_hp_gain":0.0,"max_hp_loss":0.0,"gold_gain":0.0,"event_name":"Scrap Ooze","player_choice":"Fled","floor":4.0,"gold_loss":0.0,"damage_taken":0.0},{"damage_healed":0.0,"max_hp_gain":0.0,"max_hp_loss":0.0,"gold_gain":0.0,"event_name":"Living Wall","player_choice":"Grow","floor":8.0,"gold_loss":0.0,"damage_taken":0.0,"cards_upgraded":["Streamline"]},{"damage_healed":0.0,"max_hp_gain":0.0,"max_hp_loss":0.0,"gold_gain":0.0,"event_name":"Masked Bandits","player_choice":"Paid Fearfully","floor":20.0,"gold_loss":24.0,"damage_taken":0.0},{"damage_healed":0,"gold_gain":0,"player_choice":"Became a Ghost","damage_taken":0,"max_hp_gain":0,"max_hp_loss":36,"event_name":"Ghosts","floor":30,"gold_loss":0,"cards_obtained":["Ghostly","Ghostly","Ghostly"]},{"damage_healed":0,"gold_gain":0,"player_choice":"Simplicity","damage_taken":0,"max_hp_gain":0,"max_hp_loss":0,"event_name":"Back to Basics","floor":31,"gold_loss":0,"cards_upgraded":["Strike_B","Strike_B","Defend_B","Defend_B","Defend_B","Defend_B"]}],"is_beta":false,"boss_relics":[{"not_picked":["Calling Bell","Pandora\u0027s Box"],"picked":"Sozu"}],"items_purged_floors":[14],"is_endless":false,"potions_floor_spawned":[5,7,12,13,21,22,25,29],"killed_by":"Collector","ascension_level":20}