{"gold_per_floor":[116,68,68,80,80,80,107,119,131,143,155,167,197,174,186,198],"floor_reached":16,"playtime":561,"items_purged":[],"score":96,"play_id":"3dec70f6-9c10-47d0-a8de-46d5a0b3e8d7","local_time":"20190211125137","is_ascension_mode":false,"campfire_choices":[{"floor":6,"key":"RECALL"},{"floor":8,"key":"REST"},{"floor":10,"key":"REST"},{"data":"Armaments","floor":15,"key":"SMITH"}],"neow_cost":"NONE","seed_source_timestamp":262080106124700,"circlet_count":0,"master_deck":["Strike_R","Strike_R","Strike_R","Strike_R","Strike_R","Defend_R","Defend_R","Defend_R","Defend_R","Iron Wave","Armaments+1"],"relics":["Burning Blood","Happy Flower","GremlinMask","Frozen Egg 2","MawBank"],"potions_floor_usage":[],"damage_taken":[{"damage":3,"enemies":"Small Slimes","floor":1,"turns":3},{"damage":1,"enemies":"Cultist","floor":4,"turns":3},{"damage":63,"enemies":"Lagavulin","floor":7,"turns":11},{"damage":0,"enemies":"2 Louse","floor":13,"turns":3},{"damage":82,"enemies":"Hexaghost","floor":16,"turns":12}],"seed_played":"4528496660970333300","potions_obtained":[{"floor":7,"key":"Energy Potion"},{"floor":13,"key":"SkillPotion"}],"is_trial":false,"path_per_floor":["M","$","?","M","?","R","E","R","T","R","$","?","M","?","R","B"],"character_chosen":"IRONCLAD","items_purchased":["Armaments"],"campfire_rested":2,"item_purchase_floors":[2],"current_hp_per_floor":[80,80,80,80,77,77,20,44,44,68,68,61,67,80,80,0],"gold":198,"neow_bonus":"RANDOM_COMMON_RELIC","is_prod":false,"is_daily":false,"chose_seed":false,"campfire_upgraded":1,"win_rate":0,"timestamp":1549885897,"path_taken":["M","$","?","?","?","R","E","R","T","R","$","?","M","?","R","BOSS"],"build_version":"2019-02-06","purchased_purges":0,"victory":false,"max_hp_per_floor":[80,80,80,80,80,80,80,80,80,80,80,80,80,80,80,80],"card_choices":[{"not_picked":["True Grit","Twin Strike"],"picked":"Iron Wave","floor":1},{"not_picked":["Clothesline","Infernal Blade","Searing Blow"],"picked":"SKIP","floor":4},{"not_picked":["Inflame+1","Heavy Blade","Perfected Strike"],"picked":"SKIP","floor":7},{"not_picked":["Wild Strike","Flex","Havoc"],"picked":"SKIP","floor":13}],"player_experience":199714,"relics_obtained":[{"floor":7,"key":"MawBank"}],"event_choices":[{"damage_healed":0,"gold_gain":0,"player_choice":"Trade","damage_taken":0,"relics_obtained":["GremlinMask"],"max_hp_gain":0,"max_hp_loss":0,"event_name":"FaceTrader","floor":3,"gold_loss":0},{"damage_healed":0,"gold_gain":0,"player_choice":"Success","damage_taken":3,"relics_obtained":["Frozen Egg 2"],"max_hp_gain":0,"max_hp_loss":0,"event_name":"Scrap Ooze","floor":5,"gold_loss":0},{"cards_removed":["Bash"],"damage_healed":0,"gold_gain":0,"player_choice":"Card Removal","damage_taken":7,"max_hp_gain":0,"max_hp_loss":0,"event_name":"Golden Wing","floor":12,"gold_loss":0},{"damage_healed":20,"gold_gain":0,"player_choice":"Healed","damage_taken":0,"max_hp_gain":0,"max_hp_loss":0,"event_name":"The Cleric","floor":14,"gold_loss":35}],"is_beta":true,"boss_relics":[],"items_purged_floors":[],"is_endless":false,"potions_floor_spawned":[7,13],"killed_by":"Hexaghost","ascension_level":0}