{"gold_per_floor":[116,131,150,150,168,502,502,34,34,64,64,64,74,106,106,183,183,194,194,44,44,44,44,63,63,63,92,112,138,155,168,168,245,245,263,263,277,277,327,327,345,345,345,357,385,133,133,147,147,147,147],"floor_reached":52,"playtime":2024,"items_purged":["Strike_R","Strike_R+1","Parasite"],"score":1830,"play_id":"0f370a82-273d-4de5-b8db-73277a872e13","local_time":"20181115104715","is_ascension_mode":true,"campfire_choices":[{"floor":7,"key":"REST"},{"floor":12,"key":"REST"},{"data":"Whirlwind","floor":15,"key":"SMITH"},{"data":"Inflame","floor":23,"key":"SMITH"},{"data":"Double Tap","floor":25,"key":"SMITH"},{"data":"Spot Weakness","floor":32,"key":"SMITH"},{"data":"Combust","floor":40,"key":"SMITH"},{"floor":42,"key":"REST"},{"data":"Dual Wield","floor":47,"key":"SMITH"},{"data":"Feel No Pain","floor":49,"key":"SMITH"}],"neow_cost":"NONE","seed_source_timestamp":766501499593006,"circlet_count":0,"master_deck":["AscendersBane","Strike_R+1","Strike_R+1","Strike_R+1","Defend_R+1","Defend_R+1","Defend_R+1","Defend_R+1","Bash+1","Armaments","Clothesline+1","True Grit","Double Tap+1","Flame Barrier","Whirlwind+1","Metallicize","Combust+1","Inflame+1","Bludgeon+1","Shrug It Off","Thunderclap","Impervious","Corruption","Spot Weakness+1","Exhume","Shrug It Off+1","Feel No Pain+1","Dual Wield+1","Spot Weakness"],"relics":["Burning Blood","Old Coin","Chemical X","Incense Burner","Nunchaku","Boot","Turnip","Mark of Pain","Anchor","Ornamental Fan","Pantograph","Snecko Eye","Matryoshka","Vajra"],"potions_floor_usage":[16,27,29,29,33,37,51],"damage_taken":[{"damage":4,"enemies":"Jaw Worm","floor":1,"turns":5},{"damage":9,"enemies":"Cultist","floor":2,"turns":5},{"damage":6,"enemies":"2 Louse","floor":3,"turns":3},{"damage":1,"enemies":"Exordium Wildlife","floor":5,"turns":3},{"damage":52,"enemies":"Gremlin Nob","floor":6,"turns":5},{"damage":26,"enemies":"3 Sentries","floor":10,"turns":9},{"damage":6,"enemies":"Large Slime","floor":13,"turns":5},{"damage":34,"enemies":"Lagavulin","floor":14,"turns":6},{"damage":4,"enemies":"Hexaghost","floor":16,"turns":6},{"damage":0,"enemies":"3 Byrds","floor":18,"turns":2},{"damage":0,"enemies":"Spheric Guardian","floor":24,"turns":4},{"damage":36,"enemies":"Gremlin Leader","floor":27,"turns":4},{"damage":0,"enemies":"Snake Plant","floor":28,"turns":2},{"damage":7,"enemies":"Book of Stabbing","floor":29,"turns":5},{"damage":0,"enemies":"Snecko","floor":30,"turns":2},{"damage":0,"enemies":"Cultist and Chosen","floor":31,"turns":3},{"damage":65,"enemies":"Collector","floor":33,"turns":9},{"damage":0,"enemies":"Orb Walker","floor":35,"turns":4},{"damage":0,"enemies":"3 Shapes","floor":37,"turns":4},{"damage":29,"enemies":"Transient","floor":41,"turns":6},{"damage":3,"enemies":"Writhing Mass","floor":44,"turns":4},{"damage":12,"enemies":"Giant Head","floor":45,"turns":7},{"damage":0,"enemies":"3 Darklings","floor":48,"turns":2},{"damage":28,"enemies":"Time Eater","floor":50,"turns":7},{"damage":20,"enemies":"Donu and Deca","floor":51,"turns":7}],"seed_played":"4393060912251813576","potions_obtained":[{"floor":3,"key":"PowerPotion"},{"floor":16,"key":"GamblersBrew"},{"floor":27,"key":"BloodPotion"},{"floor":29,"key":"AttackPotion"},{"floor":33,"key":"FearPotion"},{"floor":41,"key":"LiquidBronze"},{"floor":45,"key":"FearPotion"}],"is_trial":false,"path_per_floor":["M","M","M","?","M","E","R","$","T","E","?","R","M","E","R","B",null,"M","?","$","?","?","R","M","R","T","E","M","E","M","M","R","B",null,"M","?","M","?","?","R","M","R","T","M","E","$","R","M","R","B","B",null],"character_chosen":"IRONCLAD","items_purchased":["Flame Barrier","Whirlwind","Chemical X","Strength Potion","Shrug It Off","Feel No Pain","Dual Wield"],"campfire_rested":3,"item_purchase_floors":[8,8,8,8,20,46,46],"current_hp_per_floor":[70,67,67,67,72,26,48,48,48,28,23,45,45,17,17,19,61,67,67,67,67,67,67,73,73,73,43,49,55,61,67,67,16,60,66,66,72,72,72,72,49,71,71,74,68,68,68,72,72,50,58],"gold":147,"neow_bonus":"UPGRADE_CARD","is_prod":false,"is_daily":false,"chose_seed":false,"campfire_upgraded":7,"win_rate":0,"timestamp":1542296835,"path_taken":["M","M","M","?","M","E","R","?","T","E","?","R","M","E","R","BOSS","M","?","$","?","?","R","M","R","T","E","M","E","M","?","R","BOSS","M","?","M","?","?","R","M","R","T","M","E","$","R","?","R","BOSS","BOSS"],"build_version":"2018-11-08","purchased_purges":3,"victory":true,"max_hp_per_floor":[75,75,75,75,75,75,75,75,75,75,75,75,75,75,75,75,75,75,75,75,75,75,75,75,75,75,75,75,75,75,75,75,75,75,75,75,75,75,75,75,75,75,75,75,75,72,72,72,72,72,72],"card_choices":[{"not_picked":["True Grit","Clash"],"picked":"Armaments","floor":1},{"not_picked":["Armaments","Bloodletting","Heavy Blade"],"picked":"SKIP","floor":2},{"not_picked":["Shrug It Off","Headbutt"],"picked":"Clothesline","floor":3},{"not_picked":["Headbutt","Dual Wield"],"picked":"True Grit","floor":5},{"not_picked":["Flex","Havoc"],"picked":"Double Tap","floor":6},{"not_picked":["Heavy Blade","Seeing Red"],"picked":"Metallicize","floor":10},{"not_picked":["Anger","Rupture"],"picked":"Combust","floor":13},{"not_picked":["Sword Boomerang","Pummel"],"picked":"Inflame","floor":14},{"not_picked":["Brutality","Double Tap"],"picked":"Bludgeon","floor":16},{"not_picked":["Anger","Power Through","Perfected Strike"],"picked":"SKIP","floor":18},{"not_picked":["Heavy Blade","Intimidate"],"picked":"Thunderclap","floor":24},{"not_picked":["Twin Strike","Feed"],"picked":"Impervious","floor":27},{"not_picked":["Clothesline+1","Havoc","Warcry"],"picked":"SKIP","floor":28},{"not_picked":["Flex","Searing Blow+1","Hemokinesis"],"picked":"SKIP","floor":29},{"not_picked":["Sever Soul","Intimidate"],"picked":"Corruption","floor":30},{"not_picked":["Armaments","Warcry"],"picked":"Spot Weakness","floor":31},{"not_picked":["Feed","Immolate"],"picked":"Exhume","floor":33},{"not_picked":["Armaments+1","Shrug It Off","Rupture"],"picked":"SKIP","floor":35},{"not_picked":["Clash","Iron Wave","Wild Strike"],"picked":"SKIP","floor":37},{"not_picked":["Pommel Strike+1","Searing Blow"],"picked":"Shrug It Off+1","floor":41},{"not_picked":["Clothesline","Rupture+1","Power Through"],"picked":"SKIP","floor":44},{"not_picked":["Perfected Strike","Battle Trance","Blood for Blood"],"picked":"SKIP","floor":45},{"not_picked":["Twin Strike","Heavy Blade"],"picked":"Spot Weakness","floor":48}],"player_experience":636932,"relics_obtained":[{"floor":6,"key":"Old Coin"},{"floor":9,"key":"Incense Burner"},{"floor":10,"key":"Nunchaku"},{"floor":14,"key":"Turnip"},{"floor":26,"key":"Anchor"},{"floor":27,"key":"Ornamental Fan"},{"floor":29,"key":"Pantograph"},{"floor":43,"key":"Matryoshka"},{"floor":45,"key":"Vajra"}],"event_choices":[{"damage_healed":0,"gold_gain":0,"player_choice":"Upgraded","damage_taken":0,"max_hp_gain":0,"max_hp_loss":0,"event_name":"Upgrade Shrine","floor":4,"gold_loss":0,"cards_upgraded":["Clothesline"]},{"damage_healed":0,"gold_gain":0,"player_choice":"Success","damage_taken":5,"relics_obtained":["Boot"],"max_hp_gain":0,"max_hp_loss":0,"event_name":"Scrap Ooze","floor":11,"gold_loss":0},{"damage_healed":0,"gold_gain":0,"player_choice":"Simplicity","damage_taken":0,"max_hp_gain":0,"max_hp_loss":0,"event_name":"Back to Basics","floor":19,"gold_loss":0,"cards_upgraded":["Strike_R","Strike_R","Strike_R","Strike_R","Defend_R","Defend_R","Defend_R","Defend_R"]},{"damage_healed":0,"gold_gain":0,"player_choice":"Ignored","damage_taken":0,"max_hp_gain":0,"max_hp_loss":0,"event_name":"Beggar","floor":21,"gold_loss":0},{"damage_healed":0,"gold_gain":0,"player_choice":"Forge","damage_taken":0,"max_hp_gain":0,"max_hp_loss":0,"event_name":"Accursed Blacksmith","floor":22,"gold_loss":0,"cards_upgraded":["Bludgeon"]},{"damage_healed":0,"gold_gain":0,"player_choice":"Ignored","damage_taken":0,"max_hp_gain":0,"max_hp_loss":0,"event_name":"Tomb of Lord Red Mask","floor":36,"gold_loss":0},{"damage_healed":0,"gold_gain":0,"player_choice":"Memory 1","damage_taken":0,"max_hp_gain":0,"max_hp_loss":0,"event_name":"SensoryStone","floor":38,"gold_loss":0},{"damage_healed":0,"gold_gain":50,"player_choice":"Pray","damage_taken":0,"max_hp_gain":0,"max_hp_loss":0,"event_name":"Golden Shrine","floor":39,"gold_loss":0}],"is_beta":false,"boss_relics":[{"not_picked":["White Beast Statue","Tiny House"],"picked":"Mark of Pain"},{"not_picked":["Velvet Choker","Calling Bell"],"picked":"Snecko Eye"}],"items_purged_floors":[8,20,46],"is_endless":false,"potions_floor_spawned":[3,14,16,18,27,29,33,41,45],"ascension_level":20}