{"gold_per_floor":[118,118,131,131,142,176,176,236,259,143,143,170,184,194,194,289,289,302,302,316,316],"floor_reached":21,"playtime":745,"items_purged":["Strike_B"],"score":293,"play_id":"bd1d8142-1243-4a56-b55a-06c095aea0e7","local_time":"20180718203053","is_ascension_mode":true,"campfire_choices":[{"floor":7,"key":"REST"},{"data":"Defragment","floor":11,"key":"SMITH"},{"floor":15,"key":"REST"}],"neow_cost":"CURSE","seed_source_timestamp":0,"circlet_count":0,"master_deck":["Strike_B","Strike_B","Strike_B+1","Defend_B","Defend_B","Defend_B","Defend_B+1","Zap","Dualcast","AscendersBane","Clumsy","Electrodynamics","Auto Shields","Multi-Cast","Defragment","Defragment+1","Capacitor","Capacitor","Echo Form","BootSequence+1","Recycle"],"special_seed":17731,"relics":["Cracked Core","Boot","Ice Cream","Tiny Chest","Ancient Tea Set","Bottled Lightning","Snecko Eye","CultistMask"],"potions_floor_usage":[6,12],"damage_taken":[{"damage":2,"enemies":"2 Louse","floor":1,"turns":3},{"damage":8,"enemies":"Jaw Worm","floor":3,"turns":3},{"damage":0,"enemies":"Cultist","floor":5,"turns":3},{"damage":9,"enemies":"3 Sentries","floor":6,"turns":2},{"damage":21,"enemies":"Gremlin Nob","floor":12,"turns":4},{"damage":10,"enemies":"2 Fungi Beasts","floor":13,"turns":3},{"damage":2,"enemies":"Large Slime","floor":14,"turns":4},{"damage":17,"enemies":"The Guardian","floor":16,"turns":11},{"damage":33,"enemies":"2 Thieves","floor":18,"turns":3},{"damage":31,"enemies":"Shell Parasite","floor":20,"turns":8},{"damage":23,"enemies":"Snecko","floor":21,"turns":3}],"seed_played":"-3692985004623791933","potions_obtained":[{"floor":1,"key":"Regen Potion"},{"floor":3,"key":"FairyPotion"},{"floor":6,"key":"Weak Potion"},{"floor":14,"key":"EssenceOfSteel"},{"floor":18,"key":"FocusPotion"}],"is_trial":false,"path_per_floor":["M","?","M","?","M","E","R","?","T","$","R","E","M","M","R","B",null,"M","?","M"],"character_chosen":"DEFECT","items_purchased":["Capacitor"],"campfire_rested":2,"item_purchase_floors":[10],"current_hp_per_floor":[66,51,43,25,25,21,43,43,43,43,43,22,12,10,32,15,60,27,27,7,0],"gold":316,"neow_bonus":"THREE_RARE_CARDS","is_prod":false,"is_daily":false,"chose_seed":false,"campfire_upgraded":1,"win_rate":0,"timestamp":1531963853,"path_taken":["M","?","?","?","M","E","R","?","T","?","R","E","M","M","R","BOSS","M","?","?","M"],"build_version":"2018-07-12","purchased_purges":1,"victory":false,"max_hp_per_floor":[75,75,75,75,75,75,75,75,75,75,75,75,75,75,75,75,75,75,75,75,75],"card_choices":[{"not_picked":["Creative AI","Biased Cognition"],"picked":"Electrodynamics","floor":0},{"not_picked":["Streamline","Conserve Battery"],"picked":"Auto Shields","floor":1},{"not_picked":["Hologram","Gash"],"picked":"Multi-Cast","floor":3},{"not_picked":["Cold Snap","Coolheaded"],"picked":"Defragment","floor":5},{"not_picked":["Coolheaded","Conserve Battery"],"picked":"Defragment","floor":6},{"not_picked":["Stack","Compile Driver","Turbo"],"picked":"SKIP","floor":12},{"not_picked":["Stack","Compile Driver","Turbo"],"picked":"SKIP","floor":12},{"not_picked":["Sunder","Steam","Hello World"],"picked":"SKIP","floor":13},{"not_picked":["Hologram","Stack"],"picked":"Capacitor","floor":14},{"not_picked":["All For One","Meteor Strike"],"picked":"Echo Form","floor":16},{"not_picked":["Leap","Sweeping Beam"],"picked":"BootSequence+1","floor":18},{"not_picked":["Glacier","Gash"],"picked":"Recycle","floor":20}],"player_experience":429559,"relics_obtained":[{"floor":6,"key":"Ice Cream"},{"floor":9,"key":"Ancient Tea Set"},{"floor":12,"key":"Bottled Lightning"}],"event_choices":[{"event_name":"Shining Light","player_choice":"Entered Light","floor":2,"damage_taken":0},{"event_name":"Scrap Ooze","player_choice":"success","floor":4,"damage_taken":18},{"event_name":"Dead Adventurer","player_choice":"Searched \u00272\u0027 times","floor":8,"damage_taken":0},{"event_name":"FaceTrader","player_choice":"Trade","floor":19,"damage_taken":0}],"boss_relics":[{"not_picked":["Philosopher\u0027s Stone","Cursed Key"],"picked":"Snecko Eye"}],"items_purged_floors":[10],"is_endless":false,"potions_floor_spawned":[1,3,6,14,16,18],"killed_by":"Snecko","ascension_level":11}