{"gold_per_floor":[118,118,118,129,146,146,179,198,198,213,232,251,279,296,296,372,372,384,384,309,309,328,328,308,308,308,319,319],"floor_reached":28,"playtime":1691,"items_purged":[],"score":464,"play_id":"224218d6-c6ae-4b8c-b746-ad3dde67f8a9","local_time":"20190114171540","is_ascension_mode":true,"campfire_choices":[{"data":"Deadly Poison","floor":6,"key":"SMITH"},{"data":"Neutralize","floor":15,"key":"SMITH"},{"floor":23,"key":"RECALL"},{"data":"Wraith Form v2","floor":25,"key":"SMITH"}],"neow_cost":"TEN_PERCENT_HP_LOSS","seed_source_timestamp":1152804383894965,"circlet_count":0,"master_deck":["AscendersBane","Defend_G","Defend_G","Defend_G","Defend_G","Defend_G","Strike_G","Strike_G","Strike_G","Strike_G","Survivor","Neutralize+1","Corpse Explosion","Deadly Poison+1","Backflip","Cloak And Dagger","Dagger Spray","Bouncing Flask","Burst","Wraith Form v2+1","Escape Plan"],"relics":["Ring of the Snake","GremlinMask","Meat on the Bone","The Courier","Coffee Dripper","Tingsha"],"potions_floor_usage":[7,7,16,28,28],"damage_taken":[{"damage":2,"enemies":"Small Slimes","floor":1,"turns":4},{"damage":0,"enemies":"Cultist","floor":4,"turns":3},{"damage":0,"enemies":"Jaw Worm","floor":5,"turns":4},{"damage":50,"enemies":"Gremlin Nob","floor":7,"turns":6},{"damage":3,"enemies":"Blue Slaver","floor":8,"turns":4},{"damage":7,"enemies":"Large Slime","floor":10,"turns":7},{"damage":2,"enemies":"Exordium Thugs","floor":11,"turns":3},{"damage":4,"enemies":"2 Fungi Beasts","floor":12,"turns":2},{"damage":14,"enemies":"3 Sentries","floor":13,"turns":4},{"damage":10,"enemies":"Lots of Slimes","floor":14,"turns":2},{"damage":20,"enemies":"The Guardian","floor":16,"turns":10},{"damage":2,"enemies":"3 Byrds","floor":18,"turns":3},{"damage":4,"enemies":"Chosen","floor":22,"turns":6},{"damage":15,"enemies":"Centurion and Healer","floor":27,"turns":7},{"damage":51,"enemies":"Cultist and Chosen","floor":28,"turns":5}],"seed_played":"-5494804076753652149","potions_obtained":[{"floor":1,"key":"EssenceOfSteel"},{"floor":4,"key":"SpeedPotion"},{"floor":10,"key":"Block Potion"},{"floor":11,"key":"Dexterity Potion"},{"floor":12,"key":"GamblersBrew"},{"floor":24,"key":"Swift Potion"}],"is_trial":false,"path_per_floor":["M","?","?","M","M","R","E","M","T","M","M","M","E","M","R","B",null,"M","?","?","?","M","R","?","R","T","M","M"],"character_chosen":"THE_SILENT","items_purchased":[],"campfire_rested":0,"item_purchase_floors":[],"current_hp_per_floor":[57,57,57,57,57,57,7,16,16,21,31,39,37,39,39,31,53,51,51,51,35,43,43,43,43,43,40,0],"gold":319,"neow_bonus":"THREE_RARE_CARDS","is_prod":false,"is_daily":false,"chose_seed":false,"campfire_upgraded":3,"win_rate":0,"timestamp":1547504140,"path_taken":["M","?","?","?","M","R","E","M","T","M","M","M","E","M","R","BOSS","M","?","?","?","?","R","?","R","T","M","?"],"build_version":"2019-01-10","purchased_purges":0,"victory":false,"max_hp_per_floor":[60,60,60,60,60,60,60,60,60,60,60,60,60,60,60,60,60,60,60,60,65,65,65,65,65,65,65,65],"card_choices":[{"not_picked":["Bullet Time","Burst"],"picked":"Corpse Explosion","floor":0},{"not_picked":["Calculated Gamble","Setup"],"picked":"Deadly Poison","floor":1},{"not_picked":["Finisher","Calculated Gamble"],"picked":"Backflip","floor":4},{"not_picked":["Dodge and Roll","Outmaneuver"],"picked":"Cloak And Dagger","floor":5},{"not_picked":["Slice","All Out Attack"],"picked":"Dagger Spray","floor":7},{"not_picked":["Finisher","Poisoned Stab","Flechettes"],"picked":"SKIP","floor":8},{"not_picked":["Underhanded Strike","Blade Dance","Prepared"],"picked":"SKIP","floor":10},{"not_picked":["Distraction","Accuracy"],"picked":"Bouncing Flask","floor":11},{"not_picked":["Concentrate","Outmaneuver","Eviscerate"],"picked":"SKIP","floor":12},{"not_picked":["Concentrate","Outmaneuver","Eviscerate"],"picked":"SKIP","floor":12},{"not_picked":["Dagger Spray","Deadly Poison","Quick Slash"],"picked":"SKIP","floor":13},{"not_picked":["Dagger Spray","Deadly Poison","Quick Slash"],"picked":"SKIP","floor":13},{"not_picked":["Masterful Stab","Flying Knee"],"picked":"Burst","floor":14},{"not_picked":["A Thousand Cuts","Glass Knife"],"picked":"Wraith Form v2","floor":16},{"not_picked":["Deadly Poison","Sucker Punch","Eviscerate"],"picked":"SKIP","floor":18},{"not_picked":["Bane","Acrobatics"],"picked":"Escape Plan","floor":22},{"not_picked":["Dagger Spray","Sucker Punch","Deflect"],"picked":"SKIP","floor":27}],"player_experience":735886,"relics_obtained":[{"floor":7,"key":"Meat on the Bone"},{"floor":13,"key":"The Courier"},{"floor":26,"key":"Tingsha"}],"event_choices":[{"damage_healed":0,"gold_gain":0,"player_choice":"Ignored","damage_taken":0,"max_hp_gain":0,"max_hp_loss":0,"event_name":"Liars Game","floor":2,"gold_loss":0},{"damage_healed":0,"gold_gain":0,"player_choice":"Trade","damage_taken":0,"relics_obtained":["GremlinMask"],"max_hp_gain":0,"max_hp_loss":0,"event_name":"FaceTrader","floor":3,"gold_loss":0},{"damage_healed":0,"gold_gain":0,"player_choice":"Ignored","damage_taken":0,"max_hp_gain":0,"max_hp_loss":0,"event_name":"The Mausoleum","floor":19,"gold_loss":0},{"cards_removed":["Strike_G"],"damage_healed":0,"gold_gain":0,"player_choice":"Gave Gold","damage_taken":0,"max_hp_gain":0,"max_hp_loss":0,"event_name":"Beggar","floor":20,"gold_loss":75},{"damage_healed":0,"gold_gain":0,"player_choice":"Shed Blood","damage_taken":21,"max_hp_gain":5,"max_hp_loss":0,"event_name":"Forgotten Altar","floor":21,"gold_loss":0},{"damage_healed":0,"gold_gain":0,"player_choice":"Bought 1 Potion","damage_taken":0,"max_hp_gain":0,"max_hp_loss":0,"event_name":"The Woman in Blue","floor":24,"gold_loss":0}],"is_beta":false,"boss_relics":[{"not_picked":["Astrolabe","Busted Crown"],"picked":"Coffee Dripper"}],"items_purged_floors":[],"is_endless":false,"potions_floor_spawned":[1,4,10,11,12,14,27],"killed_by":"Cultist and Chosen","ascension_level":20}