{"gold_per_floor":[109,121,52,52,71,106,106,119,146,158,174,174,205,219,219,317,317,331,346,346,362,37,67,67,85,166,166,185,185,185,196,196,293,293,303,403,420,433,451,451],"floor_reached":40,"playtime":3002,"items_purged":[],"score":595,"play_id":"34d3d4b2-769f-404b-9f64-a1d0ffe6a90b","local_time":"20190201180134","is_ascension_mode":true,"campfire_choices":[{"data":"Footwork","floor":7,"key":"SMITH"},{"floor":12,"key":"REST"},{"floor":15,"key":"REST"},{"floor":24,"key":"REST"},{"floor":27,"key":"REST"},{"data":"Noxious Fumes","floor":30,"key":"SMITH"},{"data":"Crippling Poison","floor":32,"key":"SMITH"}],"neow_cost":"NONE","seed_source_timestamp":761005470367801,"circlet_count":0,"master_deck":["Defend_G","Defend_G","Defend_G","Defend_G","Defend_G","Strike_G","Strike_G","Strike_G","Strike_G","Strike_G","Survivor","Neutralize+1","Deadly Poison","Backflip","Noxious Fumes+1","Bane","Footwork+1","Cloak And Dagger","Cloak And Dagger","Malaise","Backflip","Cloak And Dagger","Burst","Choke","Deadly Poison","Leg Sweep","Backflip","Cloak And Dagger","Dodge and Roll","Prepared","Crippling Poison+1","PiercingWail+1","Outmaneuver+1","PiercingWail","Tools of the Trade","Bouncing Flask","Leg Sweep+1","Crippling Poison+1"],"relics":["Ring of the Snake","Happy Flower","Snake Skull","Potion Belt","Centennial Puzzle","Orrery","Thread and Needle","Ice Cream","Pantograph","White Beast Statue"],"potions_floor_usage":[6,6,16,23,23,23,33,38,39,39,39,40],"damage_taken":[{"damage":0,"enemies":"Cultist","floor":1,"turns":3},{"damage":1,"enemies":"2 Louse","floor":2,"turns":3},{"damage":2,"enemies":"Jaw Worm","floor":5,"turns":4},{"damage":21,"enemies":"3 Sentries","floor":6,"turns":8},{"damage":12,"enemies":"3 Louse","floor":8,"turns":4},{"damage":0,"enemies":"Red Slaver","floor":10,"turns":4},{"damage":2,"enemies":"2 Fungi Beasts","floor":11,"turns":3},{"damage":31,"enemies":"Gremlin Nob","floor":13,"turns":5},{"damage":0,"enemies":"Large Slime","floor":14,"turns":4},{"damage":0,"enemies":"Hexaghost","floor":16,"turns":10},{"damage":12,"enemies":"3 Byrds","floor":18,"turns":5},{"damage":10,"enemies":"Spheric Guardian","floor":19,"turns":4},{"damage":6,"enemies":"Snecko","floor":21,"turns":6},{"damage":25,"enemies":"Gremlin Leader","floor":23,"turns":8},{"damage":0,"enemies":"Chosen and Byrds","floor":25,"turns":8},{"damage":13,"enemies":"Snake Plant","floor":28,"turns":6},{"damage":5,"enemies":"Centurion and Healer","floor":31,"turns":9},{"damage":19,"enemies":"Automaton","floor":33,"turns":11},{"damage":0,"enemies":"3 Shapes","floor":35,"turns":5},{"damage":14,"enemies":"3 Darklings","floor":37,"turns":7},{"damage":12,"enemies":"Sphere and 2 Shapes","floor":38,"turns":5},{"damage":31,"enemies":"Spire Growth","floor":39,"turns":10},{"damage":22,"enemies":"Nemesis","floor":40,"turns":2}],"seed_played":"4211720792351061766","potions_obtained":[{"floor":1,"key":"Strength Potion"},{"floor":5,"key":"Dexterity Potion"},{"floor":10,"key":"SpeedPotion"},{"floor":13,"key":"SkillPotion"},{"floor":16,"key":"Explosive Potion"},{"floor":18,"key":"Energy Potion"},{"floor":28,"key":"SteroidPotion"},{"floor":31,"key":"Dexterity Potion"},{"floor":35,"key":"FearPotion"},{"floor":37,"key":"Dexterity Potion"},{"floor":38,"key":"Fruit Juice"},{"floor":39,"key":"Dexterity Potion"}],"is_trial":false,"path_per_floor":["M","M","$","?","M","E","R","M","T","M","M","R","E","M","R","B",null,"M","M","?","M","$","E","R","M","T","R","M","?","R","M","R","B",null,"M","?","M","M","M","E"],"character_chosen":"THE_SILENT","items_purchased":["Noxious Fumes","Thread and Needle","Crippling Poison"],"campfire_rested":4,"item_purchase_floors":[3,22,22],"current_hp_per_floor":[70,69,69,66,64,43,43,31,31,31,29,50,19,19,40,40,70,58,48,48,42,42,17,38,38,38,59,46,46,46,41,41,47,70,70,70,56,44,18,0],"gold":451,"neow_bonus":"UPGRADE_CARD","is_prod":false,"is_daily":false,"chose_seed":false,"campfire_upgraded":3,"win_rate":0,"timestamp":1549018894,"path_taken":["M","M","$","?","M","E","R","M","T","M","M","R","E","M","R","BOSS","M","M","?","M","$","E","R","M","T","R","M","?","R","M","R","BOSS","M","?","M","?","M","E"],"build_version":"2019-01-23","purchased_purges":0,"victory":false,"max_hp_per_floor":[70,70,70,70,70,70,70,70,70,70,70,70,70,70,70,70,70,70,70,70,70,70,70,70,70,70,70,70,70,70,70,70,70,70,70,70,70,70,75,75],"card_choices":[{"not_picked":["Catalyst","Dodge and Roll"],"picked":"Deadly Poison","floor":1},{"not_picked":["Choke","Poisoned Stab"],"picked":"Backflip","floor":2},{"not_picked":["Riddle With Holes","Sucker Punch"],"picked":"Bane","floor":5},{"not_picked":["Acrobatics","Leg Sweep"],"picked":"Footwork","floor":6},{"not_picked":["Setup","Underhanded Strike"],"picked":"Cloak And Dagger","floor":8},{"not_picked":["Infinite Blades","Blur"],"picked":"Cloak And Dagger","floor":10},{"not_picked":["Flying Knee","Quick Slash"],"picked":"Malaise","floor":11},{"not_picked":["Sucker Punch","Quick Slash"],"picked":"Backflip","floor":13},{"not_picked":["Backflip","Accuracy"],"picked":"Cloak And Dagger","floor":14},{"not_picked":["A Thousand Cuts","Wraith Form v2"],"picked":"Burst","floor":16},{"not_picked":["Caltrops","Dagger Spray"],"picked":"Choke","floor":17},{"not_picked":["Backstab","Backflip"],"picked":"Deadly Poison","floor":17},{"not_picked":["Poisoned Stab","Calculated Gamble"],"picked":"Leg Sweep","floor":17},{"not_picked":["Deflect","Finisher"],"picked":"Backflip","floor":17},{"not_picked":["Eviscerate","Dagger Spray"],"picked":"Cloak And Dagger","floor":17},{"not_picked":["Glass Knife","Dagger Throw"],"picked":"Dodge and Roll","floor":18},{"not_picked":["Riddle With Holes","Quick Slash","Blade Dance"],"picked":"SKIP","floor":19},{"not_picked":["Underhanded Strike","Heel Hook"],"picked":"Prepared","floor":21},{"not_picked":["Slice+1","Backflip"],"picked":"PiercingWail+1","floor":23},{"not_picked":["Tactician","Blade Dance","Backstab"],"picked":"SKIP","floor":25},{"not_picked":["Acrobatics","Expertise"],"picked":"Outmaneuver+1","floor":28},{"not_picked":["Dagger Spray","Setup"],"picked":"PiercingWail","floor":31},{"not_picked":["A Thousand Cuts","Burst"],"picked":"Tools of the Trade","floor":33},{"not_picked":["Terror","Acrobatics"],"picked":"Bouncing Flask","floor":35},{"not_picked":["Sucker Punch","Dagger Spray","Blade Dance+1"],"picked":"SKIP","floor":37},{"not_picked":["Dagger Throw","Backstab+1"],"picked":"Leg Sweep+1","floor":38},{"not_picked":["Eviscerate","Tactician"],"picked":"Crippling Poison+1","floor":39}],"player_experience":307848,"relics_obtained":[{"floor":6,"key":"Snake Skull"},{"floor":9,"key":"Potion Belt"},{"floor":13,"key":"Centennial Puzzle"},{"floor":23,"key":"Ice Cream"},{"floor":26,"key":"Pantograph"}],"event_choices":[{"damage_healed":0,"gold_gain":0,"player_choice":"Success","damage_taken":3,"relics_obtained":["Happy Flower"],"max_hp_gain":0,"max_hp_loss":0,"event_name":"Scrap Ooze","floor":4,"gold_loss":0},{"damage_healed":0,"gold_gain":0,"player_choice":"Ignored","damage_taken":0,"max_hp_gain":0,"max_hp_loss":0,"event_name":"Beggar","floor":20,"gold_loss":0},{"damage_healed":0,"gold_gain":0,"player_choice":"Ignored","damage_taken":0,"max_hp_gain":0,"max_hp_loss":0,"event_name":"Ghosts","floor":29,"gold_loss":0},{"damage_healed":0,"gold_gain":100,"player_choice":"Pray","damage_taken":0,"max_hp_gain":0,"max_hp_loss":0,"event_name":"Golden Shrine","floor":36,"gold_loss":0}],"is_beta":false,"boss_relics":[{"not_picked":["Ectoplasm","Velvet Choker"],"picked":"Orrery"},{"not_picked":["Runic Pyramid","Tiny House"],"picked":"White Beast Statue"}],"items_purged_floors":[],"is_endless":false,"potions_floor_spawned":[1,5,10,13,16,18,28,31,35,37,38,39],"killed_by":"Nemesis","ascension_level":3}