{"gold_per_floor":[14,24,24,24,44,44,77,77,77,91,116,116],"floor_reached":12,"playtime":372,"items_purged":[],"score":158,"play_id":"5d83dc28-c59f-46df-803e-901f6db6c5f5","local_time":"20180820174223","is_ascension_mode":true,"campfire_choices":[{"floor":8,"key":"REST"}],"neow_cost":"NO_GOLD","seed_source_timestamp":690535521423268,"circlet_count":0,"master_deck":["Strike_R","Strike_R","Strike_R","Strike_R","Defend_R","Defend_R","Defend_R","Bash","AscendersBane","Flame Barrier+1","Thunderclap","Inflame","Anger"],"relics":["Burning Blood","Dodecahedron","Self Forming Clay","Kunai","Unceasing Top"],"potions_floor_usage":[7,7],"damage_taken":[{"damage":0,"enemies":"Small Slimes","floor":1,"turns":3},{"damage":0,"enemies":"2 Louse","floor":2,"turns":5},{"damage":0,"enemies":"Cultist","floor":5,"turns":4},{"damage":32,"enemies":"Lagavulin","floor":7,"turns":8},{"damage":0,"enemies":"Exordium Wildlife","floor":10,"turns":5},{"damage":29,"enemies":"Gremlin Nob","floor":11,"turns":4},{"damage":33,"enemies":"Exordium Thugs","floor":12,"turns":4}],"seed_played":"-2218792774772486528","potions_obtained":[{"floor":1,"key":"Swift Potion"},{"floor":2,"key":"Block Potion"}],"is_trial":false,"path_per_floor":["M","M","?","?","M","?","E","R","T","M","E"],"character_chosen":"IRONCLAD","items_purchased":[],"campfire_rested":1,"item_purchase_floors":[],"current_hp_per_floor":[74,75,80,80,80,45,19,43,43,49,26,0],"gold":116,"neow_bonus":"REMOVE_TWO","is_prod":false,"is_daily":false,"chose_seed":false,"campfire_upgraded":0,"win_rate":0,"timestamp":1534801343,"path_taken":["M","M","?","?","?","?","E","R","T","M","E","M"],"build_version":"2018-08-16","purchased_purges":0,"victory":false,"max_hp_per_floor":[75,75,80,80,80,80,80,80,80,80,80,80],"card_choices":[{"not_picked":["Reckless Charge","Pommel Strike"],"picked":"Flame Barrier","floor":1},{"not_picked":["Flex","Twin Strike","Anger"],"picked":"SKIP","floor":2},{"not_picked":["Rage","Twin Strike"],"picked":"Thunderclap","floor":5},{"not_picked":["Flex","Anger","Clash"],"picked":"SKIP","floor":7},{"not_picked":["Disarm","Rupture"],"picked":"Inflame","floor":10},{"not_picked":["Brutality","Perfected Strike"],"picked":"Anger","floor":11}],"player_experience":468768,"relics_obtained":[{"floor":7,"key":"Self Forming Clay"},{"floor":9,"key":"Kunai"},{"floor":11,"key":"Unceasing Top"}],"event_choices":[{"event_name":"Big Fish","player_choice":"Donut","floor":3,"damage_taken":0},{"event_name":"Accursed Blacksmith","player_choice":"Forge","floor":4,"damage_taken":0},{"event_name":"Scrap Ooze","player_choice":"success","floor":6,"damage_taken":35}],"is_beta":false,"boss_relics":[],"items_purged_floors":[],"is_endless":false,"potions_floor_spawned":[1,2],"killed_by":"Exordium Thugs","ascension_level":16}