{"gold_per_floor":[112,112,129,129,18,18,52,63,63,63,98,98],"floor_reached":12,"playtime":698,"items_purged":["Strike_G"],"score":103,"play_id":"fe5c58c8-5f04-4eea-909b-3d168d594667","local_time":"20190217010908","is_ascension_mode":true,"campfire_choices":[{"data":"Neutralize","floor":6,"key":"SMITH"},{"data":"Accuracy","floor":10,"key":"SMITH"}],"neow_cost":"NONE","seed_source_timestamp":39928199485384,"circlet_count":0,"master_deck":["Defend_G","Defend_G","Defend_G","Defend_G","Defend_G","Strike_G","Strike_G","Strike_G","Strike_G","Survivor","Neutralize+1","Cloak And Dagger","Deflect","Well Laid Plans","Accuracy+1","Dodge and Roll","Infinite Blades"],"relics":["Ring of the Snake","Orichalcum","Centennial Puzzle","GremlinMask","Peace Pipe","Gremlin Horn","Darkstone Periapt"],"potions_floor_usage":[7,11],"damage_taken":[{"damage":1,"enemies":"Cultist","floor":1,"turns":6},{"damage":0,"enemies":"2 Louse","floor":3,"turns":3},{"damage":25,"enemies":"Lagavulin","floor":7,"turns":11},{"damage":0,"enemies":"Jaw Worm","floor":8,"turns":8},{"damage":32,"enemies":"Gremlin Nob","floor":11,"turns":7},{"damage":13,"enemies":"Exordium Wildlife","floor":12,"turns":2}],"seed_played":"-5785314007706361606","potions_obtained":[{"floor":1,"key":"AttackPotion"},{"floor":3,"key":"Ancient Potion"},{"floor":8,"key":"Block Potion"}],"is_trial":false,"path_per_floor":["M","T","M","?","$","R","E","M","T","R","E","M"],"character_chosen":"THE_SILENT","items_purchased":["Well Laid Plans"],"campfire_rested":0,"item_purchase_floors":[5],"current_hp_per_floor":[69,69,69,69,69,69,44,44,44,44,12,0],"gold":98,"neow_bonus":"RANDOM_COMMON_RELIC","is_prod":false,"is_daily":false,"chose_seed":false,"campfire_upgraded":2,"win_rate":0,"timestamp":1550340548,"path_taken":["M","?","M","?","$","R","E","M","T","R","E","?"],"build_version":"2019-01-23","purchased_purges":1,"victory":false,"max_hp_per_floor":[70,70,70,70,70,70,70,70,70,70,70,70],"card_choices":[{"not_picked":["Escape Plan","Calculated Gamble"],"picked":"Cloak And Dagger","floor":1},{"not_picked":["Poisoned Stab","Deadly Poison"],"picked":"Deflect","floor":3},{"not_picked":["Eviscerate","Endless Agony"],"picked":"Accuracy","floor":7},{"not_picked":["Underhanded Strike","Endless Agony"],"picked":"Dodge and Roll","floor":8},{"not_picked":["Tactician","Dagger Throw"],"picked":"Infinite Blades","floor":11}],"player_experience":348550,"relics_obtained":[{"floor":2,"key":"Centennial Puzzle"},{"floor":7,"key":"Peace Pipe"},{"floor":9,"key":"Gremlin Horn"},{"floor":11,"key":"Darkstone Periapt"}],"event_choices":[{"damage_healed":0,"gold_gain":0,"player_choice":"Trade","damage_taken":0,"relics_obtained":["GremlinMask"],"max_hp_gain":0,"max_hp_loss":0,"event_name":"FaceTrader","floor":4,"gold_loss":0}],"is_beta":false,"boss_relics":[],"items_purged_floors":[5],"is_endless":false,"potions_floor_spawned":[1,3,8],"killed_by":"Exordium Wildlife","ascension_level":4}