{"gold_per_floor":[109,125,50,69,88,88,121,131,154,154,209,11,11,11,11,87,87,101,115,115,129,129,129,129,162,162,162,172,186,211,26,26,26],"floor_reached":33,"playtime":1842,"items_purged":["Strike_R"],"score":620,"play_id":"111cd43d-af69-4901-a94b-c1b1f2ce1b9e","local_time":"20190113111818","is_ascension_mode":true,"campfire_choices":[{"data":"Whirlwind","floor":6,"key":"SMITH"},{"floor":10,"key":"REST"},{"data":"Offering","floor":13,"key":"SMITH"},{"floor":15,"key":"REST"},{"floor":23,"key":"REST"},{"floor":27,"key":"REST"},{"data":"Uppercut","floor":32,"key":"SMITH"}],"neow_cost":"CURSE","seed_source_timestamp":1044811619402626,"circlet_count":0,"master_deck":["AscendersBane","Defend_R","Defend_R","Defend_R","Defend_R","Bash","Offering+1","Whirlwind+1","Second Wind","Thunderclap","Feel No Pain","Juggernaut","Metallicize","Sentinel","Disarm","Offering","Flame Barrier+1","Feed+1","Infernal Blade+1","Warcry","Entrench","Headbutt","Shrug It Off","Corruption","Shrug It Off","Feel No Pain","Havoc","Uppercut+1"],"relics":["Burning Blood","Omamori","Blood Vial","Boot","Astrolabe","Mercury Hourglass","Potion Belt","Nunchaku","Question Card"],"potions_floor_usage":[16,25,25,25,30,33],"damage_taken":[{"damage":7,"enemies":"Cultist","floor":1,"turns":3},{"damage":15,"enemies":"Jaw Worm","floor":2,"turns":5},{"damage":13,"enemies":"Small Slimes","floor":4,"turns":3},{"damage":26,"enemies":"Exordium Thugs","floor":5,"turns":5},{"damage":16,"enemies":"3 Sentries","floor":7,"turns":5},{"damage":9,"enemies":"Exordium Wildlife","floor":8,"turns":3},{"damage":11,"enemies":"3 Sentries","floor":11,"turns":2},{"damage":46,"enemies":"Slime Boss","floor":16,"turns":9},{"damage":29,"enemies":"2 Thieves","floor":18,"turns":5},{"damage":39,"enemies":"Shell Parasite","floor":19,"turns":9},{"damage":13,"enemies":"Centurion and Healer","floor":21,"turns":9},{"damage":12,"enemies":"Gremlin Leader","floor":25,"turns":4},{"damage":12,"enemies":"3 Cultists","floor":28,"turns":1},{"damage":11,"enemies":"Snecko","floor":29,"turns":4},{"damage":30,"enemies":"Book of Stabbing","floor":30,"turns":4},{"damage":57,"enemies":"Champ","floor":33,"turns":14}],"seed_played":"743197094462452937","potions_obtained":[{"floor":2,"key":"Fire Potion"},{"floor":4,"key":"SpeedPotion"},{"floor":7,"key":"Energy Potion"},{"floor":19,"key":"EntropicBrew"},{"floor":28,"key":"SteroidPotion"},{"floor":29,"key":"Block Potion"}],"is_trial":false,"path_per_floor":["M","M","?","M","M","R","E","M","T","R","?","$","R","?","R","B",null,"M","M","?","M","$","R","T","E","T","R","M","M","E","$","R","B"],"character_chosen":"IRONCLAD","items_purchased":["Metallicize","Sentinel","Feel No Pain","Havoc","Uppercut"],"campfire_rested":4,"item_purchase_floors":[12,12,31,31,31],"current_hp_per_floor":[67,58,58,51,31,31,21,18,18,40,37,37,37,37,59,21,62,45,18,18,17,17,43,43,39,39,65,61,62,40,40,40,0],"gold":26,"neow_bonus":"THREE_RARE_CARDS","is_prod":false,"is_daily":false,"chose_seed":false,"campfire_upgraded":3,"win_rate":0,"timestamp":1547396298,"path_taken":["M","M","?","M","M","R","E","M","T","R","?","?","R","?","R","BOSS","M","M","?","M","$","R","?","E","T","R","M","M","E","?","R","BOSS"],"build_version":"2019-01-10","purchased_purges":1,"victory":false,"max_hp_per_floor":[75,75,75,75,75,75,75,75,75,75,75,75,75,75,75,75,75,79,83,83,87,87,87,87,87,87,87,87,91,91,91,91,91],"card_choices":[{"not_picked":["Brutality","Barricade"],"picked":"Offering","floor":0},{"not_picked":["Pummel","Feel No Pain"],"picked":"Perfected Strike","floor":1},{"not_picked":["Shrug It Off","Sword Boomerang"],"picked":"Whirlwind","floor":2},{"not_picked":["Clash","Metallicize"],"picked":"Second Wind","floor":4},{"not_picked":["True Grit","Perfected Strike","Searing Blow"],"picked":"SKIP","floor":5},{"not_picked":["Dropkick","Pommel Strike"],"picked":"Thunderclap","floor":7},{"not_picked":["Wild Strike","Twin Strike"],"picked":"Feel No Pain","floor":8},{"not_picked":["Second Wind","Havoc"],"picked":"Juggernaut","floor":11},{"not_picked":["Brutality","Juggernaut"],"picked":"Offering","floor":16},{"not_picked":["Perfected Strike","Thunderclap","Metallicize"],"picked":"SKIP","floor":18},{"not_picked":["Clash","Headbutt"],"picked":"Warcry","floor":19},{"not_picked":["Perfected Strike","Infernal Blade","Blood for Blood"],"picked":"SKIP","floor":21},{"not_picked":["Dual Wield","Hemokinesis"],"picked":"Shrug It Off","floor":25},{"not_picked":["Armaments","Blood for Blood","Pummel"],"picked":"SKIP","floor":28},{"not_picked":["Havoc+1","Pommel Strike"],"picked":"Corruption","floor":29},{"not_picked":["Perfected Strike","Uppercut"],"picked":"Shrug It Off","floor":30}],"player_experience":729879,"relics_obtained":[{"floor":7,"key":"Omamori"},{"floor":9,"key":"Blood Vial"},{"floor":11,"key":"Boot"},{"floor":24,"key":"Mercury Hourglass"},{"floor":25,"key":"Potion Belt"},{"floor":26,"key":"Nunchaku"},{"floor":30,"key":"Question Card"}],"event_choices":[{"cards_removed":["Writhe"],"damage_healed":0,"gold_gain":0,"player_choice":"Card Removal","damage_taken":0,"max_hp_gain":0,"max_hp_loss":0,"event_name":"The Cleric","floor":3,"gold_loss":75},{"damage_healed":0,"gold_gain":0,"player_choice":"Searched \u00271\u0027 times","damage_taken":0,"max_hp_gain":0,"max_hp_loss":0,"event_name":"Dead Adventurer","floor":11,"gold_loss":0},{"damage_healed":0,"gold_gain":0,"player_choice":"1 cards matched","damage_taken":0,"max_hp_gain":0,"max_hp_loss":0,"event_name":"Match and Keep!","floor":14,"gold_loss":0,"cards_obtained":["Disarm"]},{"damage_healed":0,"gold_gain":0,"cards_transformed":["Strike_R","Perfected Strike"],"player_choice":"Became Test Subject","damage_taken":0,"max_hp_gain":0,"max_hp_loss":0,"event_name":"Drug Dealer","floor":20,"gold_loss":0,"cards_obtained":["Entrench","Headbutt"]}],"is_beta":false,"boss_relics":[{"not_picked":["Cursed Key","Lizard Tail"],"picked":"Astrolabe"}],"items_purged_floors":[12],"is_endless":false,"potions_floor_spawned":[2,4,7,19,28,29],"killed_by":"Champ","ascension_level":20}