{"gold_per_floor":[115,131,151,171,171,171,205,51,76,76],"floor_reached":10,"playtime":376,"items_purged":["Strike_R"],"score":126,"play_id":"89cc4448-8c21-4687-b72d-e3d466238cd2","local_time":"20190215024600","is_ascension_mode":true,"campfire_choices":[{"data":"Pommel Strike","floor":6,"key":"SMITH"}],"neow_cost":"NONE","seed_source_timestamp":42226607510989,"circlet_count":0,"master_deck":["AscendersBane","Strike_R","Strike_R","Strike_R","Strike_R","Defend_R","Defend_R","Defend_R","Defend_R","Bash","Headbutt","Corruption+1","Pommel Strike+1","Limit Break","Inflame"],"relics":["Burning Blood","Pen Nib","Ancient Tea Set","Regal Pillow"],"potions_floor_usage":[4,7,10],"damage_taken":[{"damage":7,"enemies":"2 Louse","floor":1,"turns":3},{"damage":1,"enemies":"Cultist","floor":2,"turns":3},{"damage":9,"enemies":"Jaw Worm","floor":3,"turns":4},{"damage":2,"enemies":"2 Fungi Beasts","floor":4,"turns":4},{"damage":35,"enemies":"3 Sentries","floor":7,"turns":8},{"damage":66,"enemies":"Lagavulin","floor":10,"turns":6}],"seed_played":"6977426375618404520","potions_obtained":[{"floor":2,"key":"Block Potion"},{"floor":4,"key":"Fire Potion"},{"floor":7,"key":"Regen Potion"}],"is_trial":false,"path_per_floor":["M","M","M","M","?","R","E","$","T","E"],"character_chosen":"IRONCLAD","items_purchased":["Inflame"],"campfire_rested":0,"item_purchase_floors":[8],"current_hp_per_floor":[67,72,69,73,73,73,44,44,44,0],"gold":76,"neow_bonus":"RANDOM_COMMON_RELIC","is_prod":false,"is_daily":false,"chose_seed":false,"campfire_upgraded":1,"win_rate":0,"timestamp":1550216760,"path_taken":["M","M","M","M","?","R","E","?","T","E"],"build_version":"2019-01-23","purchased_purges":1,"victory":false,"max_hp_per_floor":[75,75,75,75,75,75,75,75,75,75],"card_choices":[{"not_picked":["Wild Strike","Heavy Blade"],"picked":"Headbutt","floor":1},{"not_picked":["Rage","Warcry","Perfected Strike"],"picked":"SKIP","floor":2},{"not_picked":["Headbutt","Shrug It Off"],"picked":"Corruption","floor":3},{"not_picked":["Body Slam","Headbutt"],"picked":"Pommel Strike","floor":4},{"not_picked":["Havoc","Perfected Strike"],"picked":"Limit Break","floor":7}],"player_experience":290992,"relics_obtained":[{"floor":7,"key":"Ancient Tea Set"},{"floor":9,"key":"Regal Pillow"}],"event_choices":[{"damage_healed":0,"gold_gain":0,"player_choice":"Forge","damage_taken":0,"max_hp_gain":0,"max_hp_loss":0,"event_name":"Accursed Blacksmith","floor":5,"gold_loss":0,"cards_upgraded":["Corruption"]}],"is_beta":false,"boss_relics":[],"items_purged_floors":[8],"is_endless":false,"potions_floor_spawned":[2,4,7],"killed_by":"Lagavulin","ascension_level":17}