{"gold_per_floor":[118,118,20,31,31,63,81,81,81,104,134,161,173,202,214,297,309,332,378,665,693,57,57,57,71,126,137,137,170,170],"floor_reached":30,"playtime":1274,"items_purged":[],"score":503,"play_id":"1e7fb479-9163-4527-953f-d8e8fc85b485","local_time":"20190221022111","is_ascension_mode":true,"campfire_choices":[{"data":"Carnage","floor":8.0,"key":"SMITH"},{"data":"1","floor":13.0,"key":"LIFT"},{"floor":15.0,"key":"REST"},{"floor":23.0,"key":"REST"},{"data":"2","floor":28.0,"key":"LIFT"}],"neow_cost":"NONE","seed_source_timestamp":0,"circlet_count":0,"master_deck":["AscendersBane","Strike_R","Strike_R","Defend_R","Defend_R","Defend_R","Defend_R","Bash","Havoc","Shrug It Off","Corruption","Cleave","Carnage+1","Inflame","Body Slam","Anger","Battle Trance","Heavy Blade","Dark Embrace","Spot Weakness","Regret","Flame Barrier","Intimidate","Body Slam","Dual Wield","Doubt","Warcry"],"special_seed":0,"relics":["Burning Blood","Girya","Unceasing Top","Centennial Puzzle","MawBank","Cursed Key","Red Mask","Sling","Self Forming Clay","Tiny Chest","Dream Catcher"],"potions_floor_usage":[29,30],"damage_taken":[{"damage":4.0,"enemies":"Small Slimes","floor":1.0,"turns":4.0},{"damage":0.0,"enemies":"2 Louse","floor":4.0,"turns":3.0},{"damage":29.0,"enemies":"3 Sentries","floor":6.0,"turns":8.0},{"damage":1.0,"enemies":"Cultist","floor":7.0,"turns":3.0},{"damage":11.0,"enemies":"Gremlin Nob","floor":11.0,"turns":3.0},{"damage":9.0,"enemies":"Exordium Thugs","floor":12.0,"turns":4.0},{"damage":19.0,"enemies":"Exordium Wildlife","floor":14.0,"turns":3.0},{"damage":34.0,"enemies":"The Guardian","floor":16.0,"turns":11.0},{"damage":23.0,"enemies":"3 Byrds","floor":18.0,"turns":6.0},{"damage":12.0,"enemies":"Masked Bandits","floor":19.0,"turns":4.0},{"damage":0.0,"enemies":"Spheric Guardian","floor":21.0,"turns":3.0},{"damage":11.0,"enemies":"Snecko","floor":25.0,"turns":3.0},{"damage":22.0,"enemies":"Centurion and Healer","floor":27.0,"turns":5.0},{"damage":39,"enemies":"Book of Stabbing","floor":29,"turns":5},{"damage":18,"enemies":"Snake Plant","floor":30,"turns":3}],"seed_played":"1065240325041023809","potions_obtained":[{"floor":6.0,"key":"Ancient Potion"},{"floor":11.0,"key":"SkillPotion"},{"floor":12.0,"key":"Dexterity Potion"},{"floor":19.0,"key":"GamblersBrew"},{"floor":25.0,"key":"Ancient Potion"}],"is_trial":false,"path_per_floor":["M","?","$","M","?","E","M","R","T","T","E","M","R","M","R","B",null,"M","?","?","M","$","R","?","M","T","M","R","E","M"],"character_chosen":"IRONCLAD","items_purchased":["Corruption","Cleave","Sling","Self Forming Clay","Intimidate","Body Slam","Dexterity Potion"],"campfire_rested":2,"item_purchase_floors":[3,3,22,22,22,22,22],"current_hp_per_floor":[70,63,63,69,69,46,51,51,51,51,46,43,43,30,52,24,62,45,39,39,45,45,67,67,62,62,46,46,13,0],"gold":170,"neow_bonus":"TRANSFORM_CARD","is_prod":false,"is_daily":false,"chose_seed":false,"campfire_upgraded":1,"win_rate":0,"timestamp":1550733671,"path_taken":["M","?","$","M","?","E","?","R","T","?","E","M","R","M","R","BOSS","M","?","?","?","$","R","?","?","T","M","R","E","M"],"build_version":"2019-01-23","purchased_purges":0,"victory":false,"max_hp_per_floor":[75,75,75,75,75,75,75,75,75,75,75,75,75,75,75,75,75,75,75,75,75,75,75,75,75,75,75,75,75,75],"card_choices":[{"not_picked":["Inflame","Pommel Strike"],"picked":"Shrug It Off","floor":1.0},{"not_picked":["Evolve","Clash"],"picked":"Carnage","floor":4.0},{"not_picked":["Flex","Twin Strike"],"picked":"Inflame","floor":6.0},{"not_picked":["Heavy Blade","Warcry"],"picked":"Body Slam","floor":7.0},{"not_picked":["Blood for Blood","Uppercut"],"picked":"Anger","floor":11.0},{"not_picked":["Combust","Fire Breathing"],"picked":"Battle Trance","floor":12.0},{"not_picked":["Second Wind","Headbutt"],"picked":"Heavy Blade","floor":14.0},{"not_picked":["Bludgeon","Fiend Fire"],"picked":"Dark Embrace","floor":16.0},{"not_picked":["Sword Boomerang","Cleave"],"picked":"Spot Weakness","floor":18.0},{"not_picked":["Second Wind","Anger"],"picked":"Flame Barrier","floor":21.0},{"not_picked":["Thunderclap+1","Sword Boomerang","Perfected Strike"],"picked":"SKIP","floor":25.0},{"not_picked":["Power Through","Cleave"],"picked":"Warcry","floor":27.0},{"not_picked":["Perfected Strike","Bloodletting","Body Slam"],"picked":"SKIP","floor":29}],"player_experience":317442,"relics_obtained":[{"floor":6.0,"key":"Girya"},{"floor":9.0,"key":"Unceasing Top"},{"floor":10.0,"key":"Centennial Puzzle"},{"floor":11.0,"key":"MawBank"},{"floor":19.0,"key":"Red Mask"},{"floor":26.0,"key":"Tiny Chest"},{"floor":29,"key":"Dream Catcher"}],"event_choices":[{"cards_removed":["Strike_R"],"damage_healed":0.0,"max_hp_gain":0.0,"max_hp_loss":0.0,"gold_gain":0.0,"event_name":"Golden Wing","player_choice":"Card Removal","floor":2.0,"gold_loss":0.0,"damage_taken":7.0},{"damage_healed":0.0,"max_hp_gain":0.0,"max_hp_loss":0.0,"gold_gain":0.0,"event_name":"FaceTrader","player_choice":"Leave","floor":5.0,"gold_loss":0.0,"damage_taken":0.0},{"damage_healed":0.0,"max_hp_gain":0.0,"max_hp_loss":0.0,"gold_gain":0.0,"event_name":"Masked Bandits","player_choice":"Fought Bandits","floor":19.0,"gold_loss":0.0,"damage_taken":0.0},{"damage_healed":0.0,"max_hp_gain":0.0,"max_hp_loss":0.0,"gold_gain":275.0,"event_name":"Golden Shrine","player_choice":"Desecrate","floor":20.0,"gold_loss":0.0,"damage_taken":0.0,"cards_obtained":["Regret"]},{"damage_healed":0.0,"max_hp_gain":0.0,"max_hp_loss":0.0,"gold_gain":0.0,"cards_transformed":["Strike_R"],"event_name":"Transmorgrifier","player_choice":"Transformed","floor":24.0,"gold_loss":0.0,"damage_taken":0.0,"cards_obtained":["Dual Wield"]}],"is_beta":false,"boss_relics":[{"not_picked":["Black Blood","Runic Cube"],"picked":"Cursed Key"}],"items_purged_floors":[],"is_endless":false,"potions_floor_spawned":[6,11,12,14,19,25,27],"killed_by":"Snake Plant","ascension_level":19}