{"gold_per_floor":[113,127,143,163,182,217,235,235,235,235,252,266,266,279,279,279],"floor_reached":16,"playtime":2111,"items_purged":[],"score":108,"play_id":"6f23dcb8-c8fe-4c7f-8f4f-cbb426ece3c3","local_time":"20190810202643","is_ascension_mode":false,"campfire_choices":[{"floor":8,"key":"REST"},{"floor":10,"key":"REST"},{"data":"Burst","floor":13,"key":"SMITH"},{"data":"Infinite Blades","floor":15,"key":"SMITH"}],"neow_cost":"NONE","seed_source_timestamp":545068100174000,"circlet_count":0,"master_deck":["Strike_G","Strike_G","Strike_G","Strike_G","Strike_G","Defend_G","Defend_G","Defend_G","Defend_G","Defend_G","Survivor","Neutralize","Infinite Blades+1","Backflip","Predator","Dash","Tools of the Trade","Burst+1","Poisoned Stab","Heel Hook","Escape Plan","Finisher"],"relics":["Ring of the Snake","NeowsBlessing","PreservedInsect","Pantograph"],"potions_floor_usage":[6,16,16,16],"damage_taken":[{"damage":0,"enemies":"Cultist","floor":1,"turns":1},{"damage":0,"enemies":"Small Slimes","floor":2,"turns":1},{"damage":0,"enemies":"Jaw Worm","floor":3,"turns":1},{"damage":16,"enemies":"Red Slaver","floor":4,"turns":5},{"damage":0,"enemies":"Looter","floor":5,"turns":4},{"damage":34,"enemies":"Lagavulin","floor":6,"turns":10},{"damage":6,"enemies":"3 Louse","floor":7,"turns":4},{"damage":2,"enemies":"Exordium Thugs","floor":11,"turns":4},{"damage":10,"enemies":"Gremlin Gang","floor":12,"turns":5},{"damage":0,"enemies":"2 Fungi Beasts","floor":14,"turns":4},{"damage":69,"enemies":"Hexaghost","floor":16,"turns":11}],"seed_played":"2528844465957636471","potions_obtained":[{"floor":2,"key":"Weak Potion"},{"floor":4,"key":"FearPotion"},{"floor":6,"key":"EssenceOfSteel"},{"floor":7,"key":"GhostInAJar"}],"is_trial":false,"path_per_floor":["M","M","M","M","M","E","M","R","T","R","M","M","R","M","R","B"],"character_chosen":"THE_SILENT","items_purchased":[],"campfire_rested":2,"item_purchase_floors":[],"current_hp_per_floor":[70,70,70,54,54,20,14,35,35,56,54,44,44,44,44,0],"gold":279,"neow_bonus":"THREE_ENEMY_KILL","is_prod":false,"is_daily":false,"chose_seed":false,"campfire_upgraded":2,"win_rate":0.0,"timestamp":1565461603,"path_taken":["M","M","M","?","M","E","?","R","T","R","M","?","R","M","R","BOSS"],"build_version":"2019-07-17","purchased_purges":0,"victory":false,"max_hp_per_floor":[70,70,70,70,70,70,70,70,70,70,70,70,70,70,70,70],"card_choices":[{"not_picked":["Prepared","Underhanded Strike"],"picked":"Infinite Blades","floor":1},{"not_picked":["Eviscerate","Reflex"],"picked":"Backflip","floor":2},{"not_picked":["Dagger Spray","Blade Dance"],"picked":"Predator","floor":3},{"not_picked":["Leg Sweep","Acrobatics"],"picked":"Dash","floor":4},{"not_picked":["PiercingWail","Dodge and Roll"],"picked":"Tools of the Trade","floor":5},{"not_picked":["Heel Hook","Venomology"],"picked":"Burst","floor":6},{"not_picked":["Blade Dance","PiercingWail"],"picked":"Poisoned Stab","floor":7},{"not_picked":["Poisoned Stab","Prepared"],"picked":"Heel Hook","floor":11},{"not_picked":["PiercingWail","Riddle With Holes"],"picked":"Escape Plan","floor":12},{"not_picked":["Endless Agony","Heel Hook"],"picked":"Finisher","floor":14}],"player_experience":19156,"relics_obtained":[{"floor":6,"key":"PreservedInsect"},{"floor":9,"key":"Pantograph"}],"event_choices":[],"is_beta":false,"boss_relics":[],"items_purged_floors":[],"is_endless":false,"potions_floor_spawned":[2,4,6,7,11,12],"killed_by":"Hexaghost","ascension_level":0}