{"gold_per_floor":[115,115,115,40,53,84,147,147,447,462,479,19,31,31,31,31],"floor_reached":16,"playtime":733,"items_purged":["Strike_G","Strike_G"],"score":231,"play_id":"fc6c57af-4057-418f-94a4-f26785b33d1e","local_time":"20190804233724","is_ascension_mode":true,"campfire_choices":[{"data":"Neutralize","floor":8,"key":"SMITH"},{"floor":15,"key":"REST"}],"neow_cost":"NONE","seed_source_timestamp":166499608401900,"circlet_count":0,"master_deck":["AscendersBane","Strike_G+1","Strike_G","Strike_G","Defend_G","Defend_G","Defend_G","Defend_G+1","Defend_G","Survivor","Neutralize+1","Dagger Throw","Bouncing Flask","Flying Knee","Dash","Backflip","Secret Technique","Sucker Punch"],"relics":["Ring of the Snake","NeowsBlessing","Pantograph","Oddly Smooth Stone","Old Coin","Bronze Scales","Ninja Scroll"],"potions_floor_usage":[7,11],"damage_taken":[{"damage":0,"enemies":"Small Slimes","floor":1,"turns":1},{"damage":0,"enemies":"2 Louse","floor":5,"turns":1},{"damage":0,"enemies":"Gremlin Nob","floor":6,"turns":1},{"damage":31,"enemies":"3 Sentries","floor":7,"turns":12},{"damage":11,"enemies":"Jaw Worm","floor":10,"turns":5},{"damage":0,"enemies":"Large Slime","floor":11,"turns":4},{"damage":0,"enemies":"Looter","floor":13,"turns":3},{"damage":68,"enemies":"Slime Boss","floor":16,"turns":11}],"seed_played":"6174630038270477578","potions_obtained":[{"floor":6,"key":"GamblersBrew"},{"floor":10,"key":"AttackPotion"}],"is_trial":false,"path_per_floor":["M","?","?","$","M","E","?","R","T","M","M","$","M","T","R","B"],"character_chosen":"THE_SILENT","items_purchased":["Bronze Scales","Secret Technique"],"campfire_rested":1,"item_purchase_floors":[12,12],"current_hp_per_floor":[59,39,61,61,61,61,30,30,30,19,19,19,19,19,38,0],"gold":31,"neow_bonus":"THREE_ENEMY_KILL","is_prod":false,"is_daily":false,"chose_seed":false,"campfire_upgraded":1,"win_rate":0,"timestamp":1564929444,"path_taken":["M","?","?","?","M","E","?","R","T","M","M","$","M","?","R","BOSS"],"build_version":"2019-07-17","purchased_purges":2,"victory":false,"max_hp_per_floor":[66,66,66,66,66,66,66,66,66,66,66,66,66,66,66,66],"card_choices":[{"not_picked":["Underhanded Strike","Setup","Outmaneuver"],"picked":"SKIP","floor":1},{"not_picked":["Dagger Throw","Blade Dance","Infinite Blades"],"picked":"SKIP","floor":5},{"not_picked":["Blade Dance","Infinite Blades"],"picked":"Dagger Throw","floor":5},{"not_picked":["Night Terror","Deflect"],"picked":"Bouncing Flask","floor":6},{"not_picked":["Underhanded Strike","Bane"],"picked":"Flying Knee","floor":7},{"not_picked":["Deadly Poison","Infinite Blades"],"picked":"Dash","floor":10},{"not_picked":["Deadly Poison","Finisher"],"picked":"Backflip","floor":11},{"not_picked":["Riddle With Holes","Cloak And Dagger"],"picked":"Sucker Punch","floor":13}],"player_experience":571991,"relics_obtained":[{"floor":6,"key":"Pantograph"},{"floor":7,"key":"Oddly Smooth Stone"},{"floor":9,"key":"Old Coin"},{"floor":14,"key":"Ninja Scroll"}],"event_choices":[{"damage_healed":0,"gold_gain":0,"player_choice":"Entered Light","damage_taken":20,"max_hp_gain":0,"max_hp_loss":0,"event_name":"Shining Light","floor":2,"gold_loss":0,"cards_upgraded":["Strike_G","Defend_G"]},{"damage_healed":22,"gold_gain":0,"player_choice":"Banana","damage_taken":0,"max_hp_gain":0,"max_hp_loss":0,"event_name":"Big Fish","floor":3,"gold_loss":0},{"damage_healed":0,"gold_gain":0,"player_choice":"Searched \u00272\u0027 times","damage_taken":0,"max_hp_gain":0,"max_hp_loss":0,"event_name":"Dead Adventurer","floor":7,"gold_loss":0}],"is_beta":false,"boss_relics":[],"items_purged_floors":[4,12],"is_endless":false,"potions_floor_spawned":[6,10],"killed_by":"Slime Boss","ascension_level":17}