{"gold_per_floor":[119,138,150,167,184,184,209,209,209,239,252,278,248,277,277,374,374,386,396,396],"floor_reached":20,"playtime":1322,"items_purged":[],"score":304,"play_id":"57af83b9-6e6d-44f6-b3e1-bbe3705cb189","local_time":"20190728235349","is_ascension_mode":true,"campfire_choices":[{"data":"Neutralize","floor":6,"key":"SMITH"},{"floor":8,"key":"REST"},{"floor":15,"key":"REST"}],"neow_cost":"NONE","seed_source_timestamp":255166828106400,"circlet_count":0,"master_deck":["AscendersBane","Strike_G","Strike_G","Strike_G","Strike_G","Strike_G","Defend_G","Defend_G","Defend_G","Defend_G","Defend_G","Survivor","Neutralize+1","PiercingWail","Well Laid Plans","Bouncing Flask","All Out Attack","Adrenaline","Caltrops","Catalyst","All Out Attack","Burst","Escape Plan","Noxious Fumes"],"relics":["Ring of the Snake","Centennial Puzzle","Meat on the Bone","Boot","Smiling Mask","Ornamental Fan","Matryoshka","Fusion Hammer"],"potions_floor_usage":[7,12,14,14,14,16,16,18],"damage_taken":[{"damage":0,"enemies":"Jaw Worm","floor":1,"turns":5},{"damage":8,"enemies":"2 Louse","floor":2,"turns":3},{"damage":0,"enemies":"Cultist","floor":3,"turns":5},{"damage":5,"enemies":"Large Slime","floor":4,"turns":6},{"damage":1,"enemies":"Blue Slaver","floor":5,"turns":5},{"damage":29,"enemies":"3 Sentries","floor":7,"turns":9},{"damage":5,"enemies":"2 Fungi Beasts","floor":11,"turns":3},{"damage":7,"enemies":"Gremlin Nob","floor":12,"turns":4},{"damage":15,"enemies":"3 Sentries","floor":14,"turns":6},{"damage":5,"enemies":"Hexaghost","floor":16,"turns":9},{"damage":21,"enemies":"2 Thieves","floor":18,"turns":3},{"damage":24,"enemies":"Spheric Guardian","floor":19,"turns":5},{"damage":35,"enemies":"Masked Bandits","floor":20,"turns":3}],"seed_played":"2319947759140371776","potions_obtained":[{"floor":2,"key":"GamblersBrew"},{"floor":5,"key":"PowerPotion"},{"floor":7,"key":"Block Potion"},{"floor":13,"key":"EntropicBrew"},{"floor":14,"key":"SteroidPotion"},{"floor":16,"key":"Swift Potion"}],"is_trial":false,"path_per_floor":["M","M","M","M","M","R","E","R","T","?","M","E","?","E","R","B",null,"M","M","?"],"character_chosen":"THE_SILENT","items_purchased":[],"campfire_rested":2,"item_purchase_floors":[],"current_hp_per_floor":[63,55,55,50,49,49,20,41,41,41,36,41,41,38,59,54,66,45,33,0],"gold":396,"neow_bonus":"RANDOM_COMMON_RELIC","is_prod":false,"is_daily":false,"chose_seed":false,"campfire_upgraded":1,"win_rate":0,"timestamp":1564325629,"path_taken":["M","M","M","M","M","R","E","R","T","?","M","E","?","E","R","BOSS","M","?","?"],"build_version":"2019-07-17","purchased_purges":0,"victory":false,"max_hp_per_floor":[70,70,70,70,70,70,70,70,70,70,70,70,70,70,70,70,70,70,70,70],"card_choices":[{"not_picked":["Slice","Backflip"],"picked":"PiercingWail","floor":1},{"not_picked":["Deadly Poison","Slice"],"picked":"Well Laid Plans","floor":2},{"not_picked":["Slice","Finisher"],"picked":"Bouncing Flask","floor":3},{"not_picked":["Prepared","Accuracy","Tactician"],"picked":"SKIP","floor":4},{"not_picked":["Deflect","Accuracy"],"picked":"All Out Attack","floor":5},{"not_picked":["Deflect","Outmaneuver"],"picked":"Adrenaline","floor":7},{"not_picked":["Well Laid Plans","Cloak And Dagger"],"picked":"Caltrops","floor":11},{"not_picked":["Slice","Flying Knee"],"picked":"Catalyst","floor":12},{"not_picked":["Well Laid Plans","Backflip"],"picked":"All Out Attack","floor":14},{"not_picked":["Grand Finale","A Thousand Cuts"],"picked":"Burst","floor":16},{"not_picked":["Dodge and Roll","Deflect"],"picked":"Escape Plan","floor":18},{"not_picked":["Prepared","Deflect"],"picked":"Noxious Fumes","floor":19}],"player_experience":498984,"relics_obtained":[{"floor":7,"key":"Meat on the Bone"},{"floor":9,"key":"Boot"},{"floor":12,"key":"Ornamental Fan"},{"floor":14,"key":"Matryoshka"}],"event_choices":[{"damage_healed":0,"gold_gain":30,"player_choice":"Searched \u00272\u0027 times","damage_taken":0,"relics_obtained":["Smiling Mask"],"max_hp_gain":0,"max_hp_loss":0,"event_name":"Dead Adventurer","floor":10,"gold_loss":0},{"damage_healed":0,"gold_gain":0,"player_choice":"Bought 2 Potions","damage_taken":0,"max_hp_gain":0,"max_hp_loss":0,"event_name":"The Woman in Blue","floor":13,"gold_loss":0},{"damage_healed":0,"gold_gain":0,"player_choice":"Fought Bandits","damage_taken":0,"max_hp_gain":0,"max_hp_loss":0,"event_name":"Masked Bandits","floor":20,"gold_loss":0}],"is_beta":false,"boss_relics":[{"not_picked":["WristBlade","White Beast Statue"],"picked":"Fusion Hammer"}],"items_purged_floors":[],"is_endless":false,"potions_floor_spawned":[2,5,7,11,14,16],"killed_by":"Masked Bandits","ascension_level":11}