{"gold_per_floor":[117,130,143,154,154,154,165,165,214,214,224,174,174,192,192,291,291,307,79,99,99,109,109,144,159,182,132,148,204,230,200,200,299,299,317,317,337,90,90,90,105,117,117,117,117,144,144],"floor_reached":47,"playtime":4907,"items_purged":["Defend_B","Defend_B","Defend_B"],"score":613,"play_id":"cec414c8-96b6-4fea-9ad7-74ce59498577","local_time":"20181031004450","is_ascension_mode":false,"campfire_choices":[{"data":"Streamline","floor":6,"key":"SMITH"},{"data":"Conserve Battery","floor":8,"key":"SMITH"},{"data":"Ball Lightning","floor":10,"key":"SMITH"},{"floor":15,"key":"REST"},{"data":"Glacier","floor":23,"key":"SMITH"},{"data":"Echo Form","floor":32,"key":"SMITH"},{"data":"Consume","floor":40,"key":"SMITH"},{"data":"Ghostly","floor":44,"key":"SMITH"}],"neow_cost":"CURSE","seed_source_timestamp":1214841512345353,"circlet_count":0,"master_deck":["Defend_B","Zap","Dualcast","Forethought","Streamline+1","Consume+1","Conserve Battery+1","Leap","Ball Lightning+1","Seek","Conserve Battery","Echo Form+1","Genetic Algorithm+1","Jack Of All Trades+1","Biased Cognition+1","Cold Snap","Cold Snap","Ghostly+1","Ghostly","Ghostly","Ghostly","Ghostly","Glacier+1","Auto Shields","Hologram","Self Repair","Machine Learning","Buffer","Parasite","Turbo+1","Echo Form+1","Defragment+1"],"relics":["Cracked Core","Spirit Poop","Orichalcum","Meat on the Bone","Astrolabe","PreservedInsect","Gremlin Horn","Smiling Mask","Bronze Scales","Black Star","Runic Capacitor","Ginger","Mercury Hourglass","Blue Candle"],"potions_floor_usage":[16,16,20,28,30,33,46],"damage_taken":[{"damage":2,"enemies":"2 Louse","floor":1,"turns":3},{"damage":1,"enemies":"Cultist","floor":2,"turns":3},{"damage":5,"enemies":"Small Slimes","floor":3,"turns":3},{"damage":7,"enemies":"2 Fungi Beasts","floor":4,"turns":3},{"damage":10,"enemies":"Blue Slaver","floor":7,"turns":3},{"damage":6,"enemies":"Large Slime","floor":11,"turns":5},{"damage":8,"enemies":"Lots of Slimes","floor":14,"turns":5},{"damage":37,"enemies":"The Guardian","floor":16,"turns":11},{"damage":31,"enemies":"Spheric Guardian","floor":18,"turns":6},{"damage":21,"enemies":"2 Thieves","floor":20,"turns":4},{"damage":0,"enemies":"Shelled Parasite and Fungi","floor":22,"turns":7},{"damage":19,"enemies":"Book of Stabbing","floor":24,"turns":7},{"damage":7,"enemies":"Snake Plant","floor":25,"turns":5},{"damage":27,"enemies":"Cultist and Chosen","floor":28,"turns":10},{"damage":2,"enemies":"Centurion and Healer","floor":29,"turns":6},{"damage":0,"enemies":"Slavers","floor":30,"turns":5},{"damage":0,"enemies":"Champ","floor":33,"turns":13},{"damage":4,"enemies":"Orb Walker","floor":35,"turns":6},{"damage":13,"enemies":"3 Shapes","floor":37,"turns":4},{"damage":0,"enemies":"Sphere and 2 Shapes","floor":41,"turns":8},{"damage":10,"enemies":"Writhing Mass","floor":42,"turns":8},{"damage":0,"enemies":"Reptomancer","floor":46,"turns":7},{"damage":71,"enemies":"2 Orb Walkers","floor":47,"turns":6}],"seed_played":"2734606950996023610","potions_obtained":[{"floor":2,"key":"EssenceOfSteel"},{"floor":3,"key":"Energy Potion"},{"floor":14,"key":"Weak Potion"},{"floor":24,"key":"Explosive Potion"},{"floor":28,"key":"FocusPotion"},{"floor":30,"key":"PowerPotion"},{"floor":31,"key":"SpeedPotion"},{"floor":31,"key":"FairyPotion"},{"floor":33,"key":"Strength Potion"},{"floor":37,"key":"Poison Potion"},{"floor":46,"key":"SteroidPotion"}],"is_trial":false,"path_per_floor":["M","M","M","M","?","R","M","R","T","R","M","?","T","M","R","B",null,"M","$","M","?","M","R","E","M","T","$","M","M","E","?","R","B",null,"M","?","M","$","?","R","M","M","T","R","?","E"],"character_chosen":"DEFECT","items_purchased":["PreservedInsect","Runic Capacitor"],"campfire_rested":1,"item_purchase_floors":[19,38],"current_hp_per_floor":[73,72,67,60,60,60,50,50,50,50,44,44,44,48,69,44,72,41,41,32,32,32,32,25,30,30,30,15,25,32,32,32,36,36,36,36,30,30,30,30,36,33,33,33,33,33,0],"gold":144,"neow_bonus":"RANDOM_COLORLESS_2","is_prod":false,"is_daily":false,"chose_seed":false,"campfire_upgraded":7,"win_rate":0,"timestamp":1540971890,"path_taken":["M","M","M","M","?","R","M","R","T","R","M","?","?","M","R","BOSS","M","$","M","?","M","R","E","M","T","$","M","M","E","?","R","BOSS","M","?","M","$","?","R","?","M","T","R","?","E","?"],"build_version":"2018-10-25v2","purchased_purges":3,"victory":false,"max_hp_per_floor":[75,75,75,75,72,72,72,72,72,72,72,72,72,72,72,72,72,72,72,72,36,36,36,36,36,36,36,36,36,36,36,36,36,36,36,36,36,36,36,36,36,36,36,36,36,36,36],"card_choices":[{"not_picked":["Cold Snap","Sweeping Beam"],"picked":"Streamline","floor":1},{"not_picked":["Hologram","Rebound"],"picked":"Consume","floor":2},{"not_picked":["Stack","Turbo"],"picked":"Conserve Battery","floor":3},{"not_picked":["Compile Driver","Barrage"],"picked":"Leap","floor":4},{"not_picked":["Recycle","Rebound"],"picked":"Ball Lightning","floor":7},{"not_picked":["Compile Driver","Barrage"],"picked":"Seek","floor":11},{"not_picked":["Compile Driver","Redo"],"picked":"Conserve Battery","floor":14},{"not_picked":["Creative AI","Buffer"],"picked":"Echo Form","floor":16},{"not_picked":["Hello World","Barrage"],"picked":"Cold Snap","floor":18},{"not_picked":["Leap","FTL"],"picked":"Cold Snap","floor":20},{"not_picked":["Steam Power+1","FTL"],"picked":"Glacier","floor":22},{"not_picked":["Conserve Battery","Rebound"],"picked":"Auto Shields","floor":24},{"not_picked":["Redo+1","Steam","Scrape"],"picked":"SKIP","floor":25},{"not_picked":["Scrape","Rip and Tear+1"],"picked":"Hologram","floor":28},{"not_picked":["Gash","Scrape"],"picked":"Self Repair","floor":29},{"not_picked":["Darkness","Hologram+1"],"picked":"Machine Learning","floor":30},{"not_picked":["Thunder Strike","Multi-Cast"],"picked":"Buffer","floor":33},{"not_picked":["Ball Lightning","Gash+1","Beam Cell"],"picked":"SKIP","floor":35},{"not_picked":["Sweeping Beam+1","Beam Cell+1","Cold Snap"],"picked":"SKIP","floor":37},{"not_picked":["Coolheaded","Hologram","Ball Lightning+1"],"picked":"SKIP","floor":41},{"not_picked":["Barrage+1","Doom and Gloom+1"],"picked":"Turbo+1","floor":42},{"not_picked":["Ball Lightning","Compile Driver"],"picked":"Defragment+1","floor":46}],"player_experience":205136,"relics_obtained":[{"floor":9,"key":"Orichalcum"},{"floor":13,"key":"Meat on the Bone"},{"floor":24,"key":"Gremlin Horn"},{"floor":26,"key":"Smiling Mask"},{"floor":30,"key":"Bronze Scales"},{"floor":43,"key":"Ginger"},{"floor":46,"key":"Mercury Hourglass"},{"floor":46,"key":"Blue Candle"}],"event_choices":[{"cards_removed":["Parasite"],"damage_healed":0,"gold_gain":0,"player_choice":"Offered Curse","damage_taken":0,"relics_obtained":["Spirit Poop"],"max_hp_gain":0,"max_hp_loss":0,"event_name":"Bonfire Elementals","floor":5,"gold_loss":0},{"cards_removed":["Strike_B"],"damage_healed":0,"gold_gain":0,"player_choice":"Card Removal","damage_taken":0,"max_hp_gain":0,"max_hp_loss":0,"event_name":"The Cleric","floor":12,"gold_loss":50},{"damage_healed":0,"gold_gain":0,"player_choice":"Became a Ghost","damage_taken":0,"max_hp_gain":0,"max_hp_loss":36,"event_name":"Ghosts","floor":21,"gold_loss":0,"cards_obtained":["Ghostly","Ghostly","Ghostly","Ghostly","Ghostly"]},{"damage_healed":0,"gold_gain":0,"player_choice":"Bought 2 Potions","damage_taken":0,"max_hp_gain":0,"max_hp_loss":0,"event_name":"The Woman in Blue","floor":31,"gold_loss":0},{"cards_removed":["Strike_B"],"damage_healed":0,"gold_gain":0,"player_choice":"Purged","damage_taken":0,"max_hp_gain":0,"max_hp_loss":0,"event_name":"Purifier","floor":36,"gold_loss":0},{"damage_healed":0,"gold_gain":0,"player_choice":"Memory 1","damage_taken":0,"max_hp_gain":0,"max_hp_loss":0,"event_name":"SensoryStone","floor":39,"gold_loss":0},{"damage_healed":0,"gold_gain":0,"player_choice":"Copied","damage_taken":0,"max_hp_gain":0,"max_hp_loss":0,"event_name":"Duplicator","floor":45,"gold_loss":0,"cards_obtained":["Echo Form"]},{"damage_healed":0,"gold_gain":0,"player_choice":"Fight","damage_taken":0,"max_hp_gain":0,"max_hp_loss":0,"event_name":"Mysterious Sphere","floor":47,"gold_loss":0}],"is_beta":false,"boss_relics":[{"not_picked":["Tiny House","Busted Crown"],"picked":"Astrolabe"},{"not_picked":["White Beast Statue","Eternal Feather"],"picked":"Black Star"}],"items_purged_floors":[19,27,38],"is_endless":false,"potions_floor_spawned":[2,3,14,24,28,30,33,37,46],"killed_by":"2 Orb Walkers","ascension_level":0}