{"gold_per_floor":[118,66,79,154,154,154,171,27,27,27,27,42,42,58,58,186,186,199,199,199,199],"floor_reached":21,"playtime":1199,"items_purged":[],"score":192,"play_id":"94a4a7dd-884e-48aa-bc88-e0247caaba9b","local_time":"20180920200124","is_ascension_mode":false,"campfire_choices":[{"data":"Shockwave","floor":6,"key":"SMITH"},{"floor":13,"key":"REST"},{"data":"Perfected Strike","floor":15,"key":"SMITH"}],"neow_cost":"NONE","seed_source_timestamp":118919639399994,"circlet_count":0,"master_deck":["Strike_R","Strike_R","Strike_R","Strike_R","Strike_R","Defend_R","Defend_R","Defend_R+1","Defend_R","Bash","Disarm","Headbutt","Twin Strike","Shockwave+1","Perfected Strike+1","Injury","Armaments","Perfected Strike+1","Fiend Fire","True Grit"],"relics":["Black Blood","Ancient Tea Set","Darkstone Periapt","Bloody Idol"],"potions_floor_usage":[12,14,20,21,21,21],"damage_taken":[{"damage":16,"enemies":"Cultist","floor":1,"turns":5},{"damage":3,"enemies":"2 Louse","floor":3,"turns":3},{"damage":7,"enemies":"Jaw Worm","floor":7,"turns":4},{"damage":0,"enemies":"3 Louse","floor":12,"turns":2},{"damage":1,"enemies":"Lots of Slimes","floor":14,"turns":2},{"damage":43,"enemies":"Hexaghost","floor":16,"turns":10},{"damage":15,"enemies":"Shell Parasite","floor":18,"turns":4},{"damage":29,"enemies":"Colosseum Slavers","floor":21,"turns":5},{"damage":79,"enemies":"Colosseum Nobs","floor":21,"turns":6}],"seed_played":"-4721582878540159066","potions_obtained":[{"floor":1,"key":"Explosive Potion"},{"floor":3,"key":"Energy Potion"},{"floor":12,"key":"Explosive Potion"},{"floor":18,"key":"Ancient Potion"},{"floor":20,"key":"Fruit Juice"},{"floor":20,"key":"EssenceOfSteel"}],"is_trial":false,"path_per_floor":["M","$","M","?","?","R","M","$","T","?","?","M","R","M","R","B",null,"M","?","?"],"character_chosen":"IRONCLAD","items_purchased":["Twin Strike","Ancient Tea Set"],"campfire_rested":1,"item_purchase_floors":[2,8],"current_hp_per_floor":[70,70,73,62,67,67,66,66,66,72,54,60,87,91,91,54,91,86,86,91,0],"gold":199,"neow_bonus":"THREE_CARDS","is_prod":false,"is_daily":false,"chose_seed":false,"campfire_upgraded":2,"win_rate":0.0,"timestamp":1537498884,"path_taken":["M","$","M","?","?","R","M","$","T","?","?","?","R","M","R","BOSS","M","?","?","?"],"build_version":"2018-09-20","purchased_purges":0,"victory":false,"max_hp_per_floor":[80,80,80,80,85,85,85,85,85,91,91,91,91,91,91,91,91,91,91,96,96],"card_choices":[{"not_picked":["Warcry","Clash"],"picked":"Disarm","floor":0},{"not_picked":["Battle Trance","Thunderclap"],"picked":"Headbutt","floor":1},{"not_picked":["Body Slam","Thunderclap"],"picked":"Shockwave","floor":3},{"not_picked":["True Grit","Entrench"],"picked":"Perfected Strike","floor":7},{"not_picked":["Limit Break","Rupture"],"picked":"Armaments","floor":12},{"not_picked":["Armaments","Shrug It Off"],"picked":"Perfected Strike","floor":14},{"not_picked":["Limit Break","Brutality"],"picked":"Fiend Fire","floor":16},{"not_picked":["Headbutt","Clothesline"],"picked":"True Grit","floor":18}],"player_experience":30469,"relics_obtained":[{"floor":9,"key":"Darkstone Periapt"}],"event_choices":[{"event_name":"World of Goop","player_choice":"Gather Gold","floor":4,"damage_taken":0},{"event_name":"Big Fish","player_choice":"Donut","floor":5,"damage_taken":0},{"event_name":"Golden Idol","player_choice":"Take Wound","floor":10,"damage_taken":0},{"event_name":"Shining Light","player_choice":"Entered Light","floor":11,"damage_taken":0},{"event_name":"Forgotten Altar","player_choice":"Gave Idol","floor":19,"damage_taken":0},{"event_name":"The Lab","player_choice":"Got Potions","floor":20,"damage_taken":0},{"event_name":"Colosseum","player_choice":"Fight","floor":21,"damage_taken":0},{"event_name":"Colosseum","player_choice":"Fought Nobs","floor":21,"damage_taken":0}],"is_beta":false,"boss_relics":[{"not_picked":["Lizard Tail","Busted Crown"],"picked":"Black Blood"}],"items_purged_floors":[],"is_endless":false,"potions_floor_spawned":[1,3,12,18],"killed_by":"Colosseum Nobs","ascension_level":0}