{"gold_per_floor":[118,21,36,55,20,49,49,49,124,124,141,141,241,257,257,361,361,372,55,75,89,102,102,116,134,187,187,219,236,236,249,249,349,349,359,51,51,64,74,74,74],"floor_reached":41,"playtime":1804,"items_purged":["Defend_B","Coolheaded"],"score":490,"play_id":"a8cbfe99-4bf1-4596-839f-a87276fd88da","local_time":"20190412201757","is_ascension_mode":true,"campfire_choices":[{"data":"Electrodynamics","floor":7,"key":"SMITH"},{"floor":10,"key":"REST"},{"data":"Zap","floor":12,"key":"SMITH"},{"data":"Consume","floor":15,"key":"SMITH"},{"data":"Capacitor","floor":23,"key":"SMITH"},{"data":"Cold Snap","floor":27,"key":"SMITH"},{"data":"Barrage","floor":30,"key":"SMITH"},{"floor":32,"key":"REST"},{"data":"Sunder","floor":40,"key":"SMITH"}],"neow_cost":"NONE","seed_source_timestamp":2438530170418,"circlet_count":0,"master_deck":["Strike_B","Strike_B","Defend_B","Zap+1","Dualcast","White Noise","Conserve Battery","Conserve Battery","Go for the Eyes","FTL","Electrodynamics+1","Capacitor+1","Consume+1","Biased Cognition","Beam Cell+1","BootSequence+1","BootSequence+1","Leap+1","Coolheaded","Coolheaded+1","Cold Snap+1","Sunder+1","Barrage+1","Creative AI","Self Repair"],"relics":["Cracked Core","NeowsBlessing","Regal Pillow","Question Card","Astrolabe","Pocketwatch","Boot","Singing Bowl","Inserter","Runic Capacitor"],"potions_floor_usage":[25,28,39,39,41],"damage_taken":[{"damage":0,"enemies":"Cultist","floor":1,"turns":1},{"damage":0,"enemies":"2 Louse","floor":3,"turns":1},{"damage":0,"enemies":"Small Slimes","floor":4,"turns":1},{"damage":30,"enemies":"Lagavulin","floor":6,"turns":7},{"damage":0,"enemies":"3 Louse","floor":11,"turns":2},{"damage":7,"enemies":"Exordium Thugs","floor":14,"turns":3},{"damage":0,"enemies":"Slime Boss","floor":16,"turns":5},{"damage":0,"enemies":"Chosen","floor":18,"turns":4},{"damage":0,"enemies":"2 Thieves","floor":20,"turns":2},{"damage":0,"enemies":"Snecko","floor":21,"turns":4},{"damage":0,"enemies":"Centurion and Healer","floor":22,"turns":6},{"damage":0,"enemies":"Snake Plant","floor":24,"turns":4},{"damage":0,"enemies":"Cultist and Chosen","floor":25,"turns":4},{"damage":17,"enemies":"Gremlin Leader","floor":28,"turns":5},{"damage":8,"enemies":"Centurion and Healer","floor":29,"turns":4},{"damage":7,"enemies":"Chosen and Byrds","floor":31,"turns":4},{"damage":6,"enemies":"Champ","floor":33,"turns":14},{"damage":5,"enemies":"Orb Walker","floor":35,"turns":4},{"damage":0,"enemies":"3 Shapes","floor":38,"turns":4},{"damage":22,"enemies":"Sphere and 2 Shapes","floor":39,"turns":4},{"damage":54,"enemies":"Reptomancer","floor":41,"turns":5}],"seed_played":"7959072718932695179","potions_obtained":[{"floor":6,"key":"Explosive Potion"},{"floor":14,"key":"SmokeBomb"},{"floor":20,"key":"Explosive Potion"},{"floor":25,"key":"Ancient Potion"},{"floor":33,"key":"Energy Potion"},{"floor":39,"key":"Block Potion"}],"is_trial":false,"path_per_floor":["M","$","M","M","$","E","R","?","T","R","M","R","?","M","R","B",null,"M","$","M","M","M","R","M","M","T","R","E","M","R","M","R","B",null,"M","$","?","M","M","R","E"],"character_chosen":"DEFECT","items_purchased":["Conserve Battery","FTL","Coolheaded","Pocketwatch","Runic Capacitor"],"campfire_rested":2,"item_purchase_floors":[2,5,19,19,36],"current_hp_per_floor":[75,75,75,75,75,45,45,38,38,75,75,75,75,68,68,68,75,75,75,75,75,75,75,75,75,75,75,58,50,50,45,77,71,77,74,74,74,76,54,54,0],"gold":74,"neow_bonus":"THREE_ENEMY_KILL","is_prod":false,"is_daily":false,"chose_seed":false,"campfire_upgraded":7,"win_rate":0,"timestamp":1555125477,"path_taken":["M","$","M","?","$","E","R","?","T","R","M","R","?","M","R","BOSS","M","$","M","M","M","R","M","?","T","R","E","M","R","M","R","BOSS","M","$","?","?","M","R","E"],"build_version":"2019-01-23","purchased_purges":2,"victory":false,"max_hp_per_floor":[75,75,75,75,75,75,75,75,75,75,75,75,75,75,75,75,75,75,75,75,75,75,75,75,75,75,75,75,75,75,77,77,77,77,79,79,79,81,81,81,81],"card_choices":[{"not_picked":["Go for the Eyes","Rebound"],"picked":"White Noise","floor":1},{"not_picked":["Rebound","Beam Cell"],"picked":"Conserve Battery","floor":3},{"not_picked":["Heatsinks","Darkness"],"picked":"Go for the Eyes","floor":4},{"not_picked":["Hologram","Amplify"],"picked":"Electrodynamics","floor":6},{"not_picked":["Auto Shields","Compile Driver","Leap"],"picked":"Capacitor","floor":11},{"not_picked":["Streamline","Go for the Eyes","Compile Driver"],"picked":"Consume","floor":14},{"not_picked":["Rainbow","Amplify","All For One"],"picked":"Biased Cognition","floor":16},{"not_picked":["Sweeping Beam+1","Tempest+1","Streamline"],"picked":"Leap+1","floor":18},{"not_picked":["Fission","Redo","Streamline"],"picked":"Steam","floor":20},{"not_picked":["BootSequence","Aggregate","FTL+1"],"picked":"Coolheaded","floor":21},{"not_picked":["Auto Shields","Rebound","Hologram"],"picked":"Coolheaded+1","floor":22},{"not_picked":["Turbo","Conserve Battery","Rebound"],"picked":"Cold Snap","floor":24},{"not_picked":["FTL+1","Steam Power","Stack","Rebound"],"picked":"SKIP","floor":25},{"not_picked":["Steam Power","Blizzard","Cold Snap"],"picked":"Sunder","floor":28},{"not_picked":["Streamline+1","Coolheaded","Stack"],"picked":"Barrage","floor":29},{"not_picked":["Turbo","Conserve Battery","Reinforced Body","Steam+1"],"picked":"Singing Bowl","floor":31},{"not_picked":["Meteor Strike","Hyperbeam","Electrodynamics"],"picked":"Creative AI","floor":33},{"not_picked":["Melter+1","Gash","Go for the Eyes+1","Hologram"],"picked":"Singing Bowl","floor":35},{"not_picked":["Heatsinks","Go for the Eyes+1","Ball Lightning","Streamline+1"],"picked":"Singing Bowl","floor":38},{"not_picked":["Consume+1","Glacier","Storm+1"],"picked":"Self Repair","floor":39}],"player_experience":528341,"relics_obtained":[{"floor":6,"key":"Regal Pillow"},{"floor":9,"key":"Question Card"},{"floor":26,"key":"Boot"},{"floor":28,"key":"Singing Bowl"}],"event_choices":[{"cards_removed":["Defend_B"],"damage_healed":0,"gold_gain":0,"player_choice":"Card Removal","damage_taken":7,"max_hp_gain":0,"max_hp_loss":0,"event_name":"Golden Wing","floor":8,"gold_loss":0},{"damage_healed":0,"gold_gain":100,"player_choice":"Pray","damage_taken":0,"max_hp_gain":0,"max_hp_loss":0,"event_name":"Golden Shrine","floor":13,"gold_loss":0},{"cards_removed":["Steam"],"damage_healed":0,"gold_gain":0,"player_choice":"Purged","damage_taken":0,"max_hp_gain":0,"max_hp_loss":0,"event_name":"Purifier","floor":37,"gold_loss":0}],"is_beta":false,"boss_relics":[{"not_picked":["Cursed Key","Black Star"],"picked":"Astrolabe"},{"not_picked":["Runic Dome","Calling Bell"],"picked":"Inserter"}],"items_purged_floors":[2,36],"is_endless":false,"potions_floor_spawned":[6,14,20,25,33,39],"killed_by":"Reptomancer","ascension_level":1}