{"gold_per_floor":[109,121,135,0,17,17,34,54,54,54,83,110,122,146,158,265,277,272,298,34,47,66,66,80,98,150,150,150,167,67,87,87,87],"floor_reached":33,"playtime":5309,"items_purged":["Strike_G","Defend_G"],"score":257,"play_id":"14aefda6-b87c-40fa-8867-a9e4556cc6ed","local_time":"20190630023554","is_ascension_mode":false,"campfire_choices":[{"data":"Prepared","floor":6,"key":"SMITH"},{"data":"Prepared","floor":10,"key":"SMITH"},{"data":"Well Laid Plans","floor":15,"key":"SMITH"},{"floor":23,"key":"REST"},{"floor":27,"key":"REST"},{"floor":32,"key":"REST"}],"neow_cost":"NONE","seed_source_timestamp":68053182855299,"circlet_count":0,"master_deck":["Defend_G","Defend_G","Defend_G","Defend_G","Strike_G","Strike_G","Strike_G","Survivor","Neutralize","Deflect","Unload","Prepared+1","Dark Shackles","Dodge and Roll","Prepared+1","Dagger Spray","After Image","All Out Attack","Cloak And Dagger","Well Laid Plans+1","Bullet Time","Crippling Poison","Tactician","Footwork","Terror","Dagger Spray","Blur","Deadly Poison","Deflect+1","Cloak And Dagger","Escape Plan","Endless Agony"],"relics":["Ring of the Snake","Bronze Scales","Calipers","MawBank","Black Star","Boot"],"potions_floor_usage":[11,16,16,16,22,31,33],"damage_taken":[{"damage":0,"enemies":"2 Louse","floor":1,"turns":3},{"damage":1,"enemies":"Cultist","floor":2,"turns":4},{"damage":0,"enemies":"Jaw Worm","floor":3,"turns":3},{"damage":4,"enemies":"Red Slaver","floor":5,"turns":3},{"damage":1,"enemies":"Looter","floor":7,"turns":3},{"damage":0,"enemies":"2 Fungi Beasts","floor":8,"turns":4},{"damage":5,"enemies":"3 Sentries","floor":11,"turns":6},{"damage":0,"enemies":"Blue Slaver","floor":12,"turns":4},{"damage":0,"enemies":"Looter","floor":14,"turns":3},{"damage":16,"enemies":"Slime Boss","floor":16,"turns":15},{"damage":18,"enemies":"2 Thieves","floor":18,"turns":4},{"damage":7,"enemies":"Spheric Guardian","floor":19,"turns":10},{"damage":8,"enemies":"3 Cultists","floor":21,"turns":5},{"damage":2,"enemies":"Chosen and Byrds","floor":22,"turns":4},{"damage":22,"enemies":"Shelled Parasite and Fungi","floor":24,"turns":8},{"damage":14,"enemies":"Centurion and Healer","floor":25,"turns":13},{"damage":12,"enemies":"Snake Plant","floor":29,"turns":5},{"damage":16,"enemies":"Sentry and Sphere","floor":31,"turns":11},{"damage":40,"enemies":"Automaton","floor":33,"turns":6}],"seed_played":"-2805924545397438770","potions_obtained":[{"floor":1,"key":"GamblersBrew"},{"floor":3,"key":"Explosive Potion"},{"floor":5,"key":"SpeedPotion"},{"floor":14,"key":"Weak Potion"},{"floor":18,"key":"SteroidPotion"},{"floor":25,"key":"FairyPotion"},{"floor":29,"key":"SpeedPotion"}],"is_trial":false,"path_per_floor":["M","M","M","$","M","R","M","M","T","R","E","M","?","M","R","B",null,"M","M","$","M","M","R","M","M","T","R","?","M","$","M","R","B"],"character_chosen":"THE_SILENT","items_purchased":["Prepared","Dark Shackles","Footwork","Terror","Dagger Spray"],"campfire_rested":3,"item_purchase_floors":[4,4,20,20,20],"current_hp_per_floor":[70,69,69,69,65,65,64,64,64,64,59,59,59,59,59,43,70,52,45,45,37,35,56,34,20,20,41,27,15,15,7,28,0],"gold":87,"neow_bonus":"RANDOM_COMMON_RELIC","is_prod":false,"is_daily":false,"chose_seed":false,"campfire_upgraded":3,"win_rate":0.0,"timestamp":1561829754,"path_taken":["M","M","M","$","M","R","M","M","T","R","E","M","?","?","R","BOSS","M","M","$","M","M","R","?","M","T","R","?","?","$","M","R","BOSS"],"build_version":"2019-01-23","purchased_purges":2,"victory":false,"max_hp_per_floor":[70,70,70,70,70,70,70,70,70,70,70,70,70,70,70,70,70,70,70,70,70,70,70,70,70,70,70,70,70,70,70,70,70],"card_choices":[{"not_picked":["Sucker Punch","Slice"],"picked":"Deflect","floor":1},{"not_picked":["Underhanded Strike","Bane","Masterful Stab"],"picked":"SKIP","floor":2},{"not_picked":["Distraction","Dodge and Roll"],"picked":"Unload","floor":3},{"not_picked":["Flechettes","Acrobatics"],"picked":"Dodge and Roll","floor":5},{"not_picked":["Finisher","Deflect"],"picked":"Prepared","floor":7},{"not_picked":["Caltrops","Dodge and Roll"],"picked":"Dagger Spray","floor":8},{"not_picked":["Bane","Outmaneuver"],"picked":"After Image","floor":11},{"not_picked":["Dodge and Roll","Backflip"],"picked":"All Out Attack","floor":12},{"not_picked":["Deadly Poison","Outmaneuver"],"picked":"Well Laid Plans","floor":14},{"not_picked":["Phantasmal Killer","A Thousand Cuts"],"picked":"Bullet Time","floor":16},{"not_picked":["Outmaneuver+1","Flying Knee"],"picked":"Crippling Poison","floor":18},{"not_picked":["Reflex","Poisoned Stab"],"picked":"Tactician","floor":19},{"not_picked":["Poisoned Stab+1","Cloak And Dagger"],"picked":"Blur","floor":21},{"not_picked":["Deflect","PiercingWail"],"picked":"Deadly Poison","floor":22},{"not_picked":["All Out Attack","Deadly Poison"],"picked":"Deflect+1","floor":24},{"not_picked":["PiercingWail","Caltrops"],"picked":"Cloak And Dagger","floor":25},{"not_picked":["Deflect","Dagger Spray"],"picked":"Escape Plan","floor":29},{"not_picked":["Well Laid Plans","Storm of Steel"],"picked":"Endless Agony","floor":31}],"player_experience":42201,"relics_obtained":[{"floor":9,"key":"Calipers"},{"floor":11,"key":"MawBank"},{"floor":26,"key":"Boot"}],"event_choices":[{"damage_healed":0,"gold_gain":0,"cards_transformed":["Strike_G"],"player_choice":"Transformed","damage_taken":0,"max_hp_gain":0,"max_hp_loss":0,"event_name":"Transmorgrifier","floor":13,"gold_loss":0,"cards_obtained":["Cloak And Dagger"]},{"damage_healed":0,"gold_gain":0,"player_choice":"POTION ","damage_taken":14,"max_hp_gain":0,"max_hp_loss":0,"event_name":"Knowing Skull","floor":28,"potions_obtained":["Explosive Potion"],"gold_loss":0,"cards_obtained":[]}],"is_beta":false,"boss_relics":[{"not_picked":["Runic Dome","HoveringKite"],"picked":"Black Star"}],"items_purged_floors":[20,30],"is_endless":false,"potions_floor_spawned":[1,3,5,14,18,25,29],"killed_by":"Automaton","ascension_level":0}