{"gold_per_floor":[114,132,152,132,132,163,163,174,174,174,186,186,186,198,198,198],"floor_reached":16,"playtime":1345,"items_purged":[],"score":102,"play_id":"085da729-f146-4972-9afa-9a378540f16f","local_time":"20180923030750","is_ascension_mode":false,"campfire_choices":[{"floor":10,"key":"REST"},{"floor":12,"key":"REST"},{"data":"Blade Dance","floor":15,"key":"SMITH"}],"neow_cost":"","seed_source_timestamp":317156540044529,"circlet_count":0,"master_deck":["Defend_G","Defend_G","Defend_G","Defend_G","Defend_G","Strike_G","Strike_G","Strike_G","Strike_G","Strike_G","Survivor","Neutralize","Outmaneuver","Heel Hook","Blade Dance+1","Dagger Throw","Escape Plan"],"relics":["Ring of the Snake","Kunai","Paper Crane","Mummified Hand"],"potions_floor_usage":[6,6,6,6,8,8,16],"damage_taken":[{"damage":2,"enemies":"Small Slimes","floor":1,"turns":4},{"damage":1,"enemies":"Cultist","floor":2,"turns":4},{"damage":0,"enemies":"2 Louse","floor":3,"turns":3},{"damage":34,"enemies":"Lagavulin","floor":6,"turns":12},{"damage":23,"enemies":"Exordium Thugs","floor":8,"turns":7},{"damage":2,"enemies":"2 Fungi Beasts","floor":11,"turns":4},{"damage":8,"enemies":"Lots of Slimes","floor":14,"turns":5},{"damage":59,"enemies":"The Guardian","floor":16,"turns":11}],"seed_played":"4170879420230866758","potions_obtained":[{"floor":2,"key":"Energy Potion"},{"floor":4,"key":"GhostInAJar"},{"floor":5,"key":"Ancient Potion"},{"floor":5,"key":"EntropicBrew"},{"floor":8,"key":"PowerPotion"}],"is_trial":false,"path_per_floor":["M","M","M","?","?","E","$","M","T","R","M","R","?","M","R"],"character_chosen":"THE_SILENT","items_purchased":[],"campfire_rested":2,"item_purchase_floors":[],"current_hp_per_floor":[68,67,67,67,67,33,33,25,25,46,44,65,65,57,57,0],"gold":198,"neow_bonus":"","is_prod":false,"is_daily":false,"chose_seed":false,"campfire_upgraded":1,"win_rate":0.0,"timestamp":1537697270,"path_taken":["M","M","M","?","?","E","$","?","T","R","M","R","?","M","R","BOSS"],"build_version":"2018-09-20","purchased_purges":0,"victory":false,"max_hp_per_floor":[70,70,70,70,70,70,70,70,70,70,70,70,70,70,70,70],"card_choices":[{"not_picked":["Slice","Well Laid Plans"],"picked":"Outmaneuver","floor":1},{"not_picked":["Flechettes","Dodge and Roll","Deflect"],"picked":"SKIP","floor":2},{"not_picked":["Footwork","Outmaneuver","Bane"],"picked":"SKIP","floor":3},{"not_picked":["After Image","Tactician"],"picked":"Heel Hook","floor":6},{"not_picked":["Footwork","Bane"],"picked":"Blade Dance","floor":8},{"not_picked":["Deflect","Backflip"],"picked":"Dagger Throw","floor":11},{"not_picked":["Distraction","Slice"],"picked":"Escape Plan","floor":14}],"player_experience":54541,"relics_obtained":[{"floor":6,"key":"Kunai"},{"floor":9,"key":"Paper Crane"}],"event_choices":[{"event_name":"The Woman in Blue","player_choice":"Bought 1 Potion","floor":4,"damage_taken":0},{"event_name":"The Lab","player_choice":"Got Potions","floor":5,"damage_taken":0},{"event_name":"Dead Adventurer","player_choice":"Searched \u00273\u0027 times","floor":13,"damage_taken":0}],"is_beta":false,"boss_relics":[],"items_purged_floors":[],"is_endless":false,"potions_floor_spawned":[2,8],"killed_by":"The Guardian","ascension_level":0}