{"gold_per_floor":[116,116,116,116,116,148,148,161,185,197,215,228,188,200,200,200],"floor_reached":16,"playtime":513,"items_purged":[],"score":248,"play_id":"f0d88099-0f2d-4694-bb3b-37c12e484012","local_time":"20190806134857","is_ascension_mode":true,"campfire_choices":[{"floor":7,"key":"REST"},{"data":"Neutralize","floor":15,"key":"SMITH"}],"neow_cost":"NONE","seed_source_timestamp":304214786375800,"circlet_count":0,"master_deck":["AscendersBane","Strike_G","Strike_G","Strike_G","Strike_G+1","Strike_G","Defend_G","Defend_G","Defend_G","Defend_G","Defend_G","Survivor+1","Neutralize+1","After Image","Choke","PiercingWail","All Out Attack","Sucker Punch"],"relics":["Ring of the Snake","NeowsBlessing","Dream Catcher","Thread and Needle","Happy Flower","Bronze Scales"],"potions_floor_usage":[16,16],"damage_taken":[{"damage":0,"enemies":"Jaw Worm","floor":1,"turns":1},{"damage":0,"enemies":"Gremlin Nob","floor":6,"turns":1},{"damage":0,"enemies":"2 Louse","floor":8,"turns":1},{"damage":1,"enemies":"Cultist","floor":10,"turns":4},{"damage":0,"enemies":"Looter","floor":11,"turns":3},{"damage":0,"enemies":"Large Slime","floor":12,"turns":7},{"damage":0,"enemies":"Exordium Thugs","floor":14,"turns":5},{"damage":21,"enemies":"Slime Boss","floor":16,"turns":9}],"seed_played":"-2985544294871562977","potions_obtained":[{"floor":11,"key":"SpeedPotion"},{"floor":14,"key":"Regen Potion"}],"is_trial":false,"path_per_floor":["M","?","?","?","T","E","R","M","T","M","M","M","?","M","R","B"],"character_chosen":"THE_SILENT","items_purchased":[],"campfire_rested":1,"item_purchase_floors":[],"current_hp_per_floor":[59,59,24,4,4,4,23,23,23,22,22,22,22,22,22,16],"gold":200,"neow_bonus":"THREE_ENEMY_KILL","is_prod":false,"is_daily":false,"chose_seed":false,"campfire_upgraded":1,"win_rate":0,"timestamp":1565066937,"path_taken":["M","?","?","?","?","E","R","M","T","?","M","M","?","M","R","BOSS"],"build_version":"2019-07-17","purchased_purges":0,"victory":false,"max_hp_per_floor":[66,66,66,66,66,66,66,66,66,66,66,66,66,66,66,66],"card_choices":[{"not_picked":["Dodge and Roll","Bane","Underhanded Strike"],"picked":"SKIP","floor":1},{"not_picked":["Deadly Poison","Reflex"],"picked":"After Image","floor":6},{"not_picked":["Underhanded Strike","Acrobatics"],"picked":"Choke","floor":7},{"not_picked":["Finisher","Setup","Underhanded Strike"],"picked":"SKIP","floor":8},{"not_picked":["Deadly Poison","Outmaneuver"],"picked":"PiercingWail","floor":10},{"not_picked":["Bane","Skewer"],"picked":"All Out Attack","floor":11},{"not_picked":["A Thousand Cuts","Deadly Poison"],"picked":"Sucker Punch","floor":12},{"not_picked":["Underhanded Strike","Bane","Prepared"],"picked":"SKIP","floor":14}],"player_experience":587301,"relics_obtained":[{"floor":5,"key":"Thread and Needle"},{"floor":6,"key":"Happy Flower"},{"floor":9,"key":"Bronze Scales"}],"event_choices":[{"damage_healed":0,"gold_gain":0,"player_choice":"Ignored","damage_taken":0,"max_hp_gain":0,"max_hp_loss":0,"event_name":"Liars Game","floor":2,"gold_loss":0},{"damage_healed":0,"gold_gain":0,"player_choice":"Success","damage_taken":35,"relics_obtained":["Dream Catcher"],"max_hp_gain":0,"max_hp_loss":0,"event_name":"Scrap Ooze","floor":3,"gold_loss":0},{"damage_healed":0,"gold_gain":0,"player_choice":"Entered Light","damage_taken":20,"max_hp_gain":0,"max_hp_loss":0,"event_name":"Shining Light","floor":4,"gold_loss":0,"cards_upgraded":["Strike_G","Survivor"]},{"damage_healed":0,"gold_gain":0,"player_choice":"Left Gold","damage_taken":0,"max_hp_gain":0,"max_hp_loss":0,"event_name":"World of Goop","floor":13,"gold_loss":40}],"is_beta":false,"boss_relics":[],"items_purged_floors":[],"is_endless":false,"potions_floor_spawned":[11,14],"killed_by":"Slime Boss","ascension_level":19}