{"gold_per_floor":[369,385,39,39,52,52,82,82,82,95,14,14,44,60,60,163,163,181,195,195,210,226,245,245,258,281,281,293,20,34,52,52,150,200,210,220,220,220,240,240,84,84,84,97,97,113,146,163,163,163],"floor_reached":50,"playtime":3214,"items_purged":["Strike_G"],"score":530,"play_id":"5105aa5f-53f6-41b5-bd88-bed364b962a1","local_time":"20180923040228","is_ascension_mode":false,"campfire_choices":[{"data":"Crippling Poison","floor":6.0,"key":"SMITH"},{"data":"Catalyst","floor":12.0,"key":"SMITH"},{"data":"Poisoned Stab","floor":15.0,"key":"SMITH"},{"floor":24.0,"key":"REST"},{"floor":27.0,"key":"REST"},{"floor":32,"key":"REST"},{"floor":40,"key":"REST"},{"floor":42,"key":"REST"},{"floor":49,"key":"REST"}],"neow_cost":"TEN_PERCENT_HP_LOSS","seed_source_timestamp":318514619983206,"circlet_count":0,"master_deck":["Defend_G","Defend_G","Defend_G","Defend_G","Defend_G+1","Strike_G+1","Strike_G","Strike_G","Survivor","Neutralize","Backflip","Crippling Poison+1","Bane+1","Catalyst+1","Deadly Poison","Poisoned Stab+1","Parasite","Prepared","Noxious Fumes","Envenom","Decay","Flying Knee","Noxious Fumes","Poisoned Stab","Catalyst","Crippling Poison+1","Bane","Prepared","Injury","Bouncing Flask","Deadly Poison+1"],"special_seed":0,"relics":["Ring of the Snake","Meat on the Bone","Du-Vu Doll","Mummified Hand","Tiny Chest","Sozu","Strawberry","DollysMirror","Tiny House","Pear","Ninja Scroll"],"potions_floor_usage":[],"damage_taken":[{"damage":0.0,"enemies":"Small Slimes","floor":1.0,"turns":4.0},{"damage":0.0,"enemies":"2 Louse","floor":2.0,"turns":3.0},{"damage":0.0,"enemies":"Cultist","floor":5.0,"turns":4.0},{"damage":22.0,"enemies":"Gremlin Nob","floor":7.0,"turns":4.0},{"damage":1.0,"enemies":"Red Slaver","floor":10.0,"turns":3.0},{"damage":0.0,"enemies":"2 Fungi Beasts","floor":14.0,"turns":3.0},{"damage":13.0,"enemies":"Hexaghost","floor":16.0,"turns":7.0},{"damage":15.0,"enemies":"2 Thieves","floor":18.0,"turns":4.0},{"damage":11.0,"enemies":"3 Byrds","floor":19.0,"turns":4.0},{"damage":21.0,"enemies":"Sentry and Sphere","floor":21.0,"turns":5.0},{"damage":26.0,"enemies":"Cultist and Chosen","floor":22.0,"turns":7.0},{"damage":7.0,"enemies":"Centurion and Healer","floor":23.0,"turns":4.0},{"damage":36.0,"enemies":"3 Cultists","floor":25.0,"turns":5.0},{"damage":2.0,"enemies":"Snecko","floor":28.0,"turns":4.0},{"damage":22,"enemies":"Shelled Parasite and Fungi","floor":30,"turns":3},{"damage":2,"enemies":"Centurion and Healer","floor":31,"turns":4},{"damage":10,"enemies":"Champ","floor":33,"turns":6},{"damage":10,"enemies":"Orb Walker","floor":35,"turns":4},{"damage":39,"enemies":"3 Darklings","floor":36,"turns":6},{"damage":32,"enemies":"Spire Growth","floor":39,"turns":4},{"damage":2,"enemies":"Transient","floor":44,"turns":5},{"damage":6,"enemies":"Sphere and 2 Shapes","floor":46,"turns":4},{"damage":39,"enemies":"Nemesis","floor":47,"turns":5},{"damage":10,"enemies":"Spire Growth","floor":48,"turns":3},{"damage":65,"enemies":"Time Eater","floor":50,"turns":4}],"seed_played":"-8507210886191862915","potions_obtained":[{"floor":1.0,"key":"Poison Potion"},{"floor":10.0,"key":"Regen Potion"},{"floor":16.0,"key":"Ancient Potion"}],"is_trial":false,"path_per_floor":["M","M","$","?","M","R","E","?","T","M","$","R","T","M","R","B",null,"M","M","?","M","M","M","R","M","T","R","M","$","M","M","R","B",null,"M","M","?","?","M","R","$","R","T","M","$","M","E","M","R"],"character_chosen":"THE_SILENT","items_purchased":["Meat on the Bone","Bane","Catalyst","Noxious Fumes","Catalyst","DollysMirror","Bouncing Flask"],"campfire_rested":6,"item_purchase_floors":[3,3,3,11,29,29,41],"current_hp_per_floor":[63,63,63,50,50,50,40,55,55,54,54,54,54,54,54,56,63,48,37,37,28,14,19,37,13,20,41,39,39,29,39,60,50,75,65,38,38,38,18,40,40,62,72,70,70,64,37,39,64,0],"gold":163,"neow_bonus":"TWO_FIFTY_GOLD","is_prod":false,"is_daily":false,"chose_seed":false,"campfire_upgraded":3,"win_rate":0.0,"timestamp":1537700548,"path_taken":["M","M","$","?","?","R","E","?","T","M","?","R","?","M","R","BOSS","M","?","?","M","?","M","R","M","T","R","M","$","M","M","R","BOSS","M","M","?","?","?","R","$","R","T","M","$","M","E","M","R","BOSS"],"build_version":"2018-09-20","purchased_purges":1,"victory":false,"max_hp_per_floor":[63,63,63,63,63,63,63,63,63,63,63,63,63,63,63,63,63,63,63,63,63,63,63,63,63,70,70,70,70,70,70,70,70,75,75,75,75,75,75,75,75,75,85,85,85,85,85,85,85,85],"card_choices":[{"not_picked":["Eviscerate","Acrobatics"],"picked":"Backflip","floor":1.0},{"not_picked":["Poisoned Stab","Deflect"],"picked":"Crippling Poison","floor":2.0},{"not_picked":["Tactician","Terror"],"picked":"Deadly Poison","floor":5.0},{"not_picked":["Tactician","Predator"],"picked":"Poisoned Stab","floor":7.0},{"not_picked":["Eviscerate","Choke"],"picked":"Prepared","floor":10.0},{"not_picked":["Slice","Finisher","Skewer"],"picked":"SKIP","floor":14.0},{"not_picked":["A Thousand Cuts","Phantasmal Killer"],"picked":"Envenom","floor":16.0},{"not_picked":["Flechettes","Tactician","PiercingWail"],"picked":"SKIP","floor":18.0},{"not_picked":["Acrobatics","Dagger Throw+1","Blade Dance"],"picked":"SKIP","floor":19.0},{"not_picked":["Backstab","Acrobatics"],"picked":"Flying Knee","floor":21.0},{"not_picked":["Backstab","Skewer+1"],"picked":"Noxious Fumes","floor":22.0},{"not_picked":["Infinite Blades+1","Dagger Throw","Quick Slash"],"picked":"SKIP","floor":23.0},{"not_picked":["Dagger Throw","Slice"],"picked":"Poisoned Stab","floor":25.0},{"not_picked":["Slice","Skewer","Deflect"],"picked":"SKIP","floor":28.0},{"not_picked":["Skewer","Phantasmal Killer"],"picked":"Bane","floor":30},{"not_picked":["Expertise+1","Finisher","Reflex+1"],"picked":"SKIP","floor":31},{"not_picked":["Dagger Spray+1","Deadly Poison"],"picked":"Prepared","floor":35},{"not_picked":["Reflex","Endless Agony","Deflect+1"],"picked":"SKIP","floor":36},{"not_picked":["Slice+1","Quick Slash+1","All Out Attack+1"],"picked":"SKIP","floor":39},{"not_picked":["PiercingWail","Flechettes+1","Slice"],"picked":"SKIP","floor":44},{"not_picked":["Eviscerate+1","PiercingWail","Slice"],"picked":"SKIP","floor":46},{"not_picked":["Dagger Throw","Leg Sweep","Acrobatics"],"picked":"SKIP","floor":47},{"not_picked":["Blur","Outmaneuver"],"picked":"Deadly Poison+1","floor":48}],"player_experience":55886,"relics_obtained":[{"floor":7.0,"key":"Du-Vu Doll"},{"floor":9.0,"key":"Mummified Hand"},{"floor":13.0,"key":"Tiny Chest"},{"floor":26.0,"key":"Strawberry"},{"floor":43,"key":"Pear"},{"floor":47,"key":"Ninja Scroll"}],"event_choices":[{"event_name":"Shining Light","player_choice":"Entered Light","floor":4.0,"damage_taken":0.0},{"event_name":"Mushrooms","player_choice":"Healed and dodged fight","floor":8.0,"damage_taken":0.0},{"event_name":"Forgotten Altar","player_choice":"Smashed Altar","floor":20.0,"damage_taken":0.0},{"event_name":"Falling","player_choice":"Removed Attack","floor":37,"damage_taken":0},{"event_name":"Match and Keep!","player_choice":"1 cards matched","floor":38,"damage_taken":0}],"is_beta":false,"boss_relics":[{"not_picked":["Runic Pyramid","Ring of the Serpent"],"picked":"Sozu"},{"not_picked":["Cursed Key","Coffee Dripper"],"picked":"Tiny House"}],"items_purged_floors":[41],"is_endless":false,"potions_floor_spawned":[1,10,16,19,22,23,30,33,35,46,48],"killed_by":"Time Eater","ascension_level":0}