{"gold_per_floor":[118,132,132,15,25,57,67,67,67,84,84,6,6,24,24,100,100,113,124,139,139,139],"floor_reached":22,"playtime":1627,"items_purged":["Defend_G"],"score":367,"play_id":"7b95d5fb-bf2c-4780-9260-cef449a0cf1f","local_time":"20190806155234","is_ascension_mode":true,"campfire_choices":[{"floor":8,"key":"REST"},{"data":"Distraction","floor":11,"key":"SMITH"},{"data":"Neutralize","floor":13,"key":"SMITH"},{"floor":15,"key":"REST"}],"neow_cost":"CURSE","seed_source_timestamp":310518245915800,"circlet_count":0,"master_deck":["AscendersBane","Strike_G","Strike_G","Strike_G","Strike_G","Strike_G","Defend_G","Defend_G","Defend_G","Defend_G","Survivor","Neutralize+1","Unload","Leg Sweep","Quick Slash","PiercingWail","Distraction+1","Escape Plan","Blur","Noxious Fumes","Tools of the Trade","Blur","Dagger Spray+1","Backflip"],"relics":["Ring of the Snake","Question Card","Bottled Lightning","Sozu"],"potions_floor_usage":[14,16],"damage_taken":[{"damage":2,"enemies":"Jaw Worm","floor":1,"turns":5},{"damage":6,"enemies":"Cultist","floor":2,"turns":4},{"damage":0,"enemies":"2 Louse","floor":5,"turns":2},{"damage":41,"enemies":"3 Sentries","floor":6,"turns":12},{"damage":0,"enemies":"Blue Slaver","floor":7,"turns":5},{"damage":9,"enemies":"3 Louse","floor":10,"turns":4},{"damage":5,"enemies":"Exordium Thugs","floor":14,"turns":6},{"damage":27,"enemies":"The Guardian","floor":16,"turns":16},{"damage":1,"enemies":"Spheric Guardian","floor":18,"turns":7},{"damage":27,"enemies":"3 Byrds","floor":19,"turns":6},{"damage":19,"enemies":"Shelled Parasite and Fungi","floor":20,"turns":10},{"damage":4,"enemies":"Snake Plant","floor":22,"turns":8}],"seed_played":"9170623232856008963","potions_obtained":[{"floor":10,"key":"SpeedPotion"},{"floor":14,"key":"AttackPotion"}],"is_trial":false,"path_per_floor":["M","M","?","$","M","E","M","R","T","M","R","$","R","M","R","B",null,"M","M","M","$","M"],"character_chosen":"THE_SILENT","items_purchased":["Leg Sweep","Blur"],"campfire_rested":2,"item_purchase_floors":[4,12],"current_hp_per_floor":[57,51,51,51,51,10,10,29,29,20,20,20,20,15,34,7,51,50,23,4,4,0],"gold":139,"neow_bonus":"THREE_RARE_CARDS","is_prod":false,"is_daily":false,"chose_seed":false,"campfire_upgraded":2,"win_rate":0,"timestamp":1565074354,"path_taken":["M","M","?","$","M","E","M","R","T","M","R","?","R","M","R","BOSS","M","M","M","$","M"],"build_version":"2019-07-17","purchased_purges":1,"victory":false,"max_hp_per_floor":[66,66,66,66,66,66,66,66,66,66,66,66,66,66,66,66,66,66,66,66,66,66],"card_choices":[{"not_picked":["Doppelganger","Burst"],"picked":"Unload","floor":0},{"not_picked":["Dodge and Roll","Prepared","Deflect"],"picked":"SKIP","floor":1},{"not_picked":["Deadly Poison","Underhanded Strike","Deflect"],"picked":"SKIP","floor":2},{"not_picked":["Dodge and Roll","Blade Dance"],"picked":"Quick Slash","floor":5},{"not_picked":["Distraction","Blade Dance"],"picked":"PiercingWail","floor":6},{"not_picked":["Underhanded Strike","Prepared","Setup"],"picked":"Distraction","floor":7},{"not_picked":["PiercingWail","Bane","Blade Dance"],"picked":"Escape Plan","floor":10},{"not_picked":["Dagger Spray","Distraction","Terror"],"picked":"Noxious Fumes","floor":14},{"not_picked":["Burst","Envenom","A Thousand Cuts"],"picked":"Tools of the Trade","floor":16},{"not_picked":["Dagger Throw+1","Backstab","Outmaneuver"],"picked":"Blur","floor":18},{"not_picked":["PiercingWail+1","Deflect","Infinite Blades"],"picked":"Dagger Spray+1","floor":19},{"not_picked":["Bane","Concentrate","Infinite Blades"],"picked":"Backflip","floor":20}],"player_experience":593519,"relics_obtained":[{"floor":6,"key":"Question Card"},{"floor":9,"key":"Bottled Lightning"}],"event_choices":[{"cards_removed":["Regret"],"damage_healed":0,"gold_gain":0,"player_choice":"Card Removal","damage_taken":0,"max_hp_gain":0,"max_hp_loss":0,"event_name":"Wheel of Change","floor":3,"gold_loss":0}],"is_beta":false,"boss_relics":[{"not_picked":["Black Star","Ring of the Serpent"],"picked":"Sozu"}],"items_purged_floors":[4],"is_endless":false,"potions_floor_spawned":[10,14,19],"killed_by":"Snake Plant","ascension_level":19}