{"gold_per_floor":[112,112,127,141,20,20,45,45,68,68,82,102,133,153,153,250,250,266,266,49,60,60,60,91,101,101,118,73,73,87,102,102,202,202,215,40,40,58,58],"floor_reached":39,"playtime":3460,"items_purged":["Strike_R","Searing Blow","Pommel Strike"],"score":598,"play_id":"fb697e00-3b3e-46af-9ba3-c3fd13303c4a","local_time":"20190711171926","is_ascension_mode":true,"campfire_choices":[{"data":"Armaments","floor":6,"key":"SMITH"},{"data":"Entrench","floor":8,"key":"SMITH"},{"data":"Shrug It Off","floor":10,"key":"SMITH"},{"floor":15,"key":"REST"},{"data":"Second Wind","floor":23,"key":"SMITH"},{"floor":29,"key":"REST"},{"floor":32,"key":"REST"}],"neow_cost":"CURSE","seed_source_timestamp":0,"circlet_count":0,"master_deck":["Bash","Evolve","Feed","Entrench+1","Flex","Armaments+1","Shrug It Off+1","Limit Break","Hemokinesis","Whirlwind","Body Slam","Exhume","Limit Break","Flame Barrier+1","Twin Strike","Burning Pact+1","Inflame","Heavy Blade","Second Wind+1","RitualDagger","Thunderclap+1","Iron Wave+1","True Grit","Flex","Bloodletting+1","Impervious","True Grit+1"],"special_seed":0,"relics":["Burning Blood","Bag of Marbles","Centennial Puzzle","WingedGreaves","Pandora\u0027s Box","Bronze Scales","Empty Cage"],"potions_floor_usage":[14,24,25,27,27,31],"damage_taken":[{"damage":12.0,"enemies":"2 Louse","floor":1.0,"turns":3.0},{"damage":5,"enemies":"Small Slimes","floor":3,"turns":6},{"damage":1,"enemies":"Cultist","floor":4,"turns":3},{"damage":55,"enemies":"Lagavulin","floor":7,"turns":17},{"damage":7,"enemies":"2 Fungi Beasts","floor":11,"turns":4},{"damage":11,"enemies":"Looter","floor":12,"turns":3},{"damage":11,"enemies":"Gremlin Nob","floor":13,"turns":3},{"damage":0,"enemies":"Lots of Slimes","floor":14,"turns":2},{"damage":44,"enemies":"The Guardian","floor":16,"turns":12},{"damage":1,"enemies":"3 Byrds","floor":18,"turns":5},{"damage":0,"enemies":"Spheric Guardian","floor":21,"turns":3},{"damage":69,"enemies":"Slavers","floor":24,"turns":6},{"damage":14,"enemies":"3 Cultists","floor":25,"turns":5},{"damage":21,"enemies":"Snecko","floor":27,"turns":4},{"damage":23,"enemies":"Chosen and Byrds","floor":30,"turns":6},{"damage":11,"enemies":"Centurion and Healer","floor":31,"turns":4},{"damage":45,"enemies":"Champ","floor":33,"turns":7},{"damage":48,"enemies":"3 Shapes","floor":35,"turns":8},{"damage":22,"enemies":"3 Darklings","floor":38,"turns":4},{"damage":38,"enemies":"Spire Growth","floor":39,"turns":3}],"seed_played":"-3446535092884684510","potions_obtained":[{"floor":3,"key":"SteroidPotion"},{"floor":4,"key":"Regen Potion"},{"floor":12,"key":"AttackPotion"},{"floor":21,"key":"PowerPotion"},{"floor":24,"key":"Dexterity Potion"},{"floor":25,"key":"Strength Potion"},{"floor":33,"key":"Dexterity Potion"}],"is_trial":false,"path_per_floor":["M","?","M","M","$","R","E","R","T","R","M","M","E","M","R","B",null,"M","?","$","M","?","R","E","M","T","M","$","R","M","M","R","B",null,"M","$","?","M","M"],"character_chosen":"IRONCLAD","items_purchased":["Shrug It Off","Inflame","Heavy Blade","Flex","True Grit"],"campfire_rested":3,"item_purchase_floors":[5,20,20,28,36],"current_hp_per_floor":[77,70,74,79,79,79,30,30,30,30,33,28,26,35,63,25,78,87,87,87,93,87,87,28,37,37,22,22,54,37,35,68,29,90,52,52,52,36,0],"gold":58,"neow_bonus":"TRANSFORM_TWO_CARDS","is_prod":false,"is_daily":false,"chose_seed":false,"campfire_upgraded":4,"win_rate":0,"timestamp":1562833166,"path_taken":["M","?","M","M","$","R","E","R","T","R","M","M","E","M","R","BOSS","M","?","$","?","?","R","E","M","T","M","$","R","M","M","R","BOSS","M","$","?","?","?"],"build_version":"2019-07-05","purchased_purges":3,"victory":false,"max_hp_per_floor":[83,83,86,86,86,86,86,86,86,86,90,90,93,96,96,96,96,100,100,100,100,100,100,104,107,107,107,107,107,107,110,110,110,110,114,114,114,114,114],"card_choices":[{"not_picked":["Carnage","Sentinel"],"picked":"Entrench","floor":1},{"not_picked":["Thunderclap","Sword Boomerang"],"picked":"Flex","floor":3},{"not_picked":["Cleave","Anger"],"picked":"Armaments","floor":4},{"not_picked":["Iron Wave","Thunderclap"],"picked":"Limit Break","floor":7},{"not_picked":["Warcry","Entrench"],"picked":"Pommel Strike","floor":11},{"not_picked":["Entrench","Evolve"],"picked":"Hemokinesis","floor":12},{"not_picked":["Twin Strike","Bludgeon"],"picked":"Whirlwind","floor":13},{"not_picked":["Pummel","Armaments"],"picked":"Body Slam","floor":14},{"not_picked":["Limit Break","Brutality"],"picked":"Exhume","floor":16},{"not_picked":["Clothesline","Perfected Strike+1"],"picked":"Burning Pact+1","floor":18},{"not_picked":["True Grit","Carnage+1"],"picked":"Second Wind","floor":21},{"not_picked":["Cleave+1","Headbutt"],"picked":"Thunderclap+1","floor":24},{"not_picked":["Combust","Metallicize"],"picked":"Iron Wave+1","floor":25},{"not_picked":["Warcry","Evolve"],"picked":"True Grit","floor":27},{"not_picked":["Iron Wave+1","Rage"],"picked":"Bloodletting+1","floor":30},{"not_picked":["Cleave","Headbutt+1","Pummel"],"picked":"SKIP","floor":31},{"not_picked":["Berserk","Demon Form"],"picked":"Impervious","floor":33},{"not_picked":["Anger+1","Headbutt","Shockwave"],"picked":"SKIP","floor":35},{"not_picked":["Entrench","Clash","Pommel Strike"],"picked":"SKIP","floor":38}],"player_experience":333259,"relics_obtained":[{"floor":7,"key":"Bag of Marbles"},{"floor":9,"key":"Centennial Puzzle"},{"floor":13,"key":"WingedGreaves"},{"floor":24,"key":"Bronze Scales"}],"event_choices":[{"cards_removed":["Pain"],"damage_healed":0,"gold_gain":0,"player_choice":"Card Removal","damage_taken":7,"max_hp_gain":0,"max_hp_loss":0,"event_name":"Golden Wing","floor":2,"gold_loss":0},{"damage_healed":0,"gold_gain":0,"player_choice":"Upgraded","damage_taken":0,"max_hp_gain":0,"max_hp_loss":0,"event_name":"Upgrade Shrine","floor":19,"gold_loss":0,"cards_upgraded":["Flame Barrier"]},{"damage_healed":0,"gold_gain":0,"player_choice":"Joined the Cult","damage_taken":6,"max_hp_gain":0,"max_hp_loss":0,"event_name":"Nest","floor":22,"gold_loss":0,"cards_obtained":["RitualDagger"]},{"damage_healed":0,"gold_gain":0,"player_choice":"Forge","damage_taken":0,"max_hp_gain":0,"max_hp_loss":0,"event_name":"Accursed Blacksmith","floor":37,"gold_loss":0,"cards_upgraded":["True Grit"]}],"is_beta":false,"boss_relics":[{"not_picked":["Runic Pyramid","Eternal Feather"],"picked":"Pandora\u0027s Box"},{"not_picked":["Black Blood","Tiny House"],"picked":"Empty Cage"}],"items_purged_floors":[5,20,36],"is_endless":false,"potions_floor_spawned":[3,4,12,21,24,25,33],"killed_by":"Spire Growth","ascension_level":5}