{"path_per_floor":["M","M","M","$","M","E","R","M","T","M","R","M","$","M","R","B",null,"M","M","M","?","M","R","M","R","T","R","M","?"],"character_chosen":"DEFECT","items_purchased":["Sweeping Beam","Beam Cell"],"gold_per_floor":[109,126,146,25,39,68,68,87,87,101,101,120,66,86,86,187,187,203,222,238,272,287,287,306,306,306,306,316,316,316],"floor_reached":30,"campfire_rested":5,"playtime":2130,"current_hp_per_floor":[74,72,66,66,38,21,43,37,37,18,40,40,40,40,62,44,75,48,33,22,22,22,54,33,65,65,75,48,48,0],"items_purged":["Strike_B"],"gold":316,"score":238,"play_id":"f950fc15-5ebb-4099-a9f6-a3ebd8d6922d","local_time":"20180505032352","is_prod":false,"is_daily":false,"chose_seed":false,"is_ascension_mode":false,"campfire_upgraded":1,"timestamp":1525458232,"path_taken":["M","M","M","?","?","E","R","M","T","M","R","M","$","M","R","BOSS","M","M","M","?","?","R","?","R","T","R","M","?","M"],"build_version":"2018-05-03","seed_source_timestamp":180228384166011,"purchased_purges":1,"victory":false,"master_deck":["Strike_B","Strike_B","Strike_B","Defend_B","Defend_B","Defend_B","Defend_B","Zap","Dualcast","Cold Snap","Rip and Tear","Axe Kick","Sweeping Beam","Go for the Eyes","Hello World","White Noise","Skim","Gash","Beam Cell","Thunder Strike","Biased Cognition","Stack+1","Gash","Leap","Impulse","Streamline+1","Loop+1","Coolheaded","Self Repair"],"max_hp_per_floor":[75,75,75,75,75,75,75,75,75,75,75,75,75,75,75,75,75,75,75,75,75,75,75,75,75,75,75,75,75,75],"relics":["Cracked Core","Art of War","Kunai","Eternal Feather","Red Mask","Pantograph"],"card_choices":[{"not_picked":["Scrape","Go for the Eyes"],"picked":"Cold Snap","floor":1},{"not_picked":["Melter","Stack"],"picked":"Rip and Tear","floor":2},{"not_picked":["Blizzard","Stack"],"picked":"Axe Kick","floor":3},{"not_picked":["Fusion","Conserve Battery"],"picked":"Go for the Eyes","floor":5},{"not_picked":["Sweeping Beam","Streamline"],"picked":"Hello World","floor":6},{"not_picked":["Double Energy","Go for the Eyes"],"picked":"White Noise","floor":8},{"not_picked":["Axe Kick","Go for the Eyes"],"picked":"Skim","floor":10},{"not_picked":["Sweeping Beam","Lockon"],"picked":"Gash","floor":12},{"not_picked":["Sweeping Beam","Skim"],"picked":"Thunder Strike","floor":14},{"not_picked":["Thunder Strike","All For One"],"picked":"Biased Cognition","floor":16},{"not_picked":["Lockon","Beam Cell"],"picked":"Stack","floor":18},{"not_picked":["Beam Cell","Aggregate"],"picked":"Gash","floor":19},{"not_picked":["Force Field","Stack"],"picked":"Leap","floor":20},{"not_picked":["Sweeping Beam","Auto Shields"],"picked":"Impulse","floor":21},{"not_picked":["Blizzard","Auto Shields"],"picked":"Streamline","floor":22},{"not_picked":["Stack","Streamline"],"picked":"Loop","floor":24},{"not_picked":["Beam Cell","Reprogram"],"picked":"Coolheaded","floor":28}],"player_experience":507055,"potions_floor_usage":[10,16,18,21,21,21],"damage_taken":[{"damage":1,"enemies":"Cultist","floor":1,"turns":3},{"damage":2,"enemies":"2 Louse","floor":2,"turns":2},{"damage":6,"enemies":"Small Slimes","floor":3,"turns":3},{"damage":28,"enemies":"Exordium Thugs","floor":5,"turns":3},{"damage":17,"enemies":"3 Sentries","floor":6,"turns":6},{"damage":6,"enemies":"Lots of Slimes","floor":8,"turns":3},{"damage":19,"enemies":"Gremlin Gang","floor":10,"turns":4},{"damage":0,"enemies":"3 Louse","floor":12,"turns":3},{"damage":0,"enemies":"Large Slime","floor":14,"turns":5},{"damage":30,"enemies":"Slime Boss","floor":16,"turns":12},{"damage":36,"enemies":"2 Thieves","floor":18,"turns":5},{"damage":15,"enemies":"Chosen","floor":19,"turns":5},{"damage":11,"enemies":"Centurion and Healer","floor":20,"turns":9},{"damage":0,"enemies":"ï¢ñ ÇÃìêëØ","floor":21,"turns":3},{"damage":0,"enemies":"Snake Plant","floor":22,"turns":6},{"damage":21,"enemies":"Slaver and Parasite","floor":24,"turns":11},{"damage":27,"enemies":"Centurion and Healer","floor":28,"turns":8},{"damage":52,"enemies":"3 Cultists","floor":30,"turns":5}],"event_choices":[{"event_name":"Masked Bandits","player_choice":"Fought over 238 gold","floor":21,"damage_taken":0},{"event_name":"The Library","player_choice":"Read","floor":29,"damage_taken":0}],"boss_relics":[{"not_picked":["Cursed Key","Philosopher\u0027s Stone"],"picked":"Eternal Feather"}],"potions_floor_spawned":[1,6,8,16,19,20],"seed_played":"1509141012613101428","killed_by":"3 Cultists","ascension_level":0,"is_trial":false}