{"gold_per_floor":[119,394,414,22,40,40,66,86,111,143,173,17,17,17,17,96,96,113,13,28,28,28,62,12,12,12,12],"floor_reached":27,"playtime":1073,"items_purged":["Regret","Strike_G"],"score":472,"play_id":"a27aee0c-867c-42de-925d-518d31608dab","local_time":"20190807004723","is_ascension_mode":true,"campfire_choices":[{"data":"Sucker Punch","floor":6,"key":"SMITH"},{"floor":13,"key":"REST"},{"data":"Neutralize","floor":15,"key":"SMITH"},{"data":"Bouncing Flask","floor":25,"key":"SMITH"}],"neow_cost":"NONE","seed_source_timestamp":343160281572300,"circlet_count":0,"master_deck":["AscendersBane","Defend_G","Defend_G","Defend_G","Defend_G","Defend_G","Survivor","Neutralize+1","Bouncing Flask+1","Sucker Punch+1","Footwork","Backflip","Dagger Spray","Quick Slash","Dagger Spray","Dash","Malaise","Dodge and Roll+1","Blur","Ghostly","Ghostly","Ghostly","Bite","Bite","Bite","Bite","Bite","Malaise"],"relics":["Ring of the Snake","NeowsBlessing","ClockworkSouvenir","Lantern","Odd Mushroom","MawBank","Potion Belt","Pocketwatch","Cursed Key","Regal Pillow"],"potions_floor_usage":[7,11,16,18,23],"damage_taken":[{"damage":0,"enemies":"2 Louse","floor":1,"turns":1},{"damage":0,"enemies":"Cultist","floor":3,"turns":1},{"damage":0,"enemies":"Small Slimes","floor":5,"turns":1},{"damage":22,"enemies":"Gremlin Nob","floor":7,"turns":4},{"damage":8,"enemies":"The Mushroom Lair","floor":8,"turns":6},{"damage":0,"enemies":"Blue Slaver","floor":10,"turns":3},{"damage":6,"enemies":"Exordium Thugs","floor":11,"turns":3},{"damage":12,"enemies":"The Guardian","floor":16,"turns":13},{"damage":21,"enemies":"2 Thieves","floor":18,"turns":4},{"damage":0,"enemies":"Chosen","floor":20,"turns":5},{"damage":17,"enemies":"Book of Stabbing","floor":23,"turns":10},{"damage":23,"enemies":"Gremlin Leader","floor":27,"turns":2}],"seed_played":"8375061235885524857","potions_obtained":[{"floor":8,"key":"LiquidBronze"},{"floor":10,"key":"Strength Potion"},{"floor":11,"key":"SneckoOil"},{"floor":18,"key":"Energy Potion"}],"is_trial":false,"path_per_floor":["M","?","M","$","M","R","E","?","T","M","M","$","R","T","R","B",null,"M","$","M","?","?","E","?","R","T","E"],"character_chosen":"THE_SILENT","items_purchased":["ClockworkSouvenir","Footwork","SteroidPotion","Potion Belt"],"campfire_rested":1,"item_purchase_floors":[4,4,4,12],"current_hp_per_floor":[59,59,59,59,59,59,37,29,29,29,23,23,42,42,42,30,57,36,36,36,33,23,13,13,13,13,0],"gold":12,"neow_bonus":"THREE_ENEMY_KILL","is_prod":false,"is_daily":false,"chose_seed":false,"campfire_upgraded":3,"win_rate":0,"timestamp":1565106443,"path_taken":["M","?","M","$","?","R","E","?","T","M","M","$","R","?","R","BOSS","M","$","M","?","?","E","?","R","T","E"],"build_version":"2019-07-17","purchased_purges":2,"victory":false,"max_hp_per_floor":[66,66,66,66,66,66,66,66,66,66,66,66,66,66,66,66,66,66,66,66,33,23,23,23,23,23,23],"card_choices":[{"not_picked":["Outmaneuver","Dagger Throw"],"picked":"Bouncing Flask","floor":1},{"not_picked":["Prepared","Flying Knee"],"picked":"Sucker Punch","floor":3},{"not_picked":["Dagger Throw","PiercingWail"],"picked":"Backflip","floor":5},{"not_picked":["Deadly Poison","Night Terror"],"picked":"Dagger Spray","floor":7},{"not_picked":["Prepared","Terror"],"picked":"Quick Slash","floor":8},{"not_picked":["Flying Knee","Sucker Punch"],"picked":"Dagger Spray","floor":10},{"not_picked":["Backflip","Bane"],"picked":"Dash","floor":11},{"not_picked":["Burst","Doppelganger"],"picked":"Malaise","floor":16},{"not_picked":["Underhanded Strike","Cloak And Dagger"],"picked":"Dodge and Roll+1","floor":18},{"not_picked":["Outmaneuver","Setup"],"picked":"Blur","floor":20},{"not_picked":["Deadly Poison","Underhanded Strike"],"picked":"Malaise","floor":23}],"player_experience":595634,"relics_obtained":[{"floor":7,"key":"Lantern"},{"floor":8,"key":"Odd Mushroom"},{"floor":9,"key":"MawBank"},{"floor":14,"key":"Pocketwatch"},{"floor":23,"key":"Regal Pillow"}],"event_choices":[{"damage_healed":0,"gold_gain":275,"player_choice":"Desecrate","damage_taken":0,"max_hp_gain":0,"max_hp_loss":0,"event_name":"Golden Shrine","floor":2,"gold_loss":0,"cards_obtained":["Regret"]},{"damage_healed":0,"gold_gain":0,"player_choice":"Fought Mushrooms","damage_taken":0,"max_hp_gain":0,"max_hp_loss":0,"event_name":"Mushrooms","floor":8,"gold_loss":0},{"damage_healed":0,"gold_gain":0,"player_choice":"Became a Ghost","damage_taken":0,"max_hp_gain":0,"max_hp_loss":33,"event_name":"Ghosts","floor":21,"gold_loss":0,"cards_obtained":["Ghostly","Ghostly","Ghostly"]},{"damage_healed":0,"gold_gain":0,"player_choice":"Became a vampire","damage_taken":0,"max_hp_gain":0,"max_hp_loss":10,"event_name":"Vampires","floor":22,"gold_loss":0,"cards_obtained":["Bite","Bite","Bite","Bite","Bite"]},{"damage_healed":0,"gold_gain":0,"player_choice":"Bet on Owner","damage_taken":0,"max_hp_gain":0,"max_hp_loss":0,"event_name":"The Joust","floor":24,"gold_loss":50}],"is_beta":false,"boss_relics":[{"not_picked":["Ring of the Serpent","Empty Cage"],"picked":"Cursed Key"}],"items_purged_floors":[4,19],"is_endless":false,"potions_floor_spawned":[8,10,11,18],"killed_by":"Gremlin Leader","ascension_level":19}