{"gold_per_floor":[111,128,75,90,90,90,15,43,43,43],"floor_reached":10,"playtime":402,"items_purged":["Strike_G"],"score":129,"play_id":"ba47915d-fe07-4b36-a3fe-1578307880c9","local_time":"20190806144439","is_ascension_mode":true,"campfire_choices":[{"data":"Neutralize","floor":6,"key":"SMITH"}],"neow_cost":"NONE","seed_source_timestamp":307667383809400,"circlet_count":0,"master_deck":["AscendersBane","Strike_G","Strike_G","Strike_G","Strike_G","Defend_G","Defend_G","Defend_G","Defend_G","Defend_G","Survivor","Neutralize+1","Cloak And Dagger","Flying Knee","Dagger Throw","Wraith Form v2"],"relics":["Ring of the Snake","Blood Vial","GremlinMask","Matryoshka","Pantograph","Snake Skull"],"potions_floor_usage":[8,8],"damage_taken":[{"damage":4,"enemies":"Cultist","floor":1,"turns":4},{"damage":0,"enemies":"2 Louse","floor":2,"turns":4},{"damage":6,"enemies":"Jaw Worm","floor":4,"turns":6},{"damage":53,"enemies":"Gremlin Nob","floor":8,"turns":5},{"damage":0,"enemies":"Blue Slaver","floor":10,"turns":1}],"seed_played":"9134699952231326834","potions_obtained":[{"floor":4,"key":"Regen Potion"}],"is_trial":false,"path_per_floor":["M","M","$","M","?","R","$","E","T","M"],"character_chosen":"THE_SILENT","items_purchased":["SteroidPotion"],"campfire_rested":0,"item_purchase_floors":[3],"current_hp_per_floor":[57,59,59,55,55,55,55,18,18,20],"gold":43,"neow_bonus":"RANDOM_COMMON_RELIC","is_prod":false,"is_daily":false,"chose_seed":false,"campfire_upgraded":1,"win_rate":0,"timestamp":1565070279,"path_taken":["M","M","?","M","?","R","$","E","T","M"],"build_version":"2019-07-17","purchased_purges":1,"victory":false,"max_hp_per_floor":[66,66,66,66,66,66,66,66,66,66],"card_choices":[{"not_picked":["Finisher","Flechettes"],"picked":"Cloak And Dagger","floor":1},{"not_picked":["Slice","Riddle With Holes"],"picked":"Flying Knee","floor":2},{"not_picked":["Outmaneuver","Slice"],"picked":"Dagger Throw","floor":4},{"not_picked":["Sucker Punch","Backflip"],"picked":"Wraith Form v2","floor":8}],"player_experience":590727,"relics_obtained":[{"floor":8,"key":"Matryoshka"},{"floor":9,"key":"Pantograph"},{"floor":9,"key":"Snake Skull"}],"event_choices":[{"damage_healed":0,"gold_gain":0,"player_choice":"Trade","damage_taken":0,"relics_obtained":["GremlinMask"],"max_hp_gain":0,"max_hp_loss":0,"event_name":"FaceTrader","floor":5,"gold_loss":0}],"is_beta":false,"boss_relics":[],"items_purged_floors":[7],"is_endless":false,"potions_floor_spawned":[4],"killed_by":"Blue Slaver","ascension_level":19}