{"gold_per_floor":[212,225,240,315,18,45,45,78,131,131,77,88,103,103],"floor_reached":14,"playtime":2185,"items_purged":["Strike_R"],"score":160,"play_id":"07befff5-6b41-4e8a-9c85-dab70d493aec","local_time":"20190827180150","is_ascension_mode":true,"campfire_choices":[{"data":"Bash","floor":7,"key":"SMITH"},{"data":"Entrench","floor":10,"key":"SMITH"}],"neow_cost":"NONE","seed_source_timestamp":174446743282700,"circlet_count":0,"master_deck":["AscendersBane","Strike_R","Strike_R","Strike_R","Strike_R","Defend_R","Defend_R","Defend_R","Defend_R+1","Bash+1","Metallicize","Armaments+1","Headbutt","Shockwave","Entrench+1","Shrug It Off","Juggernaut"],"relics":["Burning Blood","Lee\u0027s Waffle","War Paint","Regal Pillow","Tiny Chest"],"potions_floor_usage":[6,14],"damage_taken":[{"damage":4,"enemies":"Small Slimes","floor":1,"turns":4},{"damage":9,"enemies":"2 Louse","floor":2,"turns":4},{"damage":4,"enemies":"Jaw Worm","floor":3,"turns":5},{"damage":30,"enemies":"3 Sentries","floor":6,"turns":13},{"damage":20,"enemies":"Lagavulin","floor":8,"turns":11},{"damage":5,"enemies":"3 Louse","floor":12,"turns":6},{"damage":27,"enemies":"Lots of Slimes","floor":13,"turns":8},{"damage":53,"enemies":"Gremlin Gang","floor":14,"turns":3}],"seed_played":"7069316754478434344","potions_obtained":[{"floor":1,"key":"Energy Potion"},{"floor":13,"key":"BloodPotion"}],"is_trial":false,"path_per_floor":["M","M","M","?","$","E","R","E","T","R","$","M","M","M"],"character_chosen":"IRONCLAD","items_purchased":["Headbutt","Lee\u0027s Waffle","Shrug It Off"],"campfire_rested":0,"item_purchase_floors":[5,5,11],"current_hp_per_floor":[74,71,73,62,87,63,63,49,49,49,49,50,29,0],"gold":103,"neow_bonus":"HUNDRED_GOLD","is_prod":false,"is_daily":false,"chose_seed":false,"campfire_upgraded":2,"win_rate":0,"timestamp":1566943310,"path_taken":["M","M","M","?","$","E","R","E","T","R","$","M","M","M"],"build_version":"2019-07-17","purchased_purges":1,"victory":false,"max_hp_per_floor":[80,80,80,80,87,87,87,87,87,87,87,87,87,87],"card_choices":[{"not_picked":["Power Through","Sword Boomerang"],"picked":"Metallicize","floor":1},{"not_picked":["Seeing Red","Power Through","Flex"],"picked":"SKIP","floor":2},{"not_picked":["True Grit","Wild Strike"],"picked":"Armaments","floor":3},{"not_picked":["Fire Breathing","Disarm"],"picked":"Shockwave","floor":6},{"not_picked":["Cleave","Seeing Red"],"picked":"Entrench","floor":8},{"not_picked":["Spot Weakness","Dual Wield"],"picked":"Juggernaut","floor":12},{"not_picked":["Corruption","Thunderclap","Clothesline"],"picked":"SKIP","floor":13}],"player_experience":4123407,"relics_obtained":[{"floor":6,"key":"War Paint"},{"floor":8,"key":"Regal Pillow"},{"floor":9,"key":"Tiny Chest"}],"event_choices":[{"damage_healed":0,"gold_gain":75,"player_choice":"Gather Gold","damage_taken":11,"max_hp_gain":0,"max_hp_loss":0,"event_name":"World of Goop","floor":4,"gold_loss":0}],"is_beta":false,"boss_relics":[],"items_purged_floors":[5],"is_endless":false,"potions_floor_spawned":[1,13],"killed_by":"Gremlin Gang","ascension_level":12}