{"path_per_floor":["M","M","M","$","M","E","?","T","T","$","$","R","M","M","R","B",null,"M","?","M","?","M","E"],"character_chosen":"IRONCLAD","items_purchased":["Fiend Fire","Twin Strike"],"gold_per_floor":[119,130,141,141,159,223,188,213,213,59,36,36,46,56,56,152,152,152,152,107,107,107,107,107],"floor_reached":24,"campfire_rested":1,"playtime":1022,"current_hp_per_floor":[79,86,89,89,82,51,74,74,74,74,74,74,80,73,95,65,88,94,94,72,72,41,15,0],"items_purged":["Strike_R"],"gold":107,"score":298,"play_id":"d05a1190-e827-43e6-bae9-d0a4bb306ef2","local_time":"20180513224155","is_prod":false,"is_daily":false,"chose_seed":false,"is_ascension_mode":true,"campfire_upgraded":1,"timestamp":1526222515,"path_taken":["M","M","M","$","M","E","?","?","T","?","$","R","M","?","R","BOSS","M","?","M","?","?","E","M"],"build_version":"2018-05-10","seed_source_timestamp":25425640652565,"purchased_purges":1,"victory":false,"master_deck":["Strike_R","Strike_R","Strike_R","Strike_R","Defend_R","Defend_R","Defend_R","Defend_R","Bash+1","Feed","Spot Weakness","Flex","Twin Strike+1","Fiend Fire+1","Twin Strike","Thunderclap","Seeing Red","Reaper","Sword Boomerang","Dropkick+1","Uppercut"],"max_hp_per_floor":[83,86,89,89,92,95,95,95,95,95,95,95,95,95,95,95,95,95,95,95,95,95,95,95],"relics":["Burning Blood","Tiny Chest","Whetstone","Shuriken","Ectoplasm","Prayer Wheel","Bird Faced Urn"],"card_choices":[{"not_picked":["Corruption","Sword Boomerang"],"picked":"Spot Weakness","floor":1},{"not_picked":["Perfected Strike","Twin Strike"],"picked":"Flex","floor":3},{"not_picked":["Whirlwind","Cleave"],"picked":"Twin Strike","floor":5},{"not_picked":["Clash","Wild Strike"],"picked":"Thunderclap","floor":13},{"not_picked":["Pommel Strike","Dropkick"],"picked":"Seeing Red","floor":14},{"not_picked":["Dark Embrace","Barricade"],"picked":"Reaper","floor":16},{"not_picked":["Thunderclap","Iron Wave"],"picked":"Sword Boomerang","floor":18},{"not_picked":["Rupture","Perfected Strike"],"picked":"Dropkick","floor":20},{"not_picked":["Perfected Strike","Wild Strike"],"picked":"Uppercut","floor":22}],"player_experience":64696,"potions_floor_usage":[2,16,16,23],"damage_taken":[{"damage":10,"enemies":"2 Louse","floor":1,"turns":2},{"damage":0,"enemies":"Jaw Worm","floor":2,"turns":3},{"damage":0,"enemies":"Cultist","floor":3,"turns":2},{"damage":16,"enemies":"Looter","floor":5,"turns":4},{"damage":40,"enemies":"Lagavulin","floor":6,"turns":4},{"damage":0,"enemies":"Large Slime","floor":13,"turns":4},{"damage":13,"enemies":"Exordium Thugs","floor":14,"turns":3},{"damage":36,"enemies":"The Guardian","floor":16,"turns":7},{"damage":0,"enemies":"Chosen","floor":18,"turns":4},{"damage":33,"enemies":"2 Thieves","floor":20,"turns":3},{"damage":45,"enemies":"Centurion and Healer","floor":22,"turns":5},{"damage":42,"enemies":"Gremlin Leader","floor":23,"turns":5},{"damage":19,"enemies":"Snake Plant","floor":24,"turns":1}],"event_choices":[{"event_name":"The Cleric","player_choice":"Healed","floor":7,"damage_taken":0},{"event_name":"Vampires","player_choice":"Ignored","floor":19,"damage_taken":0},{"event_name":"The Mausoleum","player_choice":"Yes","floor":21,"damage_taken":0}],"boss_relics":[{"not_picked":["Runic Dome","Velvet Choker"],"picked":"Ectoplasm"}],"potions_floor_spawned":[1,13,16,22],"seed_played":"-6968194994868618354","killed_by":"Snake Plant","ascension_level":5,"is_trial":false}