{"gold_per_floor":[116,136,6,6,0,0,20,20,45,45,65,77,77,77,77,172,172,185,202,215,130,130,130,147,147,218,245,245,245,258,13,13,114,114,128,228,228,6,23,23,49,49,49,49,49,49,23,34,34,34],"floor_reached":51,"playtime":6974,"items_purged":[],"score":681,"play_id":"ded9b80b-ad81-42b6-a8d1-3acdecc5a27f","local_time":"20190629120837","is_ascension_mode":false,"campfire_choices":[{"data":"Pommel Strike","floor":6,"key":"SMITH"},{"data":"Flex","floor":8,"key":"SMITH"},{"data":"Twin Strike","floor":10,"key":"SMITH"},{"data":"Metallicize","floor":13,"key":"SMITH"},{"data":"Whirlwind","floor":15,"key":"SMITH"},{"data":"Fiend Fire","floor":23,"key":"SMITH"},{"data":"Flex","floor":28,"key":"SMITH"},{"data":"Flex","floor":32,"key":"SMITH"},{"floor":40,"key":"REST"},{"floor":44,"key":"REST"},{"data":"Warcry","floor":46,"key":"SMITH"},{"floor":49,"key":"REST"}],"neow_cost":"NONE","seed_source_timestamp":14326060277700,"circlet_count":0,"master_deck":["Strike_R","Strike_R","Strike_R","Strike_R","Defend_R","Bash","Pommel Strike+1","Twin Strike+1","Pummel","Flex+1","Dropkick","Whirlwind+1","Metallicize+1","Fiend Fire+1","Reaper+1","Fiend Fire+1","Fire Breathing+1","Anger","Flex+1","Headbutt+1","Feed+1","Perfected Strike+1","Cleave+1","Flex+1","Offering","Rampage+1","Second Wind","Pain","Secret Weapon","Warcry+1","Cleave+1","Power Through","Flex","Headbutt+1"],"relics":["Black Blood","NeowsBlessing","Orichalcum","Mango","Astrolabe","Molten Egg 2","Nilry\u0027s Codex","Kunai","Happy Flower","Lee\u0027s Waffle","Thread and Needle","WarpedTongs","Shuriken","Letter Opener"],"potions_floor_usage":[27,33,33,33,36,50],"damage_taken":[{"damage":0,"enemies":"Small Slimes","floor":1,"turns":1},{"damage":0,"enemies":"Jaw Worm","floor":2,"turns":1},{"damage":0,"enemies":"2 Louse","floor":7,"turns":1},{"damage":7,"enemies":"2 Fungi Beasts","floor":11,"turns":3},{"damage":4,"enemies":"Looter","floor":12,"turns":2},{"damage":14,"enemies":"Slime Boss","floor":16,"turns":8},{"damage":4,"enemies":"Chosen","floor":18,"turns":3},{"damage":4,"enemies":"3 Byrds","floor":19,"turns":3},{"damage":4,"enemies":"Cultist and Chosen","floor":20,"turns":3},{"damage":12,"enemies":"Shelled Parasite and Fungi","floor":24,"turns":3},{"damage":22,"enemies":"Slavers","floor":27,"turns":5},{"damage":25,"enemies":"Snake Plant","floor":30,"turns":3},{"damage":100,"enemies":"Champ","floor":33,"turns":9},{"damage":8,"enemies":"Orb Walker","floor":35,"turns":3},{"damage":37,"enemies":"Mind Bloom Boss Battle","floor":36,"turns":6},{"damage":18,"enemies":"3 Darklings","floor":39,"turns":4},{"damage":65,"enemies":"Nemesis","floor":41,"turns":5},{"damage":18,"enemies":"Maw","floor":48,"turns":6},{"damage":100,"enemies":"Donu and Deca","floor":50,"turns":9}],"seed_played":"-201608984181631107","potions_obtained":[{"floor":7,"key":"AttackPotion"},{"floor":11,"key":"BloodPotion"},{"floor":16,"key":"Block Potion"},{"floor":18,"key":"SkillPotion"},{"floor":30,"key":"FearPotion"},{"floor":33,"key":"SkillPotion"},{"floor":36,"key":"Strength Potion"}],"is_trial":false,"path_per_floor":["M","M","$","?","?","R","M","R","T","R","M","M","R","T","R","B",null,"M","M","M","?","?","R","M","?","T","E","R","?","M","$","R","B",null,"M","?","?","$","M","R","E","?","T","R","?","R","$","M","R","B",null],"character_chosen":"IRONCLAD","items_purchased":["Pummel","Flex","Lee\u0027s Waffle","Flex","Secret Weapon","Warcry","Flex"],"campfire_rested":3,"item_purchase_floors":[3,3,31,31,38,38,47],"current_hp_per_floor":[80,80,80,73,73,73,79,79,79,79,78,80,80,94,94,86,94,94,94,94,94,94,94,94,78,78,71,71,51,32,110,110,16,110,110,83,83,83,75,108,62,62,62,95,95,95,95,87,104,22],"gold":34,"neow_bonus":"THREE_ENEMY_KILL","is_prod":false,"is_daily":false,"chose_seed":false,"campfire_upgraded":9,"win_rate":0.0,"timestamp":1561777717,"path_taken":["M","M","$","?","?","R","M","R","T","R","M","M","R","?","R","BOSS","M","M","M","?","?","R","M","?","T","E","R","?","M","?","R","BOSS","M","?","?","$","?","R","E","?","T","R","?","R","?","M","R","BOSS"],"build_version":"2019-01-23","purchased_purges":0,"victory":true,"max_hp_per_floor":[80,80,80,80,80,80,80,80,80,80,80,80,80,94,94,94,94,94,94,94,94,94,94,94,94,94,98,98,103,103,110,110,110,110,110,110,110,110,110,110,110,110,110,110,104,104,104,104,104,104],"card_choices":[{"not_picked":["Intimidate","Corruption"],"picked":"Pommel Strike","floor":1},{"not_picked":["Sever Soul","Dual Wield"],"picked":"Twin Strike","floor":2},{"not_picked":["Sever Soul","True Grit"],"picked":"Dropkick","floor":7},{"not_picked":["Intimidate","Clash"],"picked":"Whirlwind","floor":11},{"not_picked":["Second Wind","Flame Barrier"],"picked":"Metallicize","floor":12},{"not_picked":["Impervious","Barricade"],"picked":"Fiend Fire","floor":16},{"not_picked":["Clash","Thunderclap"],"picked":"Anger","floor":18},{"not_picked":["Burning Pact","Uppercut"],"picked":"Flex","floor":19},{"not_picked":["Shockwave","Body Slam+1"],"picked":"Headbutt+1","floor":20},{"not_picked":["Flex","Clash+1"],"picked":"Feed+1","floor":24},{"not_picked":["Hemokinesis+1","Sword Boomerang+1"],"picked":"Perfected Strike+1","floor":27},{"not_picked":["Sword Boomerang+1","Feel No Pain"],"picked":"Cleave+1","floor":30},{"not_picked":["Dark Embrace","Juggernaut"],"picked":"Offering","floor":33},{"not_picked":["Sever Soul+1","Thunderclap+1"],"picked":"Rampage+1","floor":35},{"not_picked":["Anger+1","Fire Breathing+1"],"picked":"Second Wind","floor":36},{"not_picked":["Flex","Anger+1"],"picked":"Cleave+1","floor":39},{"not_picked":["Body Slam+1","Reckless Charge+1"],"picked":"Power Through","floor":41},{"not_picked":["Shockwave","True Grit+1"],"picked":"Headbutt+1","floor":48}],"player_experience":14092,"relics_obtained":[{"floor":9,"key":"Orichalcum"},{"floor":14,"key":"Mango"},{"floor":25,"key":"Nilry\u0027s Codex"},{"floor":26,"key":"Kunai"},{"floor":27,"key":"Happy Flower"},{"floor":36,"key":"Thread and Needle"},{"floor":41,"key":"Shuriken"},{"floor":43,"key":"Letter Opener"}],"event_choices":[{"cards_removed":["Strike_R"],"damage_healed":0,"gold_gain":0,"player_choice":"Card Removal","damage_taken":7,"max_hp_gain":0,"max_hp_loss":0,"event_name":"Golden Wing","floor":4,"gold_loss":0},{"damage_healed":0,"gold_gain":0,"player_choice":"Left Gold","damage_taken":0,"max_hp_gain":0,"max_hp_loss":0,"event_name":"World of Goop","floor":5,"gold_loss":6},{"damage_healed":0,"gold_gain":0,"player_choice":"Obtained Relic","damage_taken":0,"relics_obtained":["Molten Egg 2"],"max_hp_gain":0,"max_hp_loss":0,"event_name":"Addict","floor":21,"gold_loss":85},{"damage_healed":0,"gold_gain":0,"player_choice":"Ignored","damage_taken":0,"max_hp_gain":0,"max_hp_loss":0,"event_name":"Beggar","floor":22,"gold_loss":0},{"damage_healed":0,"gold_gain":0,"player_choice":"Obtained Book","damage_taken":16,"max_hp_gain":0,"max_hp_loss":0,"event_name":"Cursed Tome","floor":25,"gold_loss":0},{"damage_healed":0,"gold_gain":0,"player_choice":"Shed Blood","damage_taken":25,"max_hp_gain":5,"max_hp_loss":0,"event_name":"Forgotten Altar","floor":29,"gold_loss":0},{"damage_healed":0,"gold_gain":0,"player_choice":"Fight","damage_taken":0,"max_hp_gain":0,"max_hp_loss":0,"event_name":"MindBloom","floor":36,"gold_loss":0},{"damage_healed":0,"gold_gain":0,"player_choice":"Rummage","damage_taken":0,"relics_obtained":["WarpedTongs"],"max_hp_gain":0,"max_hp_loss":0,"event_name":"Accursed Blacksmith","floor":37,"gold_loss":0,"cards_obtained":["Pain"]},{"damage_healed":0,"gold_gain":0,"player_choice":"Memory 1","damage_taken":0,"max_hp_gain":0,"max_hp_loss":0,"event_name":"SensoryStone","floor":42,"gold_loss":0},{"damage_healed":0,"gold_gain":0,"player_choice":"Max HP","damage_taken":0,"max_hp_gain":0,"max_hp_loss":6,"event_name":"Winding Halls","floor":45,"gold_loss":0}],"is_beta":false,"boss_relics":[{"not_picked":["Runic Pyramid","Fusion Hammer"],"picked":"Astrolabe"},{"not_picked":["Runic Cube","Cursed Key"],"picked":"Black Blood"}],"items_purged_floors":[],"is_endless":false,"potions_floor_spawned":[7,11,16,18,24,30,33,36],"ascension_level":0}