{"gold_per_floor":[110,128,144,219,234,234,287,287,287,303,47,67,67,80,80,157,157,174,174,184,69,87,87,106,106],"floor_reached":25,"playtime":1174,"items_purged":["Strike_G"],"score":384,"play_id":"200538ea-df00-4d17-86d4-69314ceb9c17","local_time":"20190807010707","is_ascension_mode":true,"campfire_choices":[{"data":"Neutralize","floor":6,"key":"SMITH"},{"data":"Blur","floor":8,"key":"SMITH"},{"data":"Noxious Fumes","floor":13,"key":"SMITH"},{"data":"Leg Sweep","floor":15,"key":"SMITH"},{"data":"Noxious Fumes","floor":23,"key":"SMITH"}],"neow_cost":"PERCENT_DAMAGE","seed_source_timestamp":344244178122800,"circlet_count":0,"master_deck":["AscendersBane","Strike_G","Strike_G","Strike_G","Strike_G","Defend_G","Defend_G","Defend_G","Defend_G","Defend_G","Survivor","Neutralize+1","Masterful Stab","Blur+1","Acrobatics","Dagger Spray","Dagger Spray","Noxious Fumes+1","Leg Sweep+1","Footwork","After Image","Acrobatics","RitualDagger","Cloak And Dagger+1","Noxious Fumes+1","Deflect","Deflect"],"relics":["Ring of the Snake","Oddly Smooth Stone","Unceasing Top","Blood Vial","Philosopher\u0027s Stone"],"potions_floor_usage":[12,16,24,25],"damage_taken":[{"damage":7,"enemies":"Small Slimes","floor":1,"turns":3},{"damage":0,"enemies":"Jaw Worm","floor":2,"turns":3},{"damage":0,"enemies":"2 Louse","floor":3,"turns":3},{"damage":4,"enemies":"Looter","floor":5,"turns":3},{"damage":0,"enemies":"2 Fungi Beasts","floor":10,"turns":3},{"damage":0,"enemies":"Exordium Wildlife","floor":12,"turns":4},{"damage":11,"enemies":"3 Louse","floor":14,"turns":3},{"damage":12,"enemies":"Hexaghost","floor":16,"turns":13},{"damage":12,"enemies":"Spheric Guardian","floor":18,"turns":9},{"damage":0,"enemies":"3 Byrds","floor":20,"turns":4},{"damage":10,"enemies":"Centurion and Healer","floor":22,"turns":6},{"damage":33,"enemies":"3 Cultists","floor":24,"turns":7},{"damage":17,"enemies":"Shelled Parasite and Fungi","floor":25,"turns":2}],"seed_played":"559264219447150980","potions_obtained":[{"floor":1,"key":"SpeedPotion"},{"floor":2,"key":"AttackPotion"},{"floor":14,"key":"Block Potion"},{"floor":24,"key":"Poison Potion"}],"is_trial":false,"path_per_floor":["M","M","M","?","M","R","T","R","T","M","$","M","R","M","R","B",null,"M","?","M","$","M","R","M","M"],"character_chosen":"THE_SILENT","items_purchased":["Blood Vial","Noxious Fumes","Noxious Fumes"],"campfire_rested":0,"item_purchase_floors":[11,11,21],"current_hp_per_floor":[49,49,49,38,34,34,34,34,34,34,34,36,36,27,27,17,63,53,47,49,49,41,41,10,0],"gold":106,"neow_bonus":"TWENTY_PERCENT_HP_BONUS","is_prod":false,"is_daily":false,"chose_seed":false,"campfire_upgraded":5,"win_rate":0,"timestamp":1565107627,"path_taken":["M","M","M","?","M","R","?","R","T","M","$","M","R","M","R","BOSS","M","?","M","$","M","R","M","M"],"build_version":"2019-07-17","purchased_purges":1,"victory":false,"max_hp_per_floor":[78,78,78,78,78,78,78,78,78,78,78,78,78,78,78,78,78,78,78,78,78,78,78,78,78],"card_choices":[{"not_picked":["Infinite Blades","PiercingWail"],"picked":"Masterful Stab","floor":1},{"not_picked":["Riddle With Holes","Setup"],"picked":"Blur","floor":2},{"not_picked":["Poisoned Stab","Underhanded Strike"],"picked":"Acrobatics","floor":3},{"not_picked":["Deadly Poison","Sucker Punch"],"picked":"Dagger Spray","floor":5},{"not_picked":["Blade Dance","Slice"],"picked":"Dagger Spray","floor":10},{"not_picked":["Underhanded Strike","Deadly Poison"],"picked":"Leg Sweep","floor":12},{"not_picked":["Flechettes","Bane"],"picked":"Footwork","floor":14},{"not_picked":["Glass Knife","Envenom"],"picked":"After Image","floor":16},{"not_picked":["Dodge and Roll","Outmaneuver"],"picked":"Acrobatics","floor":18},{"not_picked":["Skewer","Deadly Poison"],"picked":"Cloak And Dagger+1","floor":20},{"not_picked":["Crippling Poison","Slice"],"picked":"Deflect","floor":22},{"not_picked":["Prepared","Setup"],"picked":"Deflect","floor":24}],"player_experience":596707,"relics_obtained":[{"floor":7,"key":"Oddly Smooth Stone"},{"floor":9,"key":"Unceasing Top"}],"event_choices":[{"damage_healed":0,"gold_gain":75,"player_choice":"Gather Gold","damage_taken":11,"max_hp_gain":0,"max_hp_loss":0,"event_name":"World of Goop","floor":4,"gold_loss":0},{"damage_healed":0,"gold_gain":0,"player_choice":"Joined the Cult","damage_taken":6,"max_hp_gain":0,"max_hp_loss":0,"event_name":"Nest","floor":19,"gold_loss":0,"cards_obtained":["RitualDagger"]}],"is_beta":false,"boss_relics":[{"not_picked":["Snecko Eye","Eternal Feather"],"picked":"Philosopher\u0027s Stone"}],"items_purged_floors":[21],"is_endless":false,"potions_floor_spawned":[1,2,14,24],"killed_by":"Shelled Parasite and Fungi","ascension_level":19}