{"gold_per_floor":[117,117,63,63,28,54,76,28,28,54,65,77,32,32,32,127,127,147,158,15,15,15,79,79,91,91,91,123,135,151,151,151,249,249,263,263,41,41,54,54,54],"floor_reached":41,"playtime":3155,"items_purged":[],"score":500,"play_id":"ec82ef20-c6a1-48d8-9074-0fefe640272f","local_time":"20180920234757","is_ascension_mode":false,"campfire_choices":[{"data":"Twin Strike","floor":15,"key":"SMITH"},{"floor":24,"key":"REST"},{"data":"Flex","floor":27,"key":"SMITH"},{"floor":32,"key":"REST"},{"data":"Barricade","floor":40,"key":"SMITH"}],"neow_cost":"NONE","seed_source_timestamp":130543794638045,"circlet_count":0,"master_deck":["Strike_R","Strike_R","Strike_R","Strike_R","Strike_R","Defend_R","Defend_R+1","Defend_R","Defend_R","Bash+1","Pommel Strike","Cleave","Perfected Strike","Perfected Strike","Berserk","Anger","Cleave","Uppercut","Twin Strike+1","Regret","Barricade+1","Shrug It Off+1","Iron Wave+1","Twin Strike+1","Bash","Perfected Strike+1","Flex+1","Headbutt+1","Reaper","Anger+1","Barricade+1","Doubt","Writhe","Parasite","Seeing Red+1","Twin Strike+1","Metallicize+1","Headbutt+1","Perfected Strike"],"relics":["Burning Blood","PreservedInsect","Odd Mushroom","Self Forming Clay","Smiling Mask","Vajra","Black Star","Happy Flower","Regal Pillow","Tiny Chest","Incense Burner","Kunai","Frozen Egg 2","MutagenicStrength","Calling Bell","Juzu Bracelet","Gremlin Horn","Prayer Wheel","Meat on the Bone","Whetstone"],"potions_floor_usage":[16,16,16,23,23,30,33,33,35],"damage_taken":[{"damage":12,"enemies":"Small Slimes","floor":1,"turns":3},{"damage":14,"enemies":"Gremlin Nob","floor":6,"turns":3},{"damage":9,"enemies":"The Mushroom Lair","floor":7,"turns":3},{"damage":0,"enemies":"Cultist","floor":11,"turns":2},{"damage":0,"enemies":"2 Louse","floor":12,"turns":1},{"damage":41,"enemies":"Hexaghost","floor":16,"turns":8},{"damage":24,"enemies":"2 Thieves","floor":18,"turns":3},{"damage":13,"enemies":"Chosen","floor":19,"turns":4},{"damage":25,"enemies":"Book of Stabbing","floor":23,"turns":4},{"damage":13,"enemies":"3 Cultists","floor":25,"turns":4},{"damage":25,"enemies":"Gremlin Leader","floor":28,"turns":4},{"damage":10,"enemies":"Cultist and Chosen","floor":29,"turns":4},{"damage":15,"enemies":"Centurion and Healer","floor":30,"turns":3},{"damage":72,"enemies":"Champ","floor":33,"turns":10},{"damage":18,"enemies":"Orb Walker","floor":35,"turns":3},{"damage":21,"enemies":"3 Shapes","floor":39,"turns":4},{"damage":87,"enemies":"Giant Head","floor":41,"turns":9}],"seed_played":"-680192875367013517","potions_obtained":[{"floor":2,"key":"GamblersBrew"},{"floor":2,"key":"GamblersBrew"},{"floor":2,"key":"Dexterity Potion"},{"floor":6,"key":"Explosive Potion"},{"floor":7,"key":"LiquidBronze"},{"floor":16,"key":"Fruit Juice"},{"floor":18,"key":"Regen Potion"},{"floor":25,"key":"Ancient Potion"},{"floor":28,"key":"AttackPotion"},{"floor":30,"key":"Block Potion"},{"floor":33,"key":"PowerPotion"},{"floor":35,"key":"FearPotion"}],"is_trial":false,"path_per_floor":["M","?","$","?","?","E","?","$","T","T","M","M","$","?","R","B",null,"M","M","$","?","?","E","R","M","T","R","E","M","M","?","R","B",null,"M","?","$","?","M","R"],"character_chosen":"IRONCLAD","items_purchased":["Perfected Strike","Anger","Twin Strike","Happy Flower","Metallicize+1","Whetstone"],"campfire_rested":2,"item_purchase_floors":[3,8,13,20,37,37],"current_hp_per_floor":[74,74,74,58,78,70,67,67,67,67,73,79,79,79,79,49,85,67,60,60,60,60,53,85,78,78,78,59,55,46,46,85,19,85,73,73,73,85,73,73,0],"gold":54,"neow_bonus":"THREE_CARDS","is_prod":false,"is_daily":false,"chose_seed":false,"campfire_upgraded":3,"win_rate":0.0,"timestamp":1537512477,"path_taken":["M","?","$","?","?","E","?","?","T","?","?","M","?","?","R","BOSS","M","M","$","?","?","E","R","M","T","R","E","M","?","?","R","BOSS","M","?","$","?","M","R","E"],"build_version":"2018-09-20","purchased_purges":0,"victory":false,"max_hp_per_floor":[80,80,80,80,80,80,80,80,80,80,80,80,80,80,80,85,85,85,85,85,85,85,85,85,85,85,85,85,85,85,85,85,85,85,85,85,85,85,85,85,85],"card_choices":[{"not_picked":["Heavy Blade","Clothesline"],"picked":"Pommel Strike","floor":0},{"not_picked":["Power Through","Sword Boomerang"],"picked":"Cleave","floor":1},{"not_picked":["Battle Trance","Headbutt"],"picked":"Perfected Strike","floor":6},{"not_picked":["Clash","Whirlwind"],"picked":"Berserk","floor":7},{"not_picked":["True Grit","Body Slam"],"picked":"Cleave","floor":11},{"not_picked":["Entrench","Armaments"],"picked":"Uppercut","floor":12},{"not_picked":["Impervious","Feed"],"picked":"Barricade","floor":16},{"not_picked":["Pommel Strike","Power Through"],"picked":"Shrug It Off+1","floor":18},{"not_picked":["Warcry","Anger"],"picked":"Iron Wave+1","floor":19},{"not_picked":["True Grit","Limit Break"],"picked":"Perfected Strike","floor":23},{"not_picked":["Pummel","Perfected Strike+1"],"picked":"Flex","floor":25},{"not_picked":["Body Slam","Thunderclap"],"picked":"Headbutt","floor":28},{"not_picked":["Hemokinesis","Flame Barrier"],"picked":"Reaper","floor":29},{"not_picked":["Flex","Feel No Pain+1"],"picked":"Anger+1","floor":30},{"not_picked":["Bludgeon","Offering"],"picked":"Barricade+1","floor":33},{"not_picked":["Shrug It Off+1","Sword Boomerang+1"],"picked":"Seeing Red+1","floor":35},{"not_picked":["Pommel Strike","Clash+1"],"picked":"Twin Strike+1","floor":35},{"not_picked":["Armaments","Carnage"],"picked":"Headbutt+1","floor":39},{"not_picked":["Heavy Blade+1","Uppercut+1"],"picked":"Perfected Strike","floor":39}],"player_experience":36348,"relics_obtained":[{"floor":6,"key":"PreservedInsect"},{"floor":7,"key":"Odd Mushroom"},{"floor":9,"key":"Self Forming Clay"},{"floor":10,"key":"Smiling Mask"},{"floor":23,"key":"Regal Pillow"},{"floor":23,"key":"Tiny Chest"},{"floor":26,"key":"Incense Burner"},{"floor":28,"key":"Kunai"},{"floor":28,"key":"Frozen Egg 2"},{"floor":34,"key":"Juzu Bracelet"},{"floor":34,"key":"Gremlin Horn"},{"floor":34,"key":"Prayer Wheel"}],"event_choices":[{"event_name":"The Lab","player_choice":"Got Potions","floor":2,"damage_taken":0},{"event_name":"Shining Light","player_choice":"Entered Light","floor":4,"damage_taken":0},{"event_name":"The Cleric","player_choice":"Healed","floor":5,"damage_taken":0},{"event_name":"Mushrooms","player_choice":"Fought Mushrooms","floor":7,"damage_taken":0},{"event_name":"Big Fish","player_choice":"Box","floor":14,"damage_taken":0},{"event_name":"Duplicator","player_choice":"One dupe","floor":21,"damage_taken":0},{"event_name":"Match and Keep!","player_choice":"2 cards matched","floor":22,"damage_taken":0},{"event_name":"Drug Dealer","player_choice":"Inject Mutagens","floor":31,"damage_taken":0},{"event_name":"WeMeetAgain","player_choice":"Potion","floor":36,"damage_taken":0},{"event_name":"Bonfire Elementals","player_choice":"UNCOMMON","floor":38,"damage_taken":0}],"is_beta":false,"boss_relics":[{"not_picked":["Black Blood","Eternal Feather"],"picked":"Black Star"},{"not_picked":["Runic Pyramid","Astrolabe"],"picked":"Calling Bell"}],"items_purged_floors":[],"is_endless":false,"potions_floor_spawned":[6,7,16,18,25,28,30,33,35],"killed_by":"Giant Head","ascension_level":0}