{"path_per_floor":["M","M","?","?","M","R","E","M","T","E","$","E","R","?","R","B",null,"M","?","?","$","M","R"],"character_chosen":"DEFECT","items_purchased":["Auto Shields"],"gold_per_floor":[110,125,125,75,87,87,122,135,160,195,42,70,70,70,70,168,168,185,217,132,32,32,32,32],"floor_reached":24,"campfire_rested":3,"playtime":1186,"current_hp_per_floor":[75,75,75,75,74,74,61,61,61,40,40,34,58,58,82,51,82,60,25,25,25,9,33,0],"items_purged":["Strike_B","Regret"],"gold":32,"score":223,"play_id":"a8279cdb-dadd-4d8f-8d74-72df1ed47714","local_time":"20180518031227","is_prod":false,"is_daily":false,"chose_seed":false,"is_ascension_mode":true,"campfire_upgraded":1,"timestamp":1526584347,"campfire_choices":[{"data":"Defragment","floor":6,"key":"SMITH"},{"floor":13,"key":"REST"},{"floor":15,"key":"REST"},{"floor":23,"key":"REST"}],"path_taken":["M","M","?","?","?","R","E","M","T","E","$","E","R","?","R","BOSS","M","?","?","$","M","R","M"],"build_version":"2018-05-17","seed_source_timestamp":37220169726146,"purchased_purges":2,"victory":false,"master_deck":["Strike_B+1","Defend_B","Defend_B","Defend_B","Defend_B","Zap+1","Dualcast","BootSequence","Defragment+1","Thunder Strike+1","Leap","Streamline","Static Discharge","Auto Shields","Static Discharge","Seek","Parasite","Pain","Beam Cell+1"],"max_hp_per_floor":[75,75,75,75,75,75,75,75,75,82,82,82,82,82,82,82,82,82,82,82,82,82,82,82],"relics":["Cracked Core","Anchor","Whetstone","Art of War","Strawberry","Orichalcum","Calling Bell","Lantern","Ornamental Fan","Du-Vu Doll","Red Mask","Dead Branch"],"card_choices":[{"not_picked":["Stack","Hologram"],"picked":"BootSequence","floor":1},{"not_picked":["Ball Lightning","Leap"],"picked":"Defragment","floor":2},{"not_picked":["Consume","Axe Kick"],"picked":"Leap","floor":5},{"not_picked":["Coolheaded","Lockon","Hologram"],"picked":"SKIP","floor":7},{"not_picked":["Ball Lightning","FTL"],"picked":"Streamline","floor":8},{"not_picked":["Steam","Buffer"],"picked":"Static Discharge","floor":10},{"not_picked":["Undo","Hologram"],"picked":"Static Discharge","floor":12},{"not_picked":["Rainbow","Thunder Strike"],"picked":"Seek","floor":16},{"not_picked":["Stack","Redo","Turbo"],"picked":"SKIP","floor":18},{"not_picked":["Consume+1","Skim"],"picked":"Beam Cell+1","floor":22}],"player_experience":73210,"potions_floor_usage":[7,12,19,22],"damage_taken":[{"damage":0,"enemies":"Small Slimes","floor":1,"turns":3},{"damage":0,"enemies":"Jaw Worm","floor":2,"turns":3},{"damage":1,"enemies":"Cultist","floor":5,"turns":3},{"damage":13,"enemies":"Lagavulin","floor":7,"turns":7},{"damage":0,"enemies":"Large Slime","floor":8,"turns":4},{"damage":28,"enemies":"Gremlin Nob","floor":10,"turns":5},{"damage":11,"enemies":"3 Sentries","floor":12,"turns":7},{"damage":31,"enemies":"Hexaghost","floor":16,"turns":7},{"damage":22,"enemies":"Shell Parasite","floor":18,"turns":6},{"damage":35,"enemies":"√…√Ê«øµ¡","floor":19,"turns":6},{"damage":16,"enemies":"2 Thieves","floor":22,"turns":5},{"damage":42,"enemies":"Sentry and Sphere","floor":24,"turns":5}],"relics_obtained":[{"floor":7,"key":"Whetstone"},{"floor":9,"key":"Art of War"},{"floor":10,"key":"Strawberry"},{"floor":12,"key":"Orichalcum"},{"floor":17,"key":"Lantern"},{"floor":17,"key":"Ornamental Fan"},{"floor":17,"key":"Du-Vu Doll"},{"floor":19,"key":"Red Mask"}],"event_choices":[{"event_name":"Living Wall","player_choice":"Change","floor":3,"damage_taken":0},{"event_name":"The Cleric","player_choice":"Card Removal","floor":4,"damage_taken":0},{"event_name":"Upgrade Shrine","player_choice":"Upgraded","floor":14,"damage_taken":0},{"event_name":"Masked Bandits","player_choice":"Fought over 185 gold","floor":19,"damage_taken":0},{"event_name":"Addict","player_choice":"Obtained Relic","floor":20,"damage_taken":0}],"boss_relics":[{"not_picked":["Snecko Eye","Ectoplasm"],"picked":"Calling Bell"}],"potions_floor_spawned":[5,7,8,16,18],"seed_played":"-8646853873301913335","killed_by":"Sentry and Sphere","ascension_level":1,"potions_obtained":[{"floor":5,"key":"Weak Potion"},{"floor":7,"key":"Poison Potion"},{"floor":8,"key":"Regen Potion"},{"floor":16,"key":"SteroidPotion"},{"floor":18,"key":"Block Potion"}],"is_trial":false}