{"gold_per_floor":[116,41,41,11,86,86,112,112,157,207,241,241,255,272,272,272],"floor_reached":16,"playtime":389,"items_purged":["Strike_B"],"score":304,"play_id":"dca4fe75-0d66-4796-b712-98ad9d61609f","local_time":"20190824014220","is_ascension_mode":true,"campfire_choices":[{"data":"Zap","floor":6,"key":"SMITH"},{"data":"Streamline","floor":12,"key":"SMITH"},{"data":"Reprogram","floor":15,"key":"SMITH"}],"neow_cost":"NONE","seed_source_timestamp":242200550987000,"circlet_count":0,"master_deck":["AscendersBane","Strike_B","Strike_B","Strike_B","Defend_B","Defend_B","Defend_B","Defend_B","Zap+1","Dualcast","Streamline+1","Conserve Battery","Leap","Regret","Steam","Glacier","Reprogram+1"],"relics":["Cracked Core","NeowsBlessing","Darkstone Periapt","Bag of Marbles","Dead Branch","Happy Flower","PreservedInsect"],"potions_floor_usage":[16],"damage_taken":[{"damage":0,"enemies":"Cultist","floor":1,"turns":1},{"damage":0,"enemies":"Gremlin Nob","floor":7,"turns":1},{"damage":0,"enemies":"Lagavulin","floor":11,"turns":2},{"damage":2,"enemies":"Jaw Worm","floor":13,"turns":2},{"damage":0,"enemies":"2 Louse","floor":14,"turns":2},{"damage":50,"enemies":"The Guardian","floor":16,"turns":14}],"seed_played":"-5946348451445847143","potions_obtained":[{"floor":13,"key":"SpeedPotion"}],"is_trial":false,"path_per_floor":["M","$","?","$","?","R","E","?","T","?","E","R","M","M","R","B"],"character_chosen":"DEFECT","items_purchased":["Conserve Battery"],"campfire_rested":0,"item_purchase_floors":[4],"current_hp_per_floor":[64,64,59,59,48,48,48,54,54,47,47,47,45,45,45,0],"gold":272,"neow_bonus":"THREE_ENEMY_KILL","is_prod":false,"is_daily":false,"chose_seed":false,"campfire_upgraded":3,"win_rate":0,"timestamp":1566578540,"path_taken":["M","$","?","$","?","R","E","?","T","?","E","R","M","M","R","BOSS"],"build_version":"2019-07-17","purchased_purges":1,"victory":false,"max_hp_per_floor":[71,71,71,71,71,71,71,77,77,77,77,77,77,77,77,77],"card_choices":[{"not_picked":["Coolheaded","Turbo"],"picked":"Streamline","floor":1},{"not_picked":["Hologram","Loop"],"picked":"Leap","floor":7},{"not_picked":["Streamline","Reprogram"],"picked":"Steam","floor":11},{"not_picked":["Rip and Tear","Lockon"],"picked":"Glacier","floor":13},{"not_picked":["Force Field","Hello World"],"picked":"Reprogram","floor":14}],"player_experience":779150,"relics_obtained":[{"floor":7,"key":"Bag of Marbles"},{"floor":9,"key":"Happy Flower"},{"floor":11,"key":"PreservedInsect"}],"event_choices":[{"damage_healed":0,"gold_gain":0,"player_choice":"Success","damage_taken":5,"relics_obtained":["Darkstone Periapt"],"max_hp_gain":0,"max_hp_loss":0,"event_name":"Scrap Ooze","floor":3,"gold_loss":0},{"damage_healed":0,"gold_gain":75,"player_choice":"Gather Gold","damage_taken":11,"max_hp_gain":0,"max_hp_loss":0,"event_name":"World of Goop","floor":5,"gold_loss":0},{"damage_healed":0,"gold_gain":0,"player_choice":"Box","damage_taken":0,"relics_obtained":["Dead Branch"],"max_hp_gain":0,"max_hp_loss":0,"event_name":"Big Fish","floor":8,"gold_loss":0,"cards_obtained":["Regret"]},{"damage_healed":0,"gold_gain":50,"player_choice":"Touch","damage_taken":7,"max_hp_gain":0,"max_hp_loss":0,"event_name":"FaceTrader","floor":10,"gold_loss":0}],"is_beta":false,"boss_relics":[],"items_purged_floors":[2],"is_endless":false,"potions_floor_spawned":[13],"killed_by":"The Guardian","ascension_level":19}