{"gold_per_floor":[368,443,443,3,22,22,39,51,106,25,25,25,35,52,52,156,156,169,181,198,198,53,53,84,84,84,84,98,113,129,129],"floor_reached":31,"playtime":1231,"items_purged":["Strike_R","Strike_R"],"score":374,"play_id":"72a57bc2-658d-4802-9cad-f486e60d1086","local_time":"20190825194844","is_ascension_mode":true,"campfire_choices":[{"data":"Twin Strike","floor":6,"key":"SMITH"},{"data":"Combust","floor":12,"key":"SMITH"},{"data":"Rampage","floor":15,"key":"SMITH"},{"floor":23,"key":"REST"},{"floor":25,"key":"REST"},{"floor":27,"key":"REST"}],"neow_cost":"TEN_PERCENT_HP_LOSS","seed_source_timestamp":899055094263200,"circlet_count":0,"master_deck":["AscendersBane","Strike_R","Strike_R","Defend_R","Defend_R","Defend_R","Defend_R","Bash+1","Infernal Blade+1","Combust+1","Twin Strike+1","Pommel Strike","Clothesline","Rupture","Rampage+1","Shockwave+1","Immolate","Heavy Blade","Burning Pact","Intimidate","Flex+1"],"relics":["Burning Blood","Paper Frog","Anchor","Fusion Hammer","War Paint","Bottled Tornado"],"potions_floor_usage":[13,24,31,31],"damage_taken":[{"damage":12,"enemies":"2 Louse","floor":1,"turns":3},{"damage":2,"enemies":"Small Slimes","floor":5,"turns":2},{"damage":1,"enemies":"Cultist","floor":7,"turns":3},{"damage":11,"enemies":"Blue Slaver","floor":8,"turns":3},{"damage":1,"enemies":"Gremlin Gang","floor":13,"turns":3},{"damage":3,"enemies":"Lots of Slimes","floor":14,"turns":2},{"damage":28,"enemies":"Slime Boss","floor":16,"turns":8},{"damage":0,"enemies":"Chosen","floor":18,"turns":3},{"damage":16,"enemies":"3 Byrds","floor":19,"turns":4},{"damage":13,"enemies":"Centurion and Healer","floor":20,"turns":3},{"damage":24,"enemies":"Book of Stabbing","floor":24,"turns":4},{"damage":30,"enemies":"Snake Plant","floor":28,"turns":4},{"damage":13,"enemies":"Snecko","floor":29,"turns":4},{"damage":24,"enemies":"Shelled Parasite and Fungi","floor":30,"turns":3},{"damage":25,"enemies":"Centurion and Healer","floor":31,"turns":3}],"seed_played":"-6189259663026692811","potions_obtained":[{"floor":5,"key":"FearPotion"},{"floor":13,"key":"Dexterity Potion"},{"floor":14,"key":"AttackPotion"},{"floor":28,"key":"EssenceOfSteel"}],"is_trial":false,"path_per_floor":["M","?","?","$","M","R","M","M","T","$","?","R","M","M","R","B",null,"M","M","M","?","$","R","E","R","T","R","M","M","M","M"],"character_chosen":"IRONCLAD","items_purchased":["Combust","Paper Frog","Fire Potion","Rupture","Heavy Blade"],"campfire_rested":3,"item_purchase_floors":[4,4,4,10,22],"current_hp_per_floor":[66,55,55,55,59,59,64,59,59,59,59,59,64,67,67,45,65,71,61,54,54,54,72,54,72,72,72,48,41,23,0],"gold":129,"neow_bonus":"TWO_FIFTY_GOLD","is_prod":false,"is_daily":false,"chose_seed":false,"campfire_upgraded":3,"win_rate":0,"timestamp":1566730124,"path_taken":["M","?","?","$","M","R","M","?","T","$","?","R","M","?","R","BOSS","M","M","?","?","?","R","E","R","T","R","?","M","M","M"],"build_version":"2019-07-17","purchased_purges":2,"victory":false,"max_hp_per_floor":[72,72,72,72,72,72,72,72,72,72,72,72,72,72,72,72,72,72,72,72,72,72,72,72,72,72,72,72,72,72,72],"card_choices":[{"not_picked":["Warcry","Wild Strike"],"picked":"Infernal Blade","floor":1},{"not_picked":["Limit Break","Flex"],"picked":"Twin Strike","floor":5},{"not_picked":["Hemokinesis","Armaments"],"picked":"Pommel Strike","floor":7},{"not_picked":["Dropkick","Warcry"],"picked":"Clothesline","floor":8},{"not_picked":["Uppercut","Infernal Blade"],"picked":"Rampage","floor":13},{"not_picked":["Headbutt","Rage"],"picked":"Shockwave","floor":14},{"not_picked":["Berserk","Limit Break"],"picked":"Immolate","floor":16},{"not_picked":["Feel No Pain","Clothesline","Body Slam"],"picked":"SKIP","floor":18},{"not_picked":["Entrench","Anger+1","Perfected Strike"],"picked":"SKIP","floor":19},{"not_picked":["Wild Strike","Sword Boomerang","Warcry"],"picked":"SKIP","floor":20},{"not_picked":["Sword Boomerang","Anger"],"picked":"Burning Pact","floor":24},{"not_picked":["Warcry","Clothesline"],"picked":"Intimidate","floor":28},{"not_picked":["Intimidate","Pummel","Pommel Strike"],"picked":"SKIP","floor":29},{"not_picked":["Anger","Immolate"],"picked":"Flex+1","floor":30}],"player_experience":209071,"relics_obtained":[{"floor":9,"key":"Anchor"},{"floor":24,"key":"War Paint"},{"floor":26,"key":"Bottled Tornado"}],"event_choices":[{"damage_healed":0,"gold_gain":75,"player_choice":"Gather Gold","damage_taken":11,"max_hp_gain":0,"max_hp_loss":0,"event_name":"World of Goop","floor":2,"gold_loss":0},{"damage_healed":0,"gold_gain":0,"player_choice":"Upgraded","damage_taken":0,"max_hp_gain":0,"max_hp_loss":0,"event_name":"Upgrade Shrine","floor":3,"gold_loss":0,"cards_upgraded":["Bash"]},{"cards_removed":["Strike_R"],"damage_healed":0,"gold_gain":0,"player_choice":"Offered Basic","damage_taken":0,"max_hp_gain":0,"max_hp_loss":0,"event_name":"Bonfire Elementals","floor":11,"gold_loss":0},{"damage_healed":0,"gold_gain":0,"player_choice":"Ignored","damage_taken":0,"max_hp_gain":0,"max_hp_loss":0,"event_name":"The Mausoleum","floor":21,"gold_loss":0}],"is_beta":false,"boss_relics":[{"not_picked":["Astrolabe","Eternal Feather"],"picked":"Fusion Hammer"}],"items_purged_floors":[4,22],"is_endless":false,"potions_floor_spawned":[5,13,14,18,19,28],"killed_by":"Centurion and Healer","ascension_level":10}