{"gold_per_floor":[114,114,128,53,66,66,99,109,109,137,137,187,200,216,216,293,293,308,65,85,85,112,112,186,186,186,186,186,186,199,124,124,195,195,212,87,309,35,35,35,49,60,60,160,160,33,33,33,33,33],"floor_reached":51,"playtime":3209,"items_purged":["Pain","Strike_G","Defend_G"],"score":1081,"play_id":"3c081cd8-6888-4b6b-bb8e-6f0e4bb28949","local_time":"20190804012947","is_ascension_mode":true,"campfire_choices":[{"data":"Sucker Punch","floor":6.0,"key":"SMITH"},{"data":"Neutralize","floor":15.0,"key":"SMITH"},{"floor":23,"key":"REST"},{"floor":25,"key":"REST"},{"data":"Bullet Time","floor":27,"key":"SMITH"},{"data":"Burst","floor":29,"key":"SMITH"},{"data":"Deadly Poison","floor":32,"key":"SMITH"},{"data":"Bullet Time","floor":40,"key":"SMITH"},{"floor":45,"key":"REST"},{"data":"Catalyst","floor":47,"key":"SMITH"},{"data":"Noxious Fumes","floor":49,"key":"SMITH"}],"neow_cost":"NONE","seed_source_timestamp":81005245825500,"circlet_count":0,"master_deck":["AscendersBane","Strike_G","Strike_G","Defend_G","Defend_G","Defend_G","Survivor","Neutralize+1","Sucker Punch+1","Burst+1","Backflip","Deflect","Crippling Poison","Caltrops","Masterful Stab","Bullet Time+1","Deadly Poison+1","Catalyst+1","Infinite Blades","Bullet Time+1","Noxious Fumes+1","Bandage Up","Heel Hook","Burst","Panacea","Leg Sweep","Backflip"],"special_seed":0,"relics":["Ring of the Serpent","Juzu Bracelet","WarpedTongs","Paper Crane","Meat on the Bone","Odd Mushroom","Potion Belt","Red Mask","Shuriken","Bottled Flame","WristBlade","Ninja Scroll","Prayer Wheel"],"potions_floor_usage":[44,50,50,50],"damage_taken":[{"damage":1.0,"enemies":"2 Louse","floor":1.0,"turns":3.0},{"damage":3.0,"enemies":"Cultist","floor":3.0,"turns":3.0},{"damage":0.0,"enemies":"Small Slimes","floor":5.0,"turns":3.0},{"damage":6.0,"enemies":"Gremlin Nob","floor":7.0,"turns":4.0},{"damage":0.0,"enemies":"Blue Slaver","floor":8.0,"turns":4.0},{"damage":18.0,"enemies":"The Mushroom Lair","floor":10.0,"turns":6.0},{"damage":6.0,"enemies":"Lots of Slimes","floor":13.0,"turns":4.0},{"damage":0.0,"enemies":"Large Slime","floor":14.0,"turns":6.0},{"damage":11.0,"enemies":"The Guardian","floor":16.0,"turns":16.0},{"damage":0,"enemies":"Shell Parasite","floor":18,"turns":7},{"damage":4,"enemies":"3 Byrds","floor":20,"turns":3},{"damage":57,"enemies":"Masked Bandits","floor":22,"turns":8},{"damage":0,"enemies":"Shelled Parasite and Fungi","floor":30,"turns":4},{"damage":28,"enemies":"Champ","floor":33,"turns":10},{"damage":4,"enemies":"3 Darklings","floor":35,"turns":11},{"damage":15,"enemies":"3 Shapes","floor":41,"turns":7},{"damage":34,"enemies":"Sphere and 2 Shapes","floor":42,"turns":6},{"damage":3,"enemies":"Mind Bloom Boss Battle","floor":44,"turns":4},{"damage":37,"enemies":"Awakened One","floor":50,"turns":13}],"seed_played":"-6772885422280724939","potions_obtained":[{"floor":1.0,"key":"Poison Potion"},{"floor":5.0,"key":"GamblersBrew"},{"floor":7.0,"key":"Regen Potion"},{"floor":16.0,"key":"FairyPotion"},{"floor":18,"key":"FearPotion"},{"floor":35,"key":"AttackPotion"},{"floor":41,"key":"PowerPotion"},{"floor":44,"key":"Explosive Potion"}],"is_trial":false,"path_per_floor":["M","?","M","$","M","R","E","M","T","?","?","?","M","M","R","B",null,"M","$","M","?","?","R","T","R","T","R","?","R","M","?","R","B",null,"M","$","?","$","?","R","M","M","T","?","R","$","R","?","R","B",null],"character_chosen":"THE_SILENT","items_purchased":["Potion Belt","Noxious Fumes","Bandage Up","Dexterity Potion","Energy Potion","Panacea","Leg Sweep"],"campfire_rested":3,"item_purchase_floors":[19,38,38,38,38,46,46],"current_hp_per_floor":[58,58,55,55,55,55,49,49,49,43,48,41,47,47,47,51,66,66,66,62,42,13,35,35,57,57,57,57,57,57,57,57,41,67,63,63,63,63,63,63,52,38,38,39,61,61,61,61,61,40],"gold":33,"neow_bonus":"RANDOM_COMMON_RELIC","is_prod":false,"is_daily":false,"chose_seed":false,"campfire_upgraded":8,"win_rate":0,"timestamp":1564849787,"path_taken":["M","?","M","$","M","R","E","M","T","?","?","?","M","M","R","BOSS","M","?","M","?","?","R","?","R","T","R","?","R","M","?","R","BOSS","M","$","?","$","?","R","M","M","T","?","R","?","R","?","R","BOSS"],"build_version":"2019-07-17","purchased_purges":3,"victory":true,"max_hp_per_floor":[66,66,66,66,66,66,66,66,66,66,71,71,71,71,71,71,71,71,71,71,76,76,76,76,76,76,76,76,76,76,76,76,76,76,76,76,76,76,76,76,76,76,76,76,76,76,76,76,76,76],"card_choices":[{"not_picked":["Flechettes","Slice"],"picked":"Sucker Punch","floor":1.0},{"not_picked":["Dodge and Roll","Slice","Underhanded Strike"],"picked":"SKIP","floor":3.0},{"not_picked":["Dodge and Roll","Deflect"],"picked":"Burst","floor":5.0},{"not_picked":["PiercingWail","Outmaneuver"],"picked":"Backflip","floor":7.0},{"not_picked":["Outmaneuver","Accuracy"],"picked":"Deflect","floor":8.0},{"not_picked":["Eviscerate","Underhanded Strike"],"picked":"Crippling Poison","floor":10.0},{"not_picked":["Escape Plan","Outmaneuver"],"picked":"Caltrops","floor":13.0},{"not_picked":["Bane","Terror"],"picked":"Masterful Stab","floor":14.0},{"not_picked":["Night Terror","Unload"],"picked":"Bullet Time","floor":16.0},{"not_picked":["Poisoned Stab","Flying Knee"],"picked":"Deadly Poison","floor":18},{"not_picked":["Escape Plan","Dagger Throw"],"picked":"Catalyst","floor":20},{"not_picked":["Setup","Deflect","Slice+1"],"picked":"SKIP","floor":30},{"not_picked":["Envenom","Burst"],"picked":"Bullet Time","floor":33},{"not_picked":["Slice+1","Deflect","Quick Slash"],"picked":"SKIP","floor":35},{"not_picked":["Distraction","Dagger Throw+1","Sucker Punch"],"picked":"SKIP","floor":41},{"not_picked":["Slice","Quick Slash"],"picked":"Heel Hook","floor":42},{"not_picked":["Dagger Throw+1","Predator"],"picked":"Burst","floor":44}],"player_experience":551600,"relics_obtained":[{"floor":7.0,"key":"Paper Crane"},{"floor":9.0,"key":"Meat on the Bone"},{"floor":10.0,"key":"Odd Mushroom"},{"floor":22,"key":"Red Mask"},{"floor":24,"key":"Shuriken"},{"floor":26,"key":"Bottled Flame"},{"floor":43,"key":"Ninja Scroll"},{"floor":44,"key":"Prayer Wheel"}],"event_choices":[{"damage_healed":0.0,"max_hp_gain":0.0,"max_hp_loss":0.0,"gold_gain":0.0,"event_name":"Accursed Blacksmith","player_choice":"Rummage","floor":2.0,"gold_loss":0.0,"damage_taken":0.0,"relics_obtained":["WarpedTongs"],"cards_obtained":["Pain"]},{"damage_healed":0.0,"max_hp_gain":0.0,"max_hp_loss":0.0,"gold_gain":0.0,"event_name":"Mushrooms","player_choice":"Fought Mushrooms","floor":10.0,"gold_loss":0.0,"damage_taken":0.0},{"damage_healed":0.0,"max_hp_gain":5.0,"max_hp_loss":0.0,"gold_gain":0.0,"event_name":"Big Fish","player_choice":"Donut","floor":11.0,"gold_loss":0.0,"damage_taken":0.0},{"damage_healed":0.0,"max_hp_gain":0.0,"max_hp_loss":0.0,"gold_gain":50.0,"event_name":"FaceTrader","player_choice":"Touch","floor":12.0,"gold_loss":0.0,"damage_taken":7.0},{"damage_healed":0,"gold_gain":0,"player_choice":"Shed Blood","damage_taken":25,"max_hp_gain":5,"max_hp_loss":0,"event_name":"Forgotten Altar","floor":21,"gold_loss":0},{"damage_healed":0,"gold_gain":0,"player_choice":"Fought Bandits","damage_taken":0,"max_hp_gain":0,"max_hp_loss":0,"event_name":"Masked Bandits","floor":22,"gold_loss":0},{"damage_healed":0,"gold_gain":0,"cards_transformed":["Defend_G"],"player_choice":"Transformed","damage_taken":0,"max_hp_gain":0,"max_hp_loss":0,"event_name":"Transmorgrifier","floor":28,"gold_loss":0,"cards_obtained":["Infinite Blades"]},{"cards_removed":["Strike_G"],"damage_healed":0,"gold_gain":0,"player_choice":"Gave Gold","damage_taken":0,"max_hp_gain":0,"max_hp_loss":0,"event_name":"Beggar","floor":31,"gold_loss":75},{"damage_healed":0,"gold_gain":222,"player_choice":"Wore Mask","damage_taken":0,"max_hp_gain":0,"max_hp_loss":0,"event_name":"Tomb of Lord Red Mask","floor":37,"gold_loss":0},{"damage_healed":0,"gold_gain":0,"player_choice":"Ignored","damage_taken":0,"max_hp_gain":0,"max_hp_loss":0,"event_name":"Mysterious Sphere","floor":39,"gold_loss":0},{"damage_healed":0,"gold_gain":0,"player_choice":"Fight","damage_taken":0,"max_hp_gain":0,"max_hp_loss":0,"event_name":"MindBloom","floor":44,"gold_loss":0},{"damage_healed":0,"gold_gain":0,"cards_transformed":["Strike_G"],"player_choice":"Transformed","damage_taken":0,"max_hp_gain":0,"max_hp_loss":0,"event_name":"Transmorgrifier","floor":48,"gold_loss":0,"cards_obtained":["Backflip"]}],"is_beta":false,"boss_relics":[{"not_picked":["Black Star","Ectoplasm"],"picked":"Ring of the Serpent"},{"not_picked":["Runic Dome","Lizard Tail"],"picked":"WristBlade"}],"items_purged_floors":[4,19,36],"is_endless":false,"potions_floor_spawned":[1,5,7,16,18,35,41,44],"ascension_level":15}