{"gold_per_floor":[112,129,144,158,158,158,171,200,200,215,215,233,233,254,254,351,351,370,388,388,388,403,403,403],"floor_reached":24,"playtime":1214,"items_purged":[],"score":320,"play_id":"ca7192de-a09e-4ca5-8248-36a64bdbbb18","local_time":"20190814055432","is_ascension_mode":true,"campfire_choices":[{"data":"Dualcast","floor":6,"key":"SMITH"},{"data":"Zap","floor":11,"key":"SMITH"},{"data":"Coolheaded","floor":13,"key":"SMITH"},{"floor":15,"key":"REST"},{"floor":23,"key":"REST"}],"neow_cost":"TEN_PERCENT_HP_LOSS","seed_source_timestamp":311660052381800,"circlet_count":0,"master_deck":["AscendersBane","Strike_B","Defend_B","Defend_B","Defend_B","Zap+1","Dualcast+1","BootSequence+1","Sunder+1","Consume","Gash","Melter","Double Energy","Coolheaded+1","Streamline","Seek","Chaos+1","Compile Driver","Core Surge","Loop","Compile Driver","Skim"],"relics":["Cracked Core","Blue Candle","Shuriken","Odd Mushroom","Nuclear Battery"],"potions_floor_usage":[1,7,8,16],"damage_taken":[{"damage":0,"enemies":"2 Louse","floor":1,"turns":2},{"damage":0,"enemies":"Jaw Worm","floor":2,"turns":3},{"damage":0,"enemies":"Small Slimes","floor":3,"turns":2},{"damage":7,"enemies":"3 Louse","floor":4,"turns":3},{"damage":0,"enemies":"Blue Slaver","floor":7,"turns":2},{"damage":16,"enemies":"Gremlin Nob","floor":8,"turns":3},{"damage":10,"enemies":"2 Fungi Beasts","floor":10,"turns":3},{"damage":0,"enemies":"Red Slaver","floor":12,"turns":2},{"damage":8,"enemies":"The Mushroom Lair","floor":14,"turns":4},{"damage":2,"enemies":"Slime Boss","floor":16,"turns":10},{"damage":20,"enemies":"3 Byrds","floor":18,"turns":5},{"damage":3,"enemies":"Shell Parasite","floor":19,"turns":3},{"damage":30,"enemies":"Snake Plant","floor":22,"turns":3},{"damage":34,"enemies":"Book of Stabbing","floor":24,"turns":4}],"seed_played":"-6108081191271087350","potions_obtained":[{"floor":1,"key":"Fruit Juice"},{"floor":3,"key":"FearPotion"},{"floor":7,"key":"Fruit Juice"},{"floor":8,"key":"Strength Potion"}],"is_trial":false,"path_per_floor":["M","M","M","M","?","R","M","E","T","M","R","M","R","?","R","B",null,"M","M","?","?","M","R","E"],"character_chosen":"DEFECT","items_purchased":[],"campfire_rested":2,"item_purchase_floors":[],"current_hp_per_floor":[73,73,73,66,51,51,56,40,40,30,30,30,30,22,45,43,69,49,46,46,46,16,39,5],"gold":403,"neow_bonus":"REMOVE_TWO","is_prod":false,"is_daily":false,"chose_seed":false,"campfire_upgraded":3,"win_rate":0,"timestamp":1565729672,"path_taken":["M","M","M","M","?","R","M","E","T","M","R","M","R","?","R","BOSS","M","M","?","?","M","R","E"],"build_version":"2019-07-17","purchased_purges":0,"victory":false,"max_hp_per_floor":[73,73,73,73,73,73,78,78,78,78,78,78,78,78,78,78,78,78,78,78,78,78,78,78],"card_choices":[{"not_picked":["Static Discharge","Stack"],"picked":"BootSequence","floor":1},{"not_picked":["Darkness","Rebound"],"picked":"Sunder","floor":2},{"not_picked":["White Noise","Barrage"],"picked":"Consume","floor":3},{"not_picked":["Barrage","Steam"],"picked":"Gash","floor":4},{"not_picked":["Darkness","Cold Snap"],"picked":"Melter","floor":7},{"not_picked":["Loop","Hello World"],"picked":"Double Energy","floor":8},{"not_picked":["Lockon","Beam Cell","Blizzard"],"picked":"SKIP","floor":10},{"not_picked":["Gash","Streamline"],"picked":"Coolheaded","floor":12},{"not_picked":["Beam Cell","Hologram"],"picked":"Streamline","floor":14},{"not_picked":["Machine Learning","Amplify"],"picked":"Seek","floor":16},{"not_picked":["Cold Snap","Genetic Algorithm"],"picked":"Chaos+1","floor":18},{"not_picked":["Stack","Steam"],"picked":"Compile Driver","floor":19},{"not_picked":["Gash","Ball Lightning"],"picked":"Skim","floor":22}],"player_experience":699475,"relics_obtained":[{"floor":8,"key":"Blue Candle"},{"floor":9,"key":"Shuriken"},{"floor":14,"key":"Odd Mushroom"}],"event_choices":[{"damage_healed":0,"gold_gain":0,"player_choice":"Entered Light","damage_taken":15,"max_hp_gain":0,"max_hp_loss":0,"event_name":"Shining Light","floor":5,"gold_loss":0,"cards_upgraded":["Sunder","BootSequence"]},{"damage_healed":0,"gold_gain":0,"player_choice":"Fought Mushrooms","damage_taken":0,"max_hp_gain":0,"max_hp_loss":0,"event_name":"Mushrooms","floor":14,"gold_loss":0},{"damage_healed":0,"gold_gain":0,"player_choice":"Read","damage_taken":0,"max_hp_gain":0,"max_hp_loss":0,"event_name":"The Library","floor":20,"gold_loss":0,"cards_obtained":["Core Surge"]},{"damage_healed":0,"gold_gain":0,"cards_transformed":["Strike_B","Strike_B"],"player_choice":"Became Test Subject","damage_taken":0,"max_hp_gain":0,"max_hp_loss":0,"event_name":"Drug Dealer","floor":21,"gold_loss":0,"cards_obtained":["Loop","Compile Driver"]}],"is_beta":false,"boss_relics":[{"not_picked":["Snecko Eye","Runic Dome"],"picked":"Nuclear Battery"}],"items_purged_floors":[],"is_endless":false,"potions_floor_spawned":[1,3,7,8],"killed_by":"Book of Stabbing","ascension_level":12}