{"gold_per_floor":[117,136,152,33,33,33,68,68,114,128,128,191,217,233,233,338,338,354,453,471,471,471,471,471,502,526,526],"floor_reached":27,"playtime":1075,"items_purged":[],"score":251,"play_id":"6e1f88e1-fccb-44c7-bc05-985435351792","local_time":"20190825184015","is_ascension_mode":true,"campfire_choices":[{"data":"Catalyst","floor":6,"key":"SMITH"},{"floor":11,"key":"REST"},{"floor":15,"key":"REST"},{"floor":23,"key":"REST"}],"neow_cost":"NONE","seed_source_timestamp":19395929370600,"circlet_count":0,"master_deck":["Strike_G","Strike_G","Strike_G","Defend_G","Defend_G","Defend_G","Defend_G","Defend_G","Survivor","Neutralize","All Out Attack","Backstab+1","Crippling Poison","Catalyst+1","Bouncing Flask","Finisher","Backflip","Noxious Fumes","Bouncing Flask","Expertise","Night Terror+1","Calculated Gamble","Noxious Fumes+1","Masterful Stab","Burst","Dash"],"relics":["Ring of the Snake","NeowsBlessing","Pen Nib","Centennial Puzzle","Incense Burner","Juzu Bracelet","Black Star","Singing Bowl","Nunchaku","Happy Flower"],"potions_floor_usage":[13,16,18,20],"damage_taken":[{"damage":0,"enemies":"Jaw Worm","floor":1,"turns":1},{"damage":0,"enemies":"Cultist","floor":2,"turns":1},{"damage":0,"enemies":"Small Slimes","floor":3,"turns":1},{"damage":10,"enemies":"Gremlin Nob","floor":7,"turns":4},{"damage":18,"enemies":"Exordium Wildlife","floor":10,"turns":4},{"damage":0,"enemies":"Gremlin Nob","floor":12,"turns":3},{"damage":9,"enemies":"Lagavulin","floor":13,"turns":4},{"damage":0,"enemies":"Looter","floor":14,"turns":1},{"damage":21,"enemies":"Slime Boss","floor":16,"turns":6},{"damage":15,"enemies":"3 Byrds","floor":18,"turns":4},{"damage":10,"enemies":"Shell Parasite","floor":20,"turns":4},{"damage":53,"enemies":"Gremlin Leader","floor":25,"turns":5},{"damage":24,"enemies":"Slavers","floor":27,"turns":1}],"seed_played":"-8395181137240417530","potions_obtained":[{"floor":1,"key":"SteroidPotion"},{"floor":7,"key":"Explosive Potion"},{"floor":10,"key":"EssenceOfSteel"},{"floor":12,"key":"GhostInAJar"},{"floor":18,"key":"Weak Potion"}],"is_trial":false,"path_per_floor":["M","M","M","$","?","R","E","$","T","M","R","?","E","M","R","B",null,"M","?","M","?","?","R","?","E","T","E"],"character_chosen":"THE_SILENT","items_purchased":["Catalyst","Bouncing Flask"],"campfire_rested":3,"item_purchase_floors":[4,4],"current_hp_per_floor":[70,70,70,70,70,70,60,60,60,42,63,63,54,54,70,49,70,55,55,45,45,45,66,66,13,13,0],"gold":526,"neow_bonus":"THREE_ENEMY_KILL","is_prod":false,"is_daily":false,"chose_seed":false,"campfire_upgraded":1,"win_rate":0,"timestamp":1566751215,"path_taken":["M","M","M","$","?","R","E","?","T","M","R","?","E","M","R","BOSS","M","?","M","?","?","R","?","E","T","E"],"build_version":"2019-07-17","purchased_purges":0,"victory":false,"max_hp_per_floor":[70,70,70,70,70,70,70,70,70,70,70,70,70,70,70,70,70,70,70,70,70,70,70,70,70,70,70],"card_choices":[{"not_picked":["Calculated Gamble","Flying Knee"],"picked":"All Out Attack","floor":1},{"not_picked":["Flying Knee","Quick Slash"],"picked":"Backstab","floor":2},{"not_picked":["Dagger Throw","PiercingWail"],"picked":"Crippling Poison","floor":3},{"not_picked":["Deflect","Tools of the Trade"],"picked":"Finisher","floor":7},{"not_picked":["Sucker Punch","Dagger Spray"],"picked":"Backflip","floor":10},{"not_picked":["Dagger Spray","Deadly Poison"],"picked":"Noxious Fumes","floor":12},{"not_picked":["Expertise","Caltrops"],"picked":"Bouncing Flask","floor":13},{"not_picked":["Terror","Sucker Punch"],"picked":"Expertise","floor":14},{"not_picked":["Adrenaline","Doppelganger"],"picked":"Night Terror","floor":16},{"not_picked":["Blur","Cloak And Dagger+1"],"picked":"Calculated Gamble","floor":18},{"not_picked":["Flying Knee","Backstab+1"],"picked":"Noxious Fumes+1","floor":20},{"not_picked":["All Out Attack+1","Dagger Throw"],"picked":"Dash","floor":25}],"player_experience":66788,"relics_obtained":[{"floor":7,"key":"Pen Nib"},{"floor":9,"key":"Centennial Puzzle"},{"floor":12,"key":"Incense Burner"},{"floor":13,"key":"Juzu Bracelet"},{"floor":25,"key":"Singing Bowl"},{"floor":25,"key":"Nunchaku"},{"floor":26,"key":"Happy Flower"}],"event_choices":[{"damage_healed":0,"gold_gain":0,"player_choice":"Forge","damage_taken":0,"max_hp_gain":0,"max_hp_loss":0,"event_name":"Accursed Blacksmith","floor":5,"gold_loss":0,"cards_upgraded":["Backstab"]},{"damage_healed":0,"gold_gain":30,"player_choice":"Searched \u00272\u0027 times","damage_taken":0,"max_hp_gain":0,"max_hp_loss":0,"event_name":"Dead Adventurer","floor":12,"gold_loss":0},{"damage_healed":0,"gold_gain":99,"player_choice":"Stole From Cult","damage_taken":0,"max_hp_gain":0,"max_hp_loss":0,"event_name":"Nest","floor":19,"gold_loss":0},{"damage_healed":0,"gold_gain":0,"cards_transformed":["Strike_G","Strike_G"],"player_choice":"Became Test Subject","damage_taken":0,"max_hp_gain":0,"max_hp_loss":0,"event_name":"Drug Dealer","floor":21,"gold_loss":0,"cards_obtained":["Masterful Stab","Burst"]},{"damage_healed":0,"gold_gain":0,"player_choice":"Upgraded","damage_taken":0,"max_hp_gain":0,"max_hp_loss":0,"event_name":"Upgrade Shrine","floor":22,"gold_loss":0,"cards_upgraded":["Night Terror"]},{"damage_healed":0,"gold_gain":0,"player_choice":"Ignored","damage_taken":0,"max_hp_gain":0,"max_hp_loss":0,"event_name":"N\u0027loth","floor":24,"gold_loss":0}],"is_beta":false,"boss_relics":[{"not_picked":["Eternal Feather","WristBlade"],"picked":"Black Star"}],"items_purged_floors":[],"is_endless":false,"potions_floor_spawned":[1,7,10,12,18],"killed_by":"Slavers","ascension_level":1}