{"gold_per_floor":[18,31,47,64,83,83,109,127,151,184,359,83,83,83,83,186,186,204,49,49,49,65,65,76,87,87,99,126,138,150,162,174,286,298,321,333,39,39,39,71,71,121,191,205,205,205,45,45,45,45],"floor_reached":51,"playtime":3395,"items_purged":["Strike_R","Strike_R","Doubt"],"score":688,"play_id":"6f5f5be6-1a4c-4616-92ba-f60dd36f41c1","local_time":"20181004012542","is_ascension_mode":true,"campfire_choices":[{"data":"Flame Barrier","floor":6,"key":"SMITH"},{"data":"Rampage","floor":13,"key":"SMITH"},{"data":"Body Slam","floor":15,"key":"SMITH"},{"data":"Cleave","floor":23,"key":"SMITH"},{"floor":27,"key":"REST"},{"floor":29,"key":"REST"},{"data":"Defend_R","floor":32,"key":"SMITH"},{"data":"Body Slam","floor":41,"key":"SMITH"},{"data":"Defend_R","floor":45,"key":"SMITH"},{"data":"Metallicize","floor":49,"key":"SMITH"}],"neow_cost":"NO_GOLD","seed_source_timestamp":11917979546040,"circlet_count":0,"master_deck":["Defend_R+1","Defend_R+1","Defend_R+1","Bash","Flame Barrier+1","Body Slam+1","Cleave+1","Rampage+1","Carnage","Double Tap+1","Cleave+1","Battle Trance+1","Sword Boomerang+1","Disarm+1","Body Slam+1","Seeing Red+1","Flame Barrier+1","Power Through+1","Impervious+1","Shrug It Off+1","Inflame+1","Metallicize+1"],"relics":["Burning Blood","Calipers","Toxic Egg 2","Juzu Bracelet","Mango","Omamori","Ginger","Astrolabe","Oddly Smooth Stone","MawBank","Anchor","Sozu","Sling","Boot","Torii","Self Forming Clay"],"potions_floor_usage":[10,16,50],"damage_taken":[{"damage":20,"enemies":"Jaw Worm","floor":1,"turns":4},{"damage":0,"enemies":"2 Louse","floor":2,"turns":3},{"damage":1,"enemies":"Cultist","floor":3,"turns":3},{"damage":0,"enemies":"Looter","floor":4,"turns":4},{"damage":14,"enemies":"Blue Slaver","floor":5,"turns":5},{"damage":20,"enemies":"Lagavulin","floor":7,"turns":8},{"damage":0,"enemies":"Exordium Wildlife","floor":8,"turns":3},{"damage":14,"enemies":"Gremlin Nob","floor":10,"turns":4},{"damage":30,"enemies":"Slime Boss","floor":16,"turns":9},{"damage":0,"enemies":"3 Byrds","floor":18,"turns":1},{"damage":8,"enemies":"Spheric Guardian","floor":22,"turns":4},{"damage":22,"enemies":"Centurion and Healer","floor":24,"turns":6},{"damage":28,"enemies":"3 Cultists","floor":25,"turns":6},{"damage":12,"enemies":"Shelled Parasite and Fungi","floor":28,"turns":5},{"damage":86,"enemies":"Automaton","floor":33,"turns":11},{"damage":18,"enemies":"3 Darklings","floor":35,"turns":3},{"damage":6,"enemies":"Nemesis","floor":40,"turns":5},{"damage":8,"enemies":"Mysterious Sphere","floor":42,"turns":3},{"damage":0,"enemies":"3 Shapes","floor":44,"turns":3},{"damage":10,"enemies":"Time Eater","floor":50,"turns":10}],"seed_played":"4762777146531889640","potions_obtained":[{"floor":1,"key":"BloodPotion"},{"floor":7,"key":"GamblersBrew"},{"floor":8,"key":"SkillPotion"},{"floor":18,"key":"SneckoOil"},{"floor":24,"key":"Ancient Potion"},{"floor":33,"key":"Explosive Potion"}],"is_trial":false,"path_per_floor":["M","M","M","M","M","R","E","M","T","E","?","$","R","T","R","B",null,"M","$","?","?","M","R","M","M","T","R","M","R","?","?","R","B",null,"M","?","$","?","?","E","R","?","T","M","R","?","$","?","R","B"],"character_chosen":"IRONCLAD","items_purchased":["Omamori","PowerPotion","Oddly Smooth Stone","Sling","Metallicize"],"campfire_rested":2,"item_purchase_floors":[12,12,19,37,47],"current_hp_per_floor":[66,72,77,80,72,72,58,64,64,70,70,70,70,70,70,46,94,94,94,94,94,92,92,76,54,54,82,76,94,94,94,94,14,94,82,82,82,82,82,82,82,80,80,86,86,86,86,86,86,82],"gold":45,"neow_bonus":"ONE_RARE_RELIC","is_prod":false,"is_daily":false,"chose_seed":false,"campfire_upgraded":8,"win_rate":0,"timestamp":1538641542,"path_taken":["M","M","M","M","M","R","E","M","T","E","?","$","R","?","R","BOSS","M","$","?","?","M","R","M","M","T","R","M","R","?","?","R","BOSS","M","?","$","?","?","E","R","?","T","M","R","?","?","?","R","BOSS"],"build_version":"2018-09-27","purchased_purges":3,"victory":true,"max_hp_per_floor":[80,80,80,80,80,80,80,80,80,94,94,94,94,94,94,94,94,94,94,94,94,94,94,94,94,94,94,94,94,94,94,94,94,94,94,94,94,94,94,94,94,94,94,94,94,94,94,94,94,94],"card_choices":[{"not_picked":["Cleave","Body Slam"],"picked":"Flame Barrier","floor":1},{"not_picked":["Warcry","Wild Strike"],"picked":"Body Slam","floor":2},{"not_picked":["Thunderclap","Body Slam"],"picked":"Cleave","floor":3},{"not_picked":["True Grit","Sword Boomerang"],"picked":"Rampage","floor":4},{"not_picked":["Wild Strike","Seeing Red","Clash"],"picked":"SKIP","floor":5},{"not_picked":["Wild Strike","Rupture","Fiend Fire"],"picked":"SKIP","floor":7},{"not_picked":["Wild Strike","Thunderclap"],"picked":"Carnage","floor":8},{"not_picked":["Pommel Strike","Thunderclap"],"picked":"Armaments+1","floor":10},{"not_picked":["Brutality","Fiend Fire"],"picked":"Double Tap+1","floor":16},{"not_picked":["Twin Strike","Havoc+1"],"picked":"Disarm+1","floor":18},{"not_picked":["Seeing Red+1","Thunderclap+1"],"picked":"Body Slam","floor":22},{"not_picked":["Blood for Blood","Bloodletting+1"],"picked":"Seeing Red+1","floor":24},{"not_picked":["Twin Strike+1","Rage+1"],"picked":"Flame Barrier+1","floor":25},{"not_picked":["Armaments+1","Dark Embrace"],"picked":"Power Through+1","floor":28},{"not_picked":["Exhume+1","Brutality"],"picked":"Impervious+1","floor":33},{"not_picked":["True Grit+1","Clash+1"],"picked":"Shrug It Off+1","floor":35},{"not_picked":["Flex+1","Rage+1","Dual Wield+1"],"picked":"SKIP","floor":40},{"not_picked":["Combust","Cleave+1"],"picked":"Inflame+1","floor":44}],"player_experience":127249,"relics_obtained":[{"floor":7,"key":"Toxic Egg 2"},{"floor":9,"key":"Juzu Bracelet"},{"floor":10,"key":"Mango"},{"floor":14,"key":"Ginger"},{"floor":26,"key":"MawBank"},{"floor":40,"key":"Boot"},{"floor":42,"key":"Torii"},{"floor":43,"key":"Self Forming Clay"}],"event_choices":[{"event_name":"Liars Game","player_choice":"agreed","floor":11,"damage_taken":0},{"event_name":"Upgrade Shrine","player_choice":"Upgraded","floor":20,"damage_taken":0},{"event_name":"Beggar","player_choice":"Ignored","floor":21,"damage_taken":0},{"event_name":"Back to Basics","player_choice":"Elegance","floor":30,"damage_taken":0},{"event_name":"WeMeetAgain","player_choice":"Potion","floor":31,"damage_taken":0},{"event_name":"Tomb of Lord Red Mask","player_choice":"Ignored","floor":36,"damage_taken":0},{"event_name":"SecretPortal","player_choice":"Rejected Portal.","floor":38,"damage_taken":0},{"event_name":"The Lab","player_choice":"Got Potions","floor":39,"damage_taken":0},{"event_name":"Mysterious Sphere","player_choice":"Fight","floor":42,"damage_taken":0},{"event_name":"FaceTrader","player_choice":"Leave","floor":46,"damage_taken":0},{"event_name":"Purifier","player_choice":"One Purge","floor":48,"damage_taken":0}],"is_beta":false,"boss_relics":[{"not_picked":["Black Blood","Runic Cube"],"picked":"Astrolabe"},{"not_picked":["Pandora\u0027s Box","Runic Pyramid"],"picked":"Sozu"}],"items_purged_floors":[12,37,47],"is_endless":false,"potions_floor_spawned":[1,7,8,18,24,33,40,42],"ascension_level":1}