{"gold_per_floor":[116,131,131,147,159,159,190,190,215,290,301,301,326,338,338,413,713,730,364,284],"floor_reached":20,"playtime":1186,"items_purged":["Normality"],"score":397,"play_id":"b3942232-79df-4120-ad7a-27525932196c","local_time":"20190822115443","is_ascension_mode":true,"campfire_choices":[{"floor":6,"key":"REST"},{"data":"Zap","floor":8,"key":"SMITH"},{"floor":12,"key":"REST"},{"data":"Go for the Eyes","floor":15,"key":"SMITH"}],"neow_cost":"TEN_PERCENT_HP_LOSS","seed_source_timestamp":105343833331600,"circlet_count":0,"master_deck":["AscendersBane","Strike_B","Strike_B","Strike_B","Strike_B","Defend_B","Defend_B","Defend_B","Defend_B","Zap+1","Dualcast","Consume","Go for the Eyes+1","Capacitor","Doom and Gloom","BootSequence","Skim","Conserve Battery","Reinforced Body","Coolheaded","Glacier","Conserve Battery","Core Surge","Self Repair","Cold Snap","Reboot","Doubt","Parasite","Fusion","Defragment"],"relics":["Cracked Core","Prayer Wheel","Pen Nib","Blood Vial","PreservedInsect","Calling Bell","Potion Belt","Kunai","Old Coin","Regal Pillow"],"potions_floor_usage":[7,13,14],"damage_taken":[{"damage":9,"enemies":"Jaw Worm","floor":1,"turns":4},{"damage":9,"enemies":"2 Louse","floor":2,"turns":3},{"damage":10,"enemies":"Small Slimes","floor":4,"turns":3},{"damage":6,"enemies":"Looter","floor":5,"turns":4},{"damage":20,"enemies":"Lagavulin","floor":7,"turns":7},{"damage":3,"enemies":"Blue Slaver","floor":11,"turns":4},{"damage":0,"enemies":"3 Sentries","floor":13,"turns":5},{"damage":8,"enemies":"Large Slime","floor":14,"turns":5},{"damage":3,"enemies":"Hexaghost","floor":16,"turns":12},{"damage":39,"enemies":"3 Byrds","floor":18,"turns":7},{"damage":34,"enemies":"2 Thieves","floor":20,"turns":2}],"seed_played":"-5407774485601043453","potions_obtained":[{"floor":2,"key":"AttackPotion"},{"floor":4,"key":"PowerPotion"},{"floor":14,"key":"Fruit Juice"},{"floor":18,"key":"Dexterity Potion"}],"is_trial":false,"path_per_floor":["M","M","?","M","M","R","E","R","T","?","M","R","E","M","R","B",null,"M","$","M"],"character_chosen":"DEFECT","items_purchased":["Defragment","FocusPotion","Regal Pillow"],"campfire_rested":2,"item_purchase_floors":[19,19,19],"current_hp_per_floor":[55,46,46,36,30,49,29,29,29,18,17,36,38,37,37,36,61,31,31,0],"gold":284,"neow_bonus":"ONE_RARE_RELIC","is_prod":false,"is_daily":false,"chose_seed":false,"campfire_upgraded":2,"win_rate":0,"timestamp":1566442483,"path_taken":["M","M","?","M","M","R","E","R","T","?","M","R","E","M","R","BOSS","M","$","M"],"build_version":"2019-07-17","purchased_purges":1,"victory":false,"max_hp_per_floor":[64,64,64,64,64,64,64,64,64,64,64,64,64,69,69,69,69,69,69,69],"card_choices":[{"not_picked":["Skim","Chill"],"picked":"Consume","floor":1},{"not_picked":["Compile Driver","Rebound"],"picked":"Go for the Eyes","floor":1},{"not_picked":["Beam Cell","Chaos"],"picked":"Capacitor","floor":2},{"not_picked":["Turbo","Gash"],"picked":"Doom and Gloom","floor":2},{"not_picked":["Conserve Battery","Leap"],"picked":"BootSequence","floor":4},{"not_picked":["Leap","Barrage"],"picked":"Skim","floor":4},{"not_picked":["Static Discharge","Reprogram"],"picked":"Conserve Battery","floor":5},{"not_picked":["Loop","Barrage"],"picked":"Reinforced Body","floor":5},{"not_picked":["Blizzard","Streamline"],"picked":"Coolheaded","floor":7},{"not_picked":["Self Repair","Go for the Eyes"],"picked":"Glacier","floor":11},{"not_picked":["Hologram","Ball Lightning"],"picked":"Conserve Battery","floor":11},{"not_picked":["Turbo","Beam Cell"],"picked":"Core Surge","floor":13},{"not_picked":["Melter","Barrage"],"picked":"Self Repair","floor":14},{"not_picked":["Beam Cell","Ball Lightning"],"picked":"Cold Snap","floor":14},{"not_picked":["Fission","Hyperbeam"],"picked":"Reboot","floor":16},{"not_picked":["Gash","Barrage"],"picked":"Fusion","floor":18},{"not_picked":["Auto Shields","Conserve Battery","Barrage"],"picked":"SKIP","floor":18}],"player_experience":745985,"relics_obtained":[{"floor":7,"key":"Pen Nib"},{"floor":9,"key":"Blood Vial"},{"floor":13,"key":"PreservedInsect"},{"floor":17,"key":"Potion Belt"},{"floor":17,"key":"Kunai"},{"floor":17,"key":"Old Coin"}],"event_choices":[{"damage_healed":0,"gold_gain":0,"player_choice":"Ignored","damage_taken":0,"max_hp_gain":0,"max_hp_loss":0,"event_name":"Liars Game","floor":3,"gold_loss":0},{"damage_healed":0,"gold_gain":75,"player_choice":"Gather Gold","damage_taken":11,"max_hp_gain":0,"max_hp_loss":0,"event_name":"World of Goop","floor":10,"gold_loss":0}],"is_beta":false,"boss_relics":[{"not_picked":["Orrery","Eternal Feather"],"picked":"Calling Bell"}],"items_purged_floors":[19],"is_endless":false,"potions_floor_spawned":[2,4,5,14,18],"killed_by":"2 Thieves","ascension_level":18}