{"gold_per_floor":[119,138,151,151,163,193,211,229,303,318,393,393,427,446,446,542,542,557,119,136,149,162,190,210,228,228,228],"floor_reached":27,"playtime":1971,"items_purged":["Defend_R"],"score":341,"play_id":"f30ef74f-82d0-487f-9ee4-b0b2b1342375","local_time":"20190824111334","is_ascension_mode":true,"campfire_choices":[{"data":"Perfected Strike","floor":12,"key":"SMITH"},{"floor":15,"key":"REST"}],"neow_cost":"NONE","seed_source_timestamp":392956034196300,"circlet_count":0,"master_deck":["Strike_R","Strike_R","Strike_R","Strike_R","Strike_R","Defend_R+1","Defend_R+1","Defend_R","Bash","Finesse","Metallicize","Evolve","Perfected Strike+1","Twin Strike","Pommel Strike","Perfected Strike+1","Wild Strike","Brutality","Perfected Strike","Perfected Strike","Flame Barrier","Dramatic Entrance","Clash","Cleave","Wild Strike+1","Power Through+1","Anger+1","Injury"],"relics":["Burning Blood","Ancient Tea Set","Bottled Tornado","Cursed Key","War Paint","Pocketwatch","Blue Candle"],"potions_floor_usage":[7,16,16,22,24,27,27],"damage_taken":[{"damage":11,"enemies":"Jaw Worm","floor":1,"turns":5},{"damage":0,"enemies":"Cultist","floor":2,"turns":4},{"damage":8,"enemies":"2 Louse","floor":3,"turns":4},{"damage":7,"enemies":"2 Fungi Beasts","floor":5,"turns":4},{"damage":22,"enemies":"3 Sentries","floor":6,"turns":10},{"damage":17,"enemies":"Gremlin Gang","floor":7,"turns":5},{"damage":15,"enemies":"Exordium Wildlife","floor":8,"turns":5},{"damage":6,"enemies":"Blue Slaver","floor":10,"turns":4},{"damage":27,"enemies":"Lagavulin","floor":13,"turns":4},{"damage":6,"enemies":"3 Louse","floor":14,"turns":4},{"damage":8,"enemies":"Slime Boss","floor":16,"turns":5},{"damage":1,"enemies":"3 Byrds","floor":18,"turns":4},{"damage":8,"enemies":"2 Thieves","floor":20,"turns":3},{"damage":20,"enemies":"Centurion and Healer","floor":21,"turns":3},{"damage":1,"enemies":"Snake Plant","floor":22,"turns":2},{"damage":27,"enemies":"Book of Stabbing","floor":23,"turns":4},{"damage":0,"enemies":"Chosen and Byrds","floor":24,"turns":4},{"damage":32,"enemies":"Shelled Parasite and Fungi","floor":25,"turns":3},{"damage":34,"enemies":"Slavers","floor":27,"turns":2}],"seed_played":"-4787420761726587612","potions_obtained":[{"floor":2,"key":"BloodPotion"},{"floor":3,"key":"Fire Potion"},{"floor":8,"key":"Ancient Potion"},{"floor":13,"key":"GamblersBrew"},{"floor":16,"key":"PowerPotion"},{"floor":18,"key":"EssenceOfSteel"},{"floor":21,"key":"SteroidPotion"},{"floor":25,"key":"Strength Potion"}],"is_trial":false,"path_per_floor":["M","M","M","?","M","E","M","M","T","M","?","R","E","M","R","B",null,"M","$","M","M","M","E","M","M","T","E"],"character_chosen":"IRONCLAD","items_purchased":["Perfected Strike","War Paint","Flame Barrier","Dramatic Entrance"],"campfire_rested":1,"item_purchase_floors":[19,19,19,19],"current_hp_per_floor":[75,80,78,78,77,61,70,61,61,61,50,50,29,29,53,51,73,78,78,76,62,67,46,52,26,26,0],"gold":228,"neow_bonus":"RANDOM_COLORLESS","is_prod":false,"is_daily":false,"chose_seed":false,"campfire_upgraded":1,"win_rate":0,"timestamp":1566670414,"path_taken":["M","M","M","?","M","E","?","M","T","M","?","R","E","M","R","BOSS","M","$","M","M","M","E","M","M","T","E"],"build_version":"2019-07-17","purchased_purges":1,"victory":false,"max_hp_per_floor":[80,80,80,80,80,80,80,80,80,80,80,80,80,80,80,80,80,80,80,80,80,80,80,80,80,80,80],"card_choices":[{"not_picked":["Carnage","Dropkick"],"picked":"Metallicize","floor":1},{"not_picked":["Corruption","True Grit"],"picked":"Evolve","floor":2},{"not_picked":["Warcry","Twin Strike"],"picked":"Perfected Strike","floor":3},{"not_picked":["Clash","Shockwave"],"picked":"Twin Strike","floor":5},{"not_picked":["Armaments","Dual Wield"],"picked":"Pommel Strike","floor":6},{"not_picked":["Metallicize","Sentinel"],"picked":"Perfected Strike","floor":7},{"not_picked":["Clothesline","Flex","Havoc"],"picked":"SKIP","floor":8},{"not_picked":["Clothesline","Havoc","Body Slam"],"picked":"SKIP","floor":10},{"not_picked":["Dual Wield","Dark Embrace","Clothesline"],"picked":"SKIP","floor":13},{"not_picked":["Clash","Cleave"],"picked":"Wild Strike","floor":14},{"not_picked":["Limit Break","Bludgeon"],"picked":"Brutality","floor":16},{"not_picked":["Evolve+1","Feel No Pain+1"],"picked":"Perfected Strike","floor":18},{"not_picked":["Sword Boomerang+1","Havoc","Sever Soul+1"],"picked":"SKIP","floor":20},{"not_picked":["Dual Wield","Corruption"],"picked":"Clash","floor":21},{"not_picked":["Hemokinesis+1","Warcry"],"picked":"Cleave","floor":22},{"not_picked":["Metallicize","Shrug It Off"],"picked":"Wild Strike+1","floor":23},{"not_picked":["Hemokinesis","Clothesline"],"picked":"Power Through+1","floor":24},{"not_picked":["Dropkick","Clothesline+1"],"picked":"Anger+1","floor":25}],"player_experience":124602,"relics_obtained":[{"floor":6,"key":"Ancient Tea Set"},{"floor":13,"key":"Bottled Tornado"},{"floor":23,"key":"Pocketwatch"},{"floor":26,"key":"Blue Candle"}],"event_choices":[{"damage_healed":0,"gold_gain":0,"player_choice":"Forge","damage_taken":0,"max_hp_gain":0,"max_hp_loss":0,"event_name":"Accursed Blacksmith","floor":4,"gold_loss":0,"cards_upgraded":["Perfected Strike"]},{"damage_healed":0,"gold_gain":75,"player_choice":"Gather Gold","damage_taken":11,"max_hp_gain":0,"max_hp_loss":0,"event_name":"World of Goop","floor":11,"gold_loss":0}],"is_beta":false,"boss_relics":[{"not_picked":["Runic Dome","Empty Cage"],"picked":"Cursed Key"}],"items_purged_floors":[19],"is_endless":false,"potions_floor_spawned":[2,3,8,13,16,18,21,25],"killed_by":"Slavers","ascension_level":5}