{"gold_per_floor":[110,64,64,80,80,80,99,99,99,109,109,127,117,19,19,117,117,133,58,68,0,0,0,19,19,44,44],"floor_reached":27,"playtime":1465,"items_purged":["Strike_R"],"score":284,"play_id":"44ac683e-7fab-45bd-b2a2-5b055258234f","local_time":"20190105193618","is_ascension_mode":true,"campfire_choices":[{"data":"Shrug It Off","floor":6,"key":"SMITH"},{"data":"Pommel Strike","floor":8,"key":"SMITH"},{"data":"True Grit","floor":15,"key":"SMITH"},{"floor":23,"key":"REST"},{"floor":25,"key":"REST"}],"neow_cost":"NONE","seed_source_timestamp":554489809940024,"circlet_count":0,"master_deck":["Strike_R","Strike_R","Strike_R","Defend_R","Defend_R","Defend_R","Defend_R","Bash","Whirlwind+1","Shrug It Off+1","Blood for Blood","Flex","Pommel Strike+1","Blood for Blood","Headbutt","Shrug It Off","True Grit+1","Evolve","Clothesline","Clothesline+1"],"relics":["Burning Blood","Shuriken","Runic Cube","Enchiridion","Centennial Puzzle"],"potions_floor_usage":[18,18,27],"damage_taken":[{"damage":8,"enemies":"2 Louse","floor":1,"turns":2},{"damage":0,"enemies":"Cultist","floor":4,"turns":3},{"damage":7,"enemies":"Jaw Worm","floor":7,"turns":3},{"damage":11,"enemies":"Looter","floor":10,"turns":3},{"damage":5,"enemies":"Blue Slaver","floor":12,"turns":3},{"damage":7,"enemies":"Exordium Thugs","floor":13,"turns":4},{"damage":21,"enemies":"The Guardian","floor":16,"turns":12},{"damage":22,"enemies":"Chosen","floor":18,"turns":7},{"damage":14,"enemies":"Shell Parasite","floor":20,"turns":9},{"damage":45,"enemies":"3 Cultists","floor":24,"turns":6},{"damage":46,"enemies":"Gremlin Leader","floor":27,"turns":5}],"seed_played":"6484754165348338533","potions_obtained":[{"floor":1,"key":"AttackPotion"},{"floor":10,"key":"SteroidPotion"},{"floor":13,"key":"Ancient Potion"},{"floor":24,"key":"EssenceOfSteel"}],"is_trial":false,"path_per_floor":["M","$","?","M","?","R","M","R","T","M","?","M","M","$","R","B",null,"M","$","M","?","?","R","M","R","T","E"],"character_chosen":"IRONCLAD","items_purchased":["Shrug It Off","Evolve","Clothesline"],"campfire_rested":2,"item_purchase_floors":[2,14,14],"current_hp_per_floor":[70,70,70,76,76,76,75,75,75,70,70,71,70,70,70,55,74,58,58,50,50,34,58,19,43,43,0],"gold":44,"neow_bonus":"THREE_CARDS","is_prod":false,"is_daily":false,"chose_seed":false,"campfire_upgraded":3,"win_rate":0,"timestamp":1546684578,"path_taken":["M","$","?","M","?","R","M","R","T","?","?","?","M","?","R","BOSS","M","$","M","?","?","R","M","R","T","E"],"build_version":"2019-01-03v4","purchased_purges":1,"victory":false,"max_hp_per_floor":[80,80,80,80,80,80,80,80,80,80,80,80,80,80,80,80,80,80,80,80,80,80,80,80,80,80,80],"card_choices":[{"not_picked":["Havoc","Twin Strike"],"picked":"Whirlwind","floor":0},{"not_picked":["Entrench","Perfected Strike","Havoc"],"picked":"SKIP","floor":1},{"not_picked":["Sword Boomerang","Battle Trance"],"picked":"Flex","floor":4},{"not_picked":["Havoc","Flex"],"picked":"Pommel Strike","floor":7},{"not_picked":["Dual Wield","Iron Wave","Heavy Blade"],"picked":"SKIP","floor":10},{"not_picked":["Pommel Strike","Thunderclap"],"picked":"Shrug It Off","floor":12},{"not_picked":["Fire Breathing","Heavy Blade"],"picked":"True Grit","floor":13},{"not_picked":["Pommel Strike","Fire Breathing+1"],"picked":"Clothesline+1","floor":18},{"not_picked":["Hemokinesis","Perfected Strike","Evolve"],"picked":"SKIP","floor":20},{"not_picked":["Rampage+1","Searing Blow+1","Warcry"],"picked":"SKIP","floor":24}],"player_experience":159067,"relics_obtained":[{"floor":9,"key":"Shuriken"},{"floor":22,"key":"Enchiridion"},{"floor":26,"key":"Centennial Puzzle"}],"event_choices":[{"damage_healed":0,"gold_gain":0,"cards_transformed":["Strike_R"],"player_choice":"Change","damage_taken":0,"max_hp_gain":0,"max_hp_loss":0,"event_name":"Living Wall","floor":3,"gold_loss":0,"cards_obtained":["Blood for Blood"]},{"damage_healed":0,"gold_gain":0,"player_choice":"Forge","damage_taken":0,"max_hp_gain":0,"max_hp_loss":0,"event_name":"Accursed Blacksmith","floor":5,"gold_loss":0,"cards_upgraded":["Whirlwind"]},{"damage_healed":0,"gold_gain":0,"player_choice":"2 cards matched","damage_taken":0,"max_hp_gain":0,"max_hp_loss":0,"event_name":"Match and Keep!","floor":11,"gold_loss":0,"cards_obtained":["Blood for Blood","Headbutt"]},{"damage_healed":0,"gold_gain":0,"player_choice":"Paid Fearfully","damage_taken":0,"max_hp_gain":0,"max_hp_loss":0,"event_name":"Masked Bandits","floor":21,"gold_loss":68},{"damage_healed":0,"gold_gain":0,"player_choice":"Obtained Book","damage_taken":16,"max_hp_gain":0,"max_hp_loss":0,"event_name":"Cursed Tome","floor":22,"gold_loss":0}],"is_beta":false,"boss_relics":[{"not_picked":["Orrery","White Beast Statue"],"picked":"Runic Cube"}],"items_purged_floors":[19],"is_endless":false,"potions_floor_spawned":[1,10,13,16,24],"killed_by":"Gremlin Leader","ascension_level":8}