{"gold_per_floor":[367,367,245,195,195,195,213,234,259,259,277,277,290,306,306,435,435,454,470,370,394,394,394,404,404,404,404,431,154,202,202,202,301,301,321,341,361,361,311,311,327,338,338,45,45,58,31,46,46,46],"floor_reached":51,"playtime":1066,"items_purged":["Defend_R","Strike_R","Strike_R","Defend_R","Strike_R+1"],"score":832,"play_id":"8ab013a1-3908-4560-a6d8-772cfc7ab899","local_time":"20190815022616","is_ascension_mode":false,"campfire_choices":[{"data":"Clash","floor":6.0,"key":"SMITH"},{"data":"Limit Break","floor":15.0,"key":"SMITH"},{"data":"Limit Break","floor":23.0,"key":"SMITH"},{"floor":25.0,"key":"REST"},{"data":"Heavy Blade","floor":27.0,"key":"SMITH"},{"data":"Whirlwind","floor":32.0,"key":"SMITH"},{"data":"Double Tap","floor":40,"key":"SMITH"},{"data":"Limit Break","floor":49,"key":"SMITH"}],"neow_cost":"CURSE","seed_source_timestamp":8509304658502,"circlet_count":0,"master_deck":["Strike_R+1","Bash+1","Heavy Blade+1","Clash+1","Battle Trance","Limit Break+1","Injury","Limit Break+1","Armaments+1","Iron Wave+1","Iron Wave+1","Clumsy","Whirlwind+1","Clumsy","Double Tap+1","Master of Strategy","Master of Strategy","Good Instincts","Injury","Doubt","Limit Break+1","Heavy Blade","Heavy Blade+1"],"special_seed":0,"relics":["Burning Blood","Odd Mushroom","Anchor","Du-Vu Doll","Cursed Key","Nloth\u0027s Gift","Smiling Mask","Pocketwatch","Bag of Preparation","Whetstone","Empty Cage","Self Forming Clay","Blue Candle"],"potions_floor_usage":[50],"damage_taken":[{"damage":0.0,"enemies":"Small Slimes","floor":1.0,"turns":4.0},{"damage":6.0,"enemies":"Jaw Worm","floor":7.0,"turns":2.0},{"damage":13.0,"enemies":"The Mushroom Lair","floor":8.0,"turns":3.0},{"damage":0.0,"enemies":"2 Louse","floor":11.0,"turns":2.0},{"damage":1.0,"enemies":"Exordium Thugs","floor":13.0,"turns":3.0},{"damage":9.0,"enemies":"Blue Slaver","floor":14.0,"turns":3.0},{"damage":49.0,"enemies":"Hexaghost","floor":16.0,"turns":8.0},{"damage":15.0,"enemies":"2 Thieves","floor":18.0,"turns":4.0},{"damage":10.0,"enemies":"3 Byrds","floor":19.0,"turns":3.0},{"damage":30.0,"enemies":"Shelled Parasite and Fungi","floor":21.0,"turns":5.0},{"damage":26.0,"enemies":"Snecko","floor":24.0,"turns":5.0},{"damage":0.0,"enemies":"Gremlin Leader","floor":28.0,"turns":4.0},{"damage":20,"enemies":"Champ","floor":33,"turns":4},{"damage":2,"enemies":"3 Darklings","floor":35,"turns":3},{"damage":0,"enemies":"Orb Walker","floor":36,"turns":2},{"damage":5,"enemies":"Maw","floor":37,"turns":4},{"damage":9,"enemies":"Jaw Worm Horde","floor":41,"turns":3},{"damage":0,"enemies":"3 Darklings","floor":42,"turns":3},{"damage":5,"enemies":"Maw","floor":46,"turns":3},{"damage":5,"enemies":"Transient","floor":48,"turns":4},{"damage":9,"enemies":"Donu and Deca","floor":50,"turns":3}],"seed_played":"-4048221289166896682","potions_obtained":[{"floor":7.0,"key":"AttackPotion"},{"floor":8.0,"key":"Ancient Potion"},{"floor":14.0,"key":"PowerPotion"},{"floor":18.0,"key":"Explosive Potion"},{"floor":24.0,"key":"Weak Potion"},{"floor":28.0,"key":"Dexterity Potion"},{"floor":36,"key":"BloodPotion"},{"floor":46,"key":"GamblersBrew"}],"is_trial":false,"path_per_floor":["M","?","$","?","?","R","M","?","T","T","M","?","M","M","R","B",null,"M","M","$","M","?","R","M","R","T","R","E","$","T","?","R","B",null,"M","M","M","?","$","R","M","M","T","$","?","M","$","M","R","B",null],"character_chosen":"IRONCLAD","items_purchased":["Clash","Whirlwind","Bag of Preparation","Blue Candle","Heavy Blade"],"campfire_rested":1,"item_purchase_floors":[3,29,29,44,47],"current_hp_per_floor":[80,80,80,80,80,80,80,73,73,73,79,79,80,77,77,34,80,71,67,67,43,43,43,23,47,47,47,53,53,53,53,53,39,80,80,80,80,70,70,70,67,73,73,73,80,80,80,80,80,77],"gold":46,"neow_bonus":"TWO_FIFTY_GOLD","is_prod":false,"is_daily":false,"chose_seed":false,"campfire_upgraded":7,"win_rate":0,"timestamp":1565857576,"path_taken":["M","?","$","?","?","R","?","?","T","?","?","?","M","M","R","BOSS","M","M","$","M","?","R","?","R","T","R","E","?","?","?","R","BOSS","M","?","M","?","?","R","M","M","T","$","?","M","$","M","R","BOSS"],"build_version":"2019-07-17","purchased_purges":5,"victory":true,"max_hp_per_floor":[80,80,80,80,80,80,80,80,80,80,80,80,80,80,80,80,80,80,80,80,80,80,80,80,80,80,80,80,80,80,80,80,80,80,80,80,80,80,80,80,80,80,80,80,80,80,80,80,80,80],"card_choices":[{"not_picked":["Perfected Strike","Anger"],"picked":"Heavy Blade","floor":1.0},{"not_picked":["Warcry","Shrug It Off"],"picked":"Battle Trance","floor":7.0},{"not_picked":["Thunderclap","Warcry"],"picked":"Limit Break","floor":8.0},{"not_picked":["Thunderclap","Body Slam","True Grit"],"picked":"SKIP","floor":11.0},{"not_picked":["Wild Strike","Dropkick","Armaments"],"picked":"SKIP","floor":13.0},{"not_picked":["Burning Pact","Cleave","Thunderclap"],"picked":"SKIP","floor":14.0},{"not_picked":["Bludgeon","Impervious"],"picked":"Limit Break","floor":16.0},{"not_picked":["Clash","Anger"],"picked":"Armaments+1","floor":18.0},{"not_picked":["Clothesline+1","Intimidate"],"picked":"Iron Wave+1","floor":19.0},{"not_picked":["Dual Wield+1","Warcry","Spot Weakness"],"picked":"SKIP","floor":21.0},{"not_picked":["True Grit+1","Flame Barrier"],"picked":"Iron Wave+1","floor":24.0},{"not_picked":["Clash","Hemokinesis","Impervious"],"picked":"SKIP","floor":28.0},{"not_picked":["Armaments","Dropkick+1","Clash"],"picked":"SKIP","floor":35},{"not_picked":["Havoc","Thunderclap+1","Double Tap"],"picked":"SKIP","floor":36},{"not_picked":["Havoc","Thunderclap+1"],"picked":"Double Tap","floor":36},{"not_picked":["Bloodletting","Evolve","Shrug It Off+1"],"picked":"SKIP","floor":37},{"not_picked":["Blind","Flash of Steel"],"picked":"Master of Strategy","floor":38},{"not_picked":["Metamorphosis","PanicButton"],"picked":"Master of Strategy","floor":38},{"not_picked":["HandOfGreed","Forethought"],"picked":"Good Instincts","floor":38},{"not_picked":["Thunderclap+1","Uppercut+1","Ghostly Armor+1"],"picked":"SKIP","floor":41},{"not_picked":["Cleave","Sword Boomerang","Feed"],"picked":"SKIP","floor":42},{"not_picked":["Havoc","Clash+1"],"picked":"Limit Break","floor":46},{"not_picked":["Sentinel","Inflame+1"],"picked":"Heavy Blade+1","floor":48}],"player_experience":1674275,"relics_obtained":[{"floor":8.0,"key":"Odd Mushroom"},{"floor":9.0,"key":"Anchor"},{"floor":10.0,"key":"Du-Vu Doll"},{"floor":26.0,"key":"Smiling Mask"},{"floor":28.0,"key":"Pocketwatch"},{"floor":30.0,"key":"Whetstone"},{"floor":43,"key":"Self Forming Clay"}],"event_choices":[{"cards_removed":["Clumsy"],"damage_healed":0.0,"max_hp_gain":0.0,"max_hp_loss":0.0,"gold_gain":0.0,"event_name":"Living Wall","player_choice":"Forget","floor":2.0,"gold_loss":0.0,"damage_taken":0.0},{"cards_removed":["Defend_R"],"damage_healed":0.0,"max_hp_gain":0.0,"max_hp_loss":0.0,"gold_gain":0.0,"event_name":"The Cleric","player_choice":"Card Removal","floor":4.0,"gold_loss":50.0,"damage_taken":0.0},{"damage_healed":0.0,"max_hp_gain":0.0,"max_hp_loss":0.0,"gold_gain":0.0,"event_name":"Upgrade Shrine","player_choice":"Upgraded","floor":5.0,"gold_loss":0.0,"damage_taken":0.0,"cards_upgraded":["Bash"]},{"damage_healed":0.0,"max_hp_gain":0.0,"max_hp_loss":0.0,"gold_gain":0.0,"event_name":"Mushrooms","player_choice":"Fought Mushrooms","floor":8.0,"gold_loss":0.0,"damage_taken":0.0},{"damage_healed":0.0,"max_hp_gain":0.0,"max_hp_loss":0.0,"gold_gain":0.0,"event_name":"Golden Idol","player_choice":"Take Wound","floor":12.0,"gold_loss":0.0,"damage_taken":0.0,"relics_obtained":["Golden Idol"],"cards_obtained":["Injury"]},{"damage_healed":0.0,"max_hp_gain":0.0,"max_hp_loss":0.0,"gold_gain":0.0,"event_name":"N\u0027loth","player_choice":"Traded Relic","floor":22.0,"relics_lost":["Golden Idol"],"gold_loss":0.0,"damage_taken":0.0,"relics_obtained":["Nloth\u0027s Gift"]},{"damage_healed":0.0,"max_hp_gain":0.0,"max_hp_loss":0.0,"gold_gain":0.0,"event_name":"Lab","player_choice":"Got Potions","floor":31.0,"gold_loss":0.0,"damage_taken":0.0},{"damage_healed":0,"gold_gain":0,"player_choice":"Memory 3","damage_taken":10,"max_hp_gain":0,"max_hp_loss":0,"event_name":"SensoryStone","floor":38,"gold_loss":0},{"damage_healed":7,"gold_gain":0,"player_choice":"Heal","damage_taken":0,"max_hp_gain":0,"max_hp_loss":0,"event_name":"MindBloom","floor":45,"gold_loss":0,"cards_obtained":["Doubt"]}],"is_beta":false,"boss_relics":[{"not_picked":["White Beast Statue","Pandora\u0027s Box"],"picked":"Cursed Key"},{"not_picked":["Runic Dome","Orrery"],"picked":"Empty Cage"}],"items_purged_floors":[3,20,29,39,44],"is_endless":false,"potions_floor_spawned":[7,8,14,18,24,28,33,36,37,41,46],"ascension_level":0}