{"gold_per_floor":[119,294,306,306,317,349,349,349,349,11,11,25,25,60,60,158,158,178,190,204,218,233,253,253,253,253,253,223,241,241,257,257,357,357,367,367,56,68,86,86,102,102,102,112,126,226,501,23,23,23],"floor_reached":51,"playtime":3501,"items_purged":["Pain"],"score":711,"play_id":"3e3e67cb-8559-486f-8346-5d7496971b4c","local_time":"20181227071821","is_ascension_mode":false,"campfire_choices":[{"data":"Armaments","floor":7,"key":"SMITH"},{"data":"Bash","floor":11,"key":"SMITH"},{"data":"Bloodletting","floor":15,"key":"SMITH"},{"floor":25,"key":"REST"},{"data":"1","floor":27,"key":"LIFT"},{"data":"2","floor":30,"key":"LIFT"},{"data":"3","floor":32,"key":"LIFT"},{"data":"Dark Embrace","floor":40,"key":"SMITH"},{"data":"Feel No Pain","floor":42,"key":"SMITH"},{"data":"Trip","floor":49,"key":"SMITH"}],"neow_cost":"NONE","seed_source_timestamp":505484722257900,"circlet_count":0,"master_deck":["Strike_R","Strike_R","Strike_R","Strike_R","Defend_R","Defend_R","Defend_R","Defend_R","Bash+1","Bloodletting+1","Armaments+1","Inflame","Seeing Red","Pain","Second Wind","Feel No Pain","Rupture","Feed","Flame Barrier","Thunderclap","Carnage","Disarm","True Grit+1","Warcry","Ghostly","Ghostly","Ghostly","Ghostly","Ghostly","Rage","Feel No Pain+1","Dark Embrace+1","Shrug It Off+1","Cleave","Infernal Blade+1","Armaments+1","Parasite","True Grit+1","Body Slam+1","Corruption+1","Whirlwind+1","Regret","Inflame","Trip+1","Shrug It Off"],"relics":["Burning Blood","Oddly Smooth Stone","Darkstone Periapt","WarpedTongs","Pen Nib","Gambling Chip","Centennial Puzzle","Velvet Choker","Girya","Cursed Key","Matryoshka","Dream Catcher","Bottled Tornado","Pocketwatch","Gremlin Horn"],"potions_floor_usage":[6,12,16,23,29,31,33,33,33,50,50,50],"damage_taken":[{"damage":6,"enemies":"2 Louse","floor":1,"turns":3},{"damage":11,"enemies":"Jaw Worm","floor":3,"turns":4},{"damage":0,"enemies":"Small Slimes","floor":5,"turns":3},{"damage":15,"enemies":"3 Sentries","floor":6,"turns":9},{"damage":12,"enemies":"Gremlin Gang","floor":12,"turns":5},{"damage":24,"enemies":"Lagavulin","floor":14,"turns":5},{"damage":28,"enemies":"Hexaghost","floor":16,"turns":6},{"damage":19,"enemies":"Spheric Guardian","floor":18,"turns":4},{"damage":17,"enemies":"3 Byrds","floor":19,"turns":5},{"damage":35,"enemies":"3 Cultists","floor":20,"turns":6},{"damage":19,"enemies":"Centurion and Healer","floor":21,"turns":7},{"damage":21,"enemies":"Snake Plant","floor":22,"turns":4},{"damage":1,"enemies":"Cultist and Chosen","floor":23,"turns":7},{"damage":7,"enemies":"Centurion and Healer","floor":29,"turns":7},{"damage":11,"enemies":"Sentry and Sphere","floor":31,"turns":5},{"damage":23,"enemies":"Champ","floor":33,"turns":9},{"damage":5,"enemies":"Orb Walker","floor":35,"turns":5},{"damage":8,"enemies":"3 Darklings","floor":38,"turns":7},{"damage":5,"enemies":"Sphere and 2 Shapes","floor":39,"turns":5},{"damage":7,"enemies":"Writhing Mass","floor":41,"turns":6},{"damage":11,"enemies":"4 Shapes","floor":44,"turns":5},{"damage":19,"enemies":"Sphere and 2 Shapes","floor":45,"turns":7},{"damage":5,"enemies":"Mind Bloom Boss Battle","floor":46,"turns":7},{"damage":20,"enemies":"Awakened One","floor":50,"turns":14}],"seed_played":"-3389871591287716526","potions_obtained":[{"floor":5,"key":"PowerPotion"},{"floor":12,"key":"BloodPotion"},{"floor":19,"key":"FearPotion"},{"floor":22,"key":"Swift Potion"},{"floor":28,"key":"SneckoOil"},{"floor":28,"key":"SteroidPotion"},{"floor":29,"key":"Swift Potion"},{"floor":31,"key":"Energy Potion"},{"floor":36,"key":"SkillPotion"},{"floor":36,"key":"Dexterity Potion"},{"floor":36,"key":"Ancient Potion"},{"floor":39,"key":"Weak Potion"},{"floor":44,"key":"Swift Potion"}],"is_trial":false,"path_per_floor":["M","?","M","?","M","E","R","?","T","$","R","M","?","E","R","B",null,"M","M","M","M","M","M","?","R","T","R","?","M","R","M","R","B",null,"M","?","$","M","M","R","M","R","T","M","M","?","?","$","R","B",null],"character_chosen":"IRONCLAD","items_purchased":["Gambling Chip","SteroidPotion","Matryoshka","Cleave","Inflame","Gremlin Horn","Trip","Shrug It Off"],"campfire_rested":1,"item_purchase_floors":[10,10,37,37,48,48,48,48],"current_hp_per_floor":[80,80,75,75,80,71,71,77,77,77,77,71,71,53,53,39,86,77,70,45,32,17,25,25,40,40,40,40,43,43,42,42,25,58,58,58,58,56,60,60,65,65,71,66,57,58,64,64,64,54],"gold":23,"neow_bonus":"RANDOM_COMMON_RELIC","is_prod":false,"is_daily":false,"chose_seed":false,"campfire_upgraded":6,"win_rate":0.0,"timestamp":1545862701,"path_taken":["M","?","M","?","M","E","R","?","T","$","R","?","?","E","R","BOSS","M","?","M","?","M","M","?","R","T","R","?","M","R","M","R","BOSS","M","?","$","M","?","R","M","R","T","M","M","?","?","$","R","BOSS"],"build_version":"2018-12-25","purchased_purges":1,"victory":true,"max_hp_per_floor":[80,80,80,80,80,80,80,86,86,86,86,86,86,86,86,86,86,90,94,98,98,98,101,50,50,50,50,50,54,54,58,58,58,58,58,58,58,58,61,61,67,67,73,73,77,77,83,83,83,87],"card_choices":[{"not_picked":["Iron Wave","Warcry"],"picked":"Bloodletting","floor":1},{"not_picked":["Clash","Searing Blow"],"picked":"Armaments","floor":3},{"not_picked":["Dual Wield","Shrug It Off"],"picked":"Inflame","floor":5},{"not_picked":["Pommel Strike","Twin Strike"],"picked":"Seeing Red","floor":6},{"not_picked":["Body Slam","Anger"],"picked":"Second Wind","floor":12},{"not_picked":["Anger","Clash"],"picked":"Rupture","floor":14},{"not_picked":["Juggernaut","Berserk"],"picked":"Feed","floor":16},{"not_picked":["Shrug It Off","Clash"],"picked":"Flame Barrier","floor":18},{"not_picked":["Warcry","Armaments"],"picked":"Thunderclap","floor":19},{"not_picked":["Perfected Strike+1","Sever Soul"],"picked":"Carnage","floor":20},{"not_picked":["Iron Wave","Flex"],"picked":"Disarm","floor":21},{"not_picked":["Barricade","Flex+1"],"picked":"True Grit+1","floor":22},{"not_picked":["Combust","Pommel Strike"],"picked":"Warcry","floor":23},{"not_picked":["Warcry+1","Clash+1"],"picked":"Rage","floor":29},{"not_picked":["Warcry","Thunderclap"],"picked":"Feel No Pain","floor":31},{"not_picked":["Demon Form","Reaper"],"picked":"Dark Embrace","floor":33},{"not_picked":["Pommel Strike","Armaments+1"],"picked":"Shrug It Off+1","floor":35},{"not_picked":["Armaments","Rampage+1"],"picked":"Infernal Blade+1","floor":38},{"not_picked":["Twin Strike+1","Sword Boomerang+1"],"picked":"Armaments+1","floor":39},{"not_picked":["Pommel Strike","Blood for Blood"],"picked":"True Grit+1","floor":41},{"not_picked":["Uppercut","Rage+1"],"picked":"Body Slam+1","floor":44},{"not_picked":["Pommel Strike+1","Perfected Strike+1"],"picked":"Corruption+1","floor":45},{"not_picked":["Rupture+1","Blood for Blood+1"],"picked":"Whirlwind+1","floor":46}],"player_experience":1064,"relics_obtained":[{"floor":6,"key":"Darkstone Periapt"},{"floor":9,"key":"Pen Nib"},{"floor":14,"key":"Centennial Puzzle"},{"floor":26,"key":"Girya"},{"floor":43,"key":"Dream Catcher"},{"floor":43,"key":"Bottled Tornado"},{"floor":46,"key":"Pocketwatch"}],"event_choices":[{"damage_healed":0,"gold_gain":175,"player_choice":"AGREE","damage_taken":0,"max_hp_gain":0,"max_hp_loss":0,"event_name":"Liars Game","floor":2,"gold_loss":0,"cards_obtained":["Doubt"]},{"cards_removed":["Doubt"],"damage_healed":0,"gold_gain":0,"player_choice":"Forget","damage_taken":0,"max_hp_gain":0,"max_hp_loss":0,"event_name":"Living Wall","floor":4,"gold_loss":0},{"damage_healed":0,"gold_gain":0,"player_choice":"Rummage","damage_taken":0,"relics_obtained":["WarpedTongs"],"max_hp_gain":0,"max_hp_loss":0,"event_name":"Accursed Blacksmith","floor":8,"gold_loss":0,"cards_obtained":["Pain"]},{"damage_healed":0,"gold_gain":0,"cards_transformed":["Strike_R"],"player_choice":"Transformed","damage_taken":0,"max_hp_gain":0,"max_hp_loss":0,"event_name":"Transmorgrifier","floor":13,"gold_loss":0,"cards_obtained":["Feel No Pain"]},{"damage_healed":0,"gold_gain":0,"player_choice":"Became a Ghost","damage_taken":0,"max_hp_gain":0,"max_hp_loss":51,"event_name":"Ghosts","floor":24,"gold_loss":0,"cards_obtained":["Ghostly","Ghostly","Ghostly","Ghostly","Ghostly"]},{"damage_healed":0,"gold_gain":0,"player_choice":"Bought 2 Potions","damage_taken":0,"max_hp_gain":0,"max_hp_loss":0,"event_name":"The Woman in Blue","floor":28,"gold_loss":0},{"damage_healed":0,"gold_gain":0,"player_choice":"Got Potions","damage_taken":0,"max_hp_gain":0,"max_hp_loss":0,"event_name":"Lab","floor":36,"gold_loss":0},{"damage_healed":0,"gold_gain":0,"player_choice":"Fight","damage_taken":0,"max_hp_gain":0,"max_hp_loss":0,"event_name":"MindBloom","floor":46,"gold_loss":0},{"damage_healed":0,"gold_gain":275,"player_choice":"Desecrate","damage_taken":0,"max_hp_gain":0,"max_hp_loss":0,"event_name":"Golden Shrine","floor":47,"gold_loss":0,"cards_obtained":["Regret"]}],"is_beta":true,"boss_relics":[{"not_picked":["Lizard Tail","Runic Cube"],"picked":"Velvet Choker"},{"not_picked":["White Beast Statue","Black Blood"],"picked":"Cursed Key"}],"items_purged_floors":[48],"is_endless":false,"potions_floor_spawned":[5,12,19,22,29,31,38,39,44,45,46],"ascension_level":0}