{"gold_per_floor":[117,127,141,157,157,157,198,212,237,237,257,257,34,48,48,172,172,193,214,214,247,40,74,74],"floor_reached":24,"playtime":1293,"items_purged":[],"score":218,"play_id":"0875f9c2-81d8-4b5f-9913-3277a16546b6","local_time":"20181127234041","is_ascension_mode":false,"campfire_choices":[{"data":"Double Energy","floor":6.0,"key":"SMITH"},{"data":"Zap","floor":10.0,"key":"SMITH"},{"floor":15.0,"key":"REST"}],"neow_cost":"NONE","seed_source_timestamp":3749126403000,"circlet_count":0,"master_deck":["Strike_B","Defend_B","Defend_B","Defend_B","Defend_B","Zap+1","Dualcast","Force Field+1","Rebound+1","Go for the Eyes+1","Hologram","Coolheaded+1","Double Energy+1","Go for the Eyes","Turbo+1","Hologram","Electrodynamics","Defragment","Gash","Creative AI","Hello World+1","Redo","RitualDagger","Gash","FTL","Trip","Buffer"],"special_seed":0,"relics":["Astrolabe","Golden Idol","Cables","Regal Pillow","Lizard Tail","Red Mask","Boot"],"potions_floor_usage":[23],"damage_taken":[{"damage":1.0,"enemies":"Jaw Worm","floor":1.0,"turns":3.0},{"damage":0.0,"enemies":"Small Slimes","floor":2.0,"turns":3.0},{"damage":0.0,"enemies":"2 Louse","floor":3.0,"turns":3.0},{"damage":6.0,"enemies":"Blue Slaver","floor":4.0,"turns":4.0},{"damage":18.0,"enemies":"Gremlin Nob","floor":7.0,"turns":5.0},{"damage":0.0,"enemies":"Exordium Wildlife","floor":8.0,"turns":3.0},{"damage":0.0,"enemies":"Lots of Slimes","floor":11.0,"turns":4.0},{"damage":1.0,"enemies":"3 Louse","floor":14.0,"turns":2.0},{"damage":7.0,"enemies":"Slime Boss","floor":16.0,"turns":7.0},{"damage":8.0,"enemies":"Chosen","floor":18.0,"turns":8.0},{"damage":20.0,"enemies":"Shell Parasite","floor":19.0,"turns":5.0},{"damage":44.0,"enemies":"Masked Bandits","floor":21.0,"turns":5.0},{"damage":26,"enemies":"Slavers","floor":23,"turns":6},{"damage":8,"enemies":"Sentry and Sphere","floor":24,"turns":2}],"seed_played":"-7696329800115137235","potions_obtained":[{"floor":1.0,"key":"PowerPotion"},{"floor":2.0,"key":"Regen Potion"},{"floor":7.0,"key":"Swift Potion"},{"floor":8.0,"key":"FearPotion"},{"floor":18.0,"key":"GamblersBrew"},{"floor":23,"key":"Ancient Potion"}],"is_trial":false,"path_per_floor":["M","M","M","M","?","R","E","M","T","R","M","?","$","M","R","B",null,"M","M","?","?","$","E","M"],"character_chosen":"DEFECT","items_purchased":["Regal Pillow","Defragment","FTL","Trip","Swift Potion"],"campfire_rested":1,"item_purchase_floors":[13,13,22,22,22],"current_hp_per_floor":[74,74,74,68,50,50,44,44,44,44,44,29,29,28,65,58,75,67,47,41,34,34,8,0],"gold":74,"neow_bonus":"BOSS_RELIC","is_prod":false,"is_daily":false,"chose_seed":false,"campfire_upgraded":2,"win_rate":0,"timestamp":1543329641,"path_taken":["M","M","M","M","?","R","E","M","T","R","M","?","$","M","R","BOSS","M","M","?","?","$","E","M"],"build_version":"2018-11-15","purchased_purges":0,"victory":false,"max_hp_per_floor":[75,75,75,75,75,75,75,75,75,75,75,75,75,75,75,75,75,75,75,75,75,75,75,75],"card_choices":[{"not_picked":["Fusion","Gash"],"picked":"Hologram","floor":1.0},{"not_picked":["Stack","Static Discharge"],"picked":"Coolheaded","floor":2.0},{"not_picked":["Stack","Sweeping Beam"],"picked":"Double Energy","floor":3.0},{"not_picked":["Redo","Reinforced Body"],"picked":"Go for the Eyes","floor":4.0},{"not_picked":["Streamline","Recycle"],"picked":"Turbo","floor":7.0},{"not_picked":["Darkness","BootSequence"],"picked":"Hologram","floor":8.0},{"not_picked":["Streamline","Stack"],"picked":"Electrodynamics","floor":11.0},{"not_picked":["Rebound","Cold Snap"],"picked":"Gash","floor":14.0},{"not_picked":["Multi-Cast","Electrodynamics"],"picked":"Creative AI","floor":16.0},{"not_picked":["Streamline+1","Cold Snap+1"],"picked":"Hello World+1","floor":18.0},{"not_picked":["Doom and Gloom+1","Capacitor"],"picked":"Redo","floor":19.0},{"not_picked":["Steam","Beam Cell"],"picked":"Gash","floor":21.0},{"not_picked":["Darkness","Gash+1"],"picked":"Buffer","floor":23}],"player_experience":504170,"relics_obtained":[{"floor":7.0,"key":"Cables"},{"floor":21.0,"key":"Red Mask"},{"floor":23,"key":"Boot"}],"event_choices":[{"damage_healed":0.0,"max_hp_gain":0.0,"max_hp_loss":0.0,"gold_gain":0.0,"event_name":"Golden Idol","player_choice":"Take Damage","floor":5.0,"gold_loss":0.0,"damage_taken":18.0,"relics_obtained":["Golden Idol"]},{"damage_healed":0.0,"max_hp_gain":0.0,"max_hp_loss":0.0,"gold_gain":0.0,"event_name":"Shining Light","player_choice":"Entered Light","floor":12.0,"gold_loss":0.0,"damage_taken":15.0,"cards_upgraded":["Turbo","Coolheaded"]},{"damage_healed":0.0,"max_hp_gain":0.0,"max_hp_loss":0.0,"gold_gain":0.0,"event_name":"Nest","player_choice":"Joined the Cult","floor":20.0,"gold_loss":0.0,"damage_taken":6.0,"cards_obtained":["RitualDagger"]},{"damage_healed":0.0,"max_hp_gain":0.0,"max_hp_loss":0.0,"gold_gain":0.0,"event_name":"Masked Bandits","player_choice":"Fought Bandits","floor":21.0,"gold_loss":0.0,"damage_taken":0.0}],"is_beta":false,"boss_relics":[{"not_picked":["Empty Cage","Runic Pyramid"],"picked":"Lizard Tail"}],"items_purged_floors":[],"is_endless":false,"potions_floor_spawned":[1,2,7,8,18,23],"killed_by":"Sentry and Sphere","ascension_level":0}