{"gold_per_floor":[116,116,136,311,202,202,232,242,268,296,296,311,276,294,294,394,394,406,422,422,422,435,435,435,435,459,474,474,179,197,197],"floor_reached":31,"playtime":1428,"items_purged":["Doubt","Strike_B"],"score":312,"play_id":"743e863c-ed0f-4171-8c26-171b346ae8a7","local_time":"20190103102746","is_ascension_mode":true,"campfire_choices":[{"data":"Zap","floor":6,"key":"SMITH"},{"data":"Defragment","floor":15,"key":"SMITH"},{"floor":23,"key":"REST"},{"floor":25,"key":"REST"}],"neow_cost":"NONE","seed_source_timestamp":348815627400978,"circlet_count":0,"master_deck":["Strike_B","Strike_B","Strike_B","Defend_B","Defend_B","Defend_B","Defend_B","Zap+1","Dualcast+1","Defragment+1","Streamline","FTL","Machine Learning","Sunder","Melter","Reinforced Body","Seek","Ball Lightning","Cold Snap+1","Go for the Eyes+1"],"relics":["Cracked Core","NeowsBlessing","Omamori","Lantern","Odd Mushroom","Pocketwatch","Inserter","Calipers","Happy Flower","OrangePellets"],"potions_floor_usage":[16,19,22],"damage_taken":[{"damage":0,"enemies":"Cultist","floor":1,"turns":1},{"damage":0,"enemies":"Jaw Worm","floor":3,"turns":1},{"damage":0,"enemies":"Gremlin Nob","floor":7,"turns":1},{"damage":10,"enemies":"Small Slimes","floor":8,"turns":3},{"damage":2,"enemies":"The Mushroom Lair","floor":10,"turns":3},{"damage":2,"enemies":"3 Louse","floor":12,"turns":2},{"damage":0,"enemies":"Large Slime","floor":14,"turns":2},{"damage":32,"enemies":"The Guardian","floor":16,"turns":7},{"damage":20,"enemies":"Shell Parasite","floor":18,"turns":5},{"damage":9,"enemies":"2 Thieves","floor":19,"turns":3},{"damage":29,"enemies":"Centurion and Healer","floor":22,"turns":5},{"damage":22,"enemies":"3 Cultists","floor":27,"turns":5},{"damage":25,"enemies":"Cultist and Chosen","floor":30,"turns":7},{"damage":15,"enemies":"Snecko","floor":31,"turns":4}],"seed_played":"-9101972436221769944","potions_obtained":[{"floor":1,"key":"FearPotion"},{"floor":3,"key":"Ancient Potion"},{"floor":14,"key":"FearPotion"},{"floor":16,"key":"Explosive Potion"},{"floor":18,"key":"SpeedPotion"},{"floor":19,"key":"Block Potion"},{"floor":27,"key":"PowerPotion"}],"is_trial":false,"path_per_floor":["M","$","M","?","$","R","E","M","T","?","?","M","?","M","R","B",null,"M","M","?","?","M","R","?","R","T","M","?","$","M","M"],"character_chosen":"DEFECT","items_purchased":["FTL","OrangePellets"],"campfire_rested":2,"item_purchase_floors":[5,29],"current_hp_per_floor":[75,75,75,75,75,75,75,65,65,63,51,49,67,67,67,35,75,55,46,46,46,17,39,39,61,61,39,39,39,14,0],"gold":197,"neow_bonus":"THREE_ENEMY_KILL","is_prod":false,"is_daily":false,"chose_seed":false,"campfire_upgraded":2,"win_rate":0,"timestamp":1546478866,"path_taken":["M","$","M","?","$","R","E","M","T","?","?","M","?","M","R","BOSS","M","M","?","?","M","R","?","R","T","?","?","$","M","?"],"build_version":"2018-12-20","purchased_purges":2,"victory":false,"max_hp_per_floor":[75,75,75,75,75,75,75,75,75,75,75,75,75,75,75,75,75,75,75,75,75,75,75,75,75,75,75,75,75,75,75],"card_choices":[{"not_picked":["Darkness","FTL"],"picked":"Defragment","floor":1},{"not_picked":["Rebound","Barrage"],"picked":"Streamline","floor":3},{"not_picked":["Self Repair","Turbo"],"picked":"Machine Learning","floor":7},{"not_picked":["Chaos","Barrage"],"picked":"Sunder","floor":8},{"not_picked":["Heatsinks","Streamline"],"picked":"Melter","floor":10},{"not_picked":["Rebound","Steam","Doom and Gloom"],"picked":"SKIP","floor":12},{"not_picked":["Stack","Hologram"],"picked":"Reinforced Body","floor":14},{"not_picked":["All For One","Thunder Strike"],"picked":"Seek","floor":16},{"not_picked":["Stack","Compile Driver"],"picked":"Ball Lightning","floor":18},{"not_picked":["Compile Driver","Barrage","Darkness"],"picked":"SKIP","floor":19},{"not_picked":["Compile Driver+1","Streamline+1"],"picked":"Cold Snap+1","floor":22},{"not_picked":["Rebound","Compile Driver","Ball Lightning"],"picked":"SKIP","floor":27},{"not_picked":["Rebound","Hyperbeam"],"picked":"Go for the Eyes+1","floor":30}],"player_experience":120741,"relics_obtained":[{"floor":7,"key":"Omamori"},{"floor":9,"key":"Lantern"},{"floor":10,"key":"Odd Mushroom"},{"floor":26,"key":"Happy Flower"}],"event_choices":[{"damage_healed":0,"gold_gain":175,"player_choice":"AGREE","damage_taken":0,"max_hp_gain":0,"max_hp_loss":0,"event_name":"Liars Game","floor":4,"gold_loss":0,"cards_obtained":["Doubt"]},{"damage_healed":0,"gold_gain":0,"player_choice":"Fought Mushrooms","damage_taken":0,"max_hp_gain":0,"max_hp_loss":0,"event_name":"Mushrooms","floor":10,"gold_loss":0},{"damage_healed":0,"gold_gain":0,"player_choice":"Success","damage_taken":12,"relics_obtained":["Pocketwatch"],"max_hp_gain":0,"max_hp_loss":0,"event_name":"Scrap Ooze","floor":11,"gold_loss":0},{"damage_healed":18,"gold_gain":0,"player_choice":"Healed","damage_taken":0,"max_hp_gain":0,"max_hp_loss":0,"event_name":"The Cleric","floor":13,"gold_loss":35},{"damage_healed":0,"gold_gain":0,"player_choice":"Ignored","damage_taken":0,"max_hp_gain":0,"max_hp_loss":0,"event_name":"Vampires","floor":20,"gold_loss":0},{"damage_healed":0,"gold_gain":0,"player_choice":"Ignored","damage_taken":0,"max_hp_gain":0,"max_hp_loss":0,"event_name":"Ghosts","floor":21,"gold_loss":0},{"damage_healed":0,"gold_gain":0,"player_choice":"Gave Potion","damage_taken":0,"relics_obtained":["Calipers"],"max_hp_gain":0,"max_hp_loss":0,"event_name":"WeMeetAgain","floor":24,"gold_loss":0},{"damage_healed":0,"gold_gain":0,"player_choice":"Upgraded","damage_taken":0,"max_hp_gain":0,"max_hp_loss":0,"event_name":"Upgrade Shrine","floor":28,"gold_loss":0,"cards_upgraded":["Dualcast"]}],"is_beta":false,"boss_relics":[{"not_picked":["White Beast Statue","Pandora\u0027s Box"],"picked":"Inserter"}],"items_purged_floors":[5,29],"is_endless":false,"potions_floor_spawned":[1,3,14,16,18,19,27],"killed_by":"Snecko","ascension_level":4}