{"gold_per_floor":[118,43,43,58,58,58,58,58,58,71,89,109,109,134,134,234,234,249,249,267,182,196,196,231,231,279,279,290,290,308,319,319,424,424,443,142,142,153,153,153,163,163,163,163,38,38,54,72,72,72],"floor_reached":51,"playtime":1433,"items_purged":["Defend_R","Strike_R","Doubt"],"score":842,"play_id":"e83ebc00-4443-4dfb-9493-7c4ffc8f1361","local_time":"20190818235743","is_ascension_mode":false,"campfire_choices":[{"data":"Uppercut","floor":6.0,"key":"SMITH"},{"data":"Bash","floor":8,"key":"SMITH"},{"data":"Feed","floor":15,"key":"SMITH"},{"data":"Double Tap","floor":23,"key":"SMITH"},{"data":"Bash","floor":25,"key":"SMITH"},{"data":"Offering","floor":29,"key":"SMITH"},{"data":"Good Instincts","floor":32,"key":"SMITH"},{"data":"Blind","floor":40,"key":"SMITH"},{"data":"Thinking Ahead","floor":49,"key":"SMITH"}],"neow_cost":"NONE","seed_source_timestamp":4975625915229,"circlet_count":0,"master_deck":["Strike_R","Defend_R+1","Defend_R+1","Defend_R","Bash+1","Uppercut+1","Feed+1","Bash+1","Dropkick","Good Instincts+1","Double Tap+1","Cleave","Offering+1","Reckless Charge","Shrug It Off+1","Shockwave+1","Immolate","Thunderclap+1","Mayhem","Blind+1","Thinking Ahead+1","Headbutt+1","Clothesline+1"],"special_seed":0,"relics":["Burning Blood","War Paint","Pantograph","Meat on the Bone","Busted Crown","Red Skull","Dream Catcher","Happy Flower","Black Star","Lee\u0027s Waffle","Question Card"],"potions_floor_usage":[14,18,31,33,50,50,50],"damage_taken":[{"damage":10.0,"enemies":"Small Slimes","floor":1.0,"turns":5.0},{"damage":0.0,"enemies":"2 Louse","floor":4.0,"turns":2.0},{"damage":0,"enemies":"Cultist","floor":10,"turns":3},{"damage":0,"enemies":"Large Slime","floor":11,"turns":3},{"damage":19,"enemies":"Exordium Thugs","floor":12,"turns":5},{"damage":4,"enemies":"3 Sentries","floor":14,"turns":3},{"damage":53,"enemies":"The Guardian","floor":16,"turns":13},{"damage":6,"enemies":"Spheric Guardian","floor":18,"turns":4},{"damage":21,"enemies":"3 Byrds","floor":20,"turns":4},{"damage":22,"enemies":"Snake Plant","floor":22,"turns":4},{"damage":28,"enemies":"Gremlin Leader","floor":24,"turns":4},{"damage":12,"enemies":"Snecko","floor":28,"turns":3},{"damage":6,"enemies":"Centurion and Healer","floor":30,"turns":4},{"damage":20,"enemies":"Snake Plant","floor":31,"turns":6},{"damage":57,"enemies":"Automaton","floor":33,"turns":10},{"damage":6,"enemies":"Orb Walker","floor":35,"turns":3},{"damage":10,"enemies":"3 Darklings","floor":38,"turns":5},{"damage":43,"enemies":"Maw","floor":41,"turns":8},{"damage":40,"enemies":"Spire Growth","floor":47,"turns":5},{"damage":17,"enemies":"4 Shapes","floor":48,"turns":4},{"damage":111,"enemies":"Time Eater","floor":50,"turns":12}],"seed_played":"5015293675976436973","potions_obtained":[{"floor":10,"key":"SpeedPotion"},{"floor":12,"key":"SteroidPotion"},{"floor":16,"key":"Block Potion"},{"floor":24,"key":"Poison Potion"},{"floor":28,"key":"Ancient Potion"},{"floor":31,"key":"Regen Potion"},{"floor":38,"key":"SpeedPotion"}],"is_trial":false,"path_per_floor":["M","$","?","M","$","R","?","R","T","M","M","M","?","E","R","B",null,"M","?","M","?","M","R","E","R","T","?","M","R","M","M","R","B",null,"M","$","?","M","?","R","M","?","T","?","$","?","M","M","R","B",null],"character_chosen":"IRONCLAD","items_purchased":["Lee\u0027s Waffle"],"campfire_rested":0,"item_purchase_floors":[36],"current_hp_per_floor":[76,76,69,75,75,75,75,75,75,83,86,76,76,81,81,61,96,100,80,69,69,69,69,59,59,59,59,69,69,73,75,75,65,129,133,140,130,130,130,130,93,93,93,144,144,137,103,96,96,43],"gold":72,"neow_bonus":"RANDOM_COMMON_RELIC","is_prod":false,"is_daily":false,"chose_seed":false,"campfire_upgraded":9,"win_rate":0,"timestamp":1566194263,"path_taken":["M","$","?","M","$","R","?","R","T","M","M","?","?","E","R","BOSS","M","?","M","?","M","R","E","R","T","?","M","R","?","M","R","BOSS","M","$","?","M","?","R","?","?","T","?","$","?","?","M","R","BOSS"],"build_version":"2019-07-17","purchased_purges":3,"victory":true,"max_hp_per_floor":[80,80,80,80,80,80,80,80,80,83,86,89,89,92,92,96,96,100,105,109,109,113,113,113,113,113,113,117,117,121,125,125,129,129,133,140,140,144,144,144,144,144,144,144,144,137,137,141,141,141],"card_choices":[{"not_picked":["True Grit","Shrug It Off","Blood for Blood"],"picked":"SKIP","floor":1.0},{"not_picked":["Armaments","Cleave"],"picked":"Uppercut","floor":4.0},{"not_picked":["Havoc","Warcry","Heavy Blade"],"picked":"SKIP","floor":10},{"not_picked":["Shockwave","Inflame"],"picked":"Double Tap","floor":11},{"not_picked":["Sword Boomerang","Carnage"],"picked":"Cleave","floor":12},{"not_picked":["Entrench","Body Slam","Wild Strike"],"picked":"SKIP","floor":14},{"not_picked":["Berserk","Exhume"],"picked":"Offering","floor":16},{"not_picked":["Disarm"],"picked":"SKIP","floor":18},{"not_picked":["Reckless Charge"],"picked":"SKIP","floor":20},{"not_picked":[],"picked":"Reckless Charge","floor":20},{"not_picked":["Shrug It Off+1"],"picked":"SKIP","floor":22},{"not_picked":[],"picked":"Shrug It Off+1","floor":22},{"not_picked":[],"picked":"Shockwave+1","floor":24},{"not_picked":["Rage"],"picked":"SKIP","floor":28},{"not_picked":["Sentinel+1"],"picked":"SKIP","floor":30},{"not_picked":["Feel No Pain"],"picked":"SKIP","floor":31},{"not_picked":[],"picked":"Immolate","floor":33},{"not_picked":[],"picked":"Thunderclap+1","floor":35},{"not_picked":[],"picked":"Mayhem","floor":37},{"not_picked":[],"picked":"Blind","floor":37},{"not_picked":[],"picked":"Thinking Ahead","floor":37},{"not_picked":["Clothesline"],"picked":"SKIP","floor":38},{"not_picked":["Bloodletting"],"picked":"SKIP","floor":41},{"not_picked":["Seeing Red+1"],"picked":"Headbutt+1","floor":47},{"not_picked":["Thunderclap+1"],"picked":"Clothesline+1","floor":48}],"player_experience":1684059,"relics_obtained":[{"floor":9,"key":"Pantograph"},{"floor":14,"key":"Meat on the Bone"},{"floor":24,"key":"Dream Catcher"},{"floor":26,"key":"Happy Flower"},{"floor":43,"key":"Question Card"}],"event_choices":[{"cards_removed":["Strike_R"],"damage_healed":0.0,"max_hp_gain":0.0,"max_hp_loss":0.0,"gold_gain":0.0,"event_name":"Golden Wing","player_choice":"Card Removal","floor":3.0,"gold_loss":0.0,"damage_taken":7.0},{"damage_healed":0,"gold_gain":0,"player_choice":"4 cards matched","damage_taken":0,"max_hp_gain":0,"max_hp_loss":0,"event_name":"Match and Keep!","floor":7,"gold_loss":0,"cards_obtained":["Feed","Bash","Dropkick","Good Instincts"]},{"cards_removed":["Strike_R"],"damage_healed":0,"gold_gain":0,"player_choice":"Forget","damage_taken":0,"max_hp_gain":0,"max_hp_loss":0,"event_name":"Living Wall","floor":13,"gold_loss":0},{"damage_healed":0,"gold_gain":0,"player_choice":"Shed Blood","damage_taken":25,"max_hp_gain":5,"max_hp_loss":0,"event_name":"Forgotten Altar","floor":19,"gold_loss":0},{"damage_healed":0,"gold_gain":0,"player_choice":"Obtained Relic","damage_taken":0,"relics_obtained":["Red Skull"],"max_hp_gain":0,"max_hp_loss":0,"event_name":"Addict","floor":21,"gold_loss":85},{"damage_healed":0,"gold_gain":0,"player_choice":"Ignored","damage_taken":0,"max_hp_gain":0,"max_hp_loss":0,"event_name":"Ghosts","floor":27,"gold_loss":0},{"damage_healed":0,"gold_gain":0,"player_choice":"Memory 3","damage_taken":10,"max_hp_gain":0,"max_hp_loss":0,"event_name":"SensoryStone","floor":37,"gold_loss":0},{"cards_removed":["Strike_R"],"damage_healed":0,"gold_gain":0,"player_choice":"Purged","damage_taken":0,"max_hp_gain":0,"max_hp_loss":0,"event_name":"Purifier","floor":39,"gold_loss":0},{"damage_healed":0,"gold_gain":0,"player_choice":"Ignored","damage_taken":0,"max_hp_gain":0,"max_hp_loss":0,"event_name":"Tomb of Lord Red Mask","floor":42,"gold_loss":0},{"damage_healed":51,"gold_gain":0,"player_choice":"Heal","damage_taken":0,"max_hp_gain":0,"max_hp_loss":0,"event_name":"MindBloom","floor":44,"gold_loss":0,"cards_obtained":["Doubt"]},{"damage_healed":0,"gold_gain":0,"player_choice":"Max HP","damage_taken":0,"max_hp_gain":0,"max_hp_loss":7,"event_name":"Winding Halls","floor":46,"gold_loss":0}],"is_beta":false,"boss_relics":[{"not_picked":["Eternal Feather","Astrolabe"],"picked":"Busted Crown"},{"not_picked":["Runic Dome","Lizard Tail"],"picked":"Black Star"}],"items_purged_floors":[2,36,45],"is_endless":false,"potions_floor_spawned":[10,12,16,24,28,31,38,48],"ascension_level":0}