{"gold_per_floor":[115,115,134,43,43,43,75,75,75,86,121,121],"floor_reached":12,"playtime":454,"items_purged":[],"score":172,"play_id":"0c401258-360b-41ed-8e78-4bd18f9fd3b3","local_time":"20190825024137","is_ascension_mode":true,"campfire_choices":[{"data":"Blind","floor":6,"key":"SMITH"},{"data":"Fusion","floor":8,"key":"SMITH"}],"neow_cost":"TEN_PERCENT_HP_LOSS","seed_source_timestamp":332094227363700,"circlet_count":0,"master_deck":["AscendersBane","Strike_B","Strike_B","Defend_B","Defend_B","Defend_B","Defend_B","Zap+1","Dualcast","Capacitor","Storm","Barrage","Darkness","Blind+1","Fusion+1","Rip and Tear","Steam"],"relics":["Cracked Core","Centennial Puzzle","PreservedInsect","Girya"],"potions_floor_usage":[7,11],"damage_taken":[{"damage":4,"enemies":"Jaw Worm","floor":1,"turns":5},{"damage":7,"enemies":"2 Louse","floor":3,"turns":2},{"damage":8,"enemies":"Lagavulin","floor":7,"turns":6},{"damage":4,"enemies":"Cultist","floor":10,"turns":4},{"damage":33,"enemies":"Gremlin Nob","floor":11,"turns":4},{"damage":10,"enemies":"3 Louse","floor":12,"turns":1}],"seed_played":"8449159928057129205","potions_obtained":[{"floor":1,"key":"EssenceOfSteel"},{"floor":7,"key":"SpeedPotion"}],"is_trial":false,"path_per_floor":["M","?","M","$","?","R","E","R","T","M","E","M"],"character_chosen":"DEFECT","items_purchased":["Blind"],"campfire_rested":0,"item_purchase_floors":[4],"current_hp_per_floor":[60,60,53,53,53,53,45,45,45,41,8,0],"gold":121,"neow_bonus":"TRANSFORM_TWO_CARDS","is_prod":false,"is_daily":false,"chose_seed":false,"campfire_upgraded":2,"win_rate":0,"timestamp":1566668497,"path_taken":["M","?","M","$","?","R","E","R","T","M","E","M"],"build_version":"2019-07-17","purchased_purges":0,"victory":false,"max_hp_per_floor":[64,64,64,64,64,64,64,64,64,64,64,64],"card_choices":[{"not_picked":["Recycle","Sweeping Beam"],"picked":"Barrage","floor":1},{"not_picked":["Redo","Capacitor"],"picked":"Darkness","floor":3},{"not_picked":["Force Field","Double Energy"],"picked":"Fusion","floor":7},{"not_picked":["Coolheaded","Conserve Battery"],"picked":"Rip and Tear","floor":10},{"not_picked":["Compile Driver","Sweeping Beam"],"picked":"Steam","floor":11}],"player_experience":814617,"relics_obtained":[{"floor":7,"key":"Centennial Puzzle"},{"floor":9,"key":"PreservedInsect"},{"floor":11,"key":"Girya"}],"event_choices":[{"damage_healed":0,"gold_gain":0,"player_choice":"Grow","damage_taken":0,"max_hp_gain":0,"max_hp_loss":0,"event_name":"Living Wall","floor":2,"gold_loss":0,"cards_upgraded":["Zap"]},{"damage_healed":0,"gold_gain":0,"player_choice":"Leave","damage_taken":0,"max_hp_gain":0,"max_hp_loss":0,"event_name":"The Cleric","floor":5,"gold_loss":0}],"is_beta":false,"boss_relics":[],"items_purged_floors":[],"is_endless":false,"potions_floor_spawned":[1,7],"killed_by":"3 Louse","ascension_level":20}