{"gold_per_floor":[116,266,266,266,166,184,201,230,304,314,4,39,39,54,54,126,126,136,51,51,69,30,41,41,60,60,72,103,127,139,151,163,254,266,296,308,337,362,59,59,59],"floor_reached":41,"playtime":1895,"items_purged":["Regret","Strike_B","Doubt"],"score":791,"play_id":"a34395cc-1fc6-4a83-983b-bf5cfcace329","local_time":"20190823101139","is_ascension_mode":true,"campfire_choices":[{"data":"Fusion","floor":13,"key":"SMITH"},{"data":"Redo","floor":15,"key":"SMITH"},{"floor":30,"key":"REST"},{"floor":32,"key":"REST"},{"floor":40,"key":"REST"}],"neow_cost":"NONE","seed_source_timestamp":184852974219600,"circlet_count":0,"master_deck":["AscendersBane","Strike_B","Defend_B","Defend_B","Defend_B","Defend_B","Zap","Dualcast","Conserve Battery","Redo+1","Sunder","Reinforced Body","Fusion+1","White Noise","Reboot","Ball Lightning","Fission+1","Sweeping Beam+1","Core Surge","Skim","Conserve Battery","Consume","Cold Snap","Fusion","Electrodynamics","Steam+1","Doom and Gloom","Secret Weapon"],"relics":["Cracked Core","NeowsBlessing","Mango","Odd Mushroom","Mercury Hourglass","Membership Card","Strawberry","Fusion Hammer","Vajra","MawBank","Cursed Key","Potion Belt"],"potions_floor_usage":[8,12,16,16,23,28,33,33,41,41],"damage_taken":[{"damage":0,"enemies":"Jaw Worm","floor":1,"turns":1},{"damage":0,"enemies":"Small Slimes","floor":6,"turns":1},{"damage":0,"enemies":"Cultist","floor":7,"turns":1},{"damage":8,"enemies":"The Mushroom Lair","floor":8,"turns":4},{"damage":0,"enemies":"Exordium Wildlife","floor":10,"turns":2},{"damage":21,"enemies":"Lagavulin","floor":12,"turns":5},{"damage":1,"enemies":"Blue Slaver","floor":14,"turns":3},{"damage":49,"enemies":"Hexaghost","floor":16,"turns":10},{"damage":10,"enemies":"2 Thieves","floor":18,"turns":4},{"damage":7,"enemies":"Chosen","floor":21,"turns":3},{"damage":0,"enemies":"3 Cultists","floor":23,"turns":2},{"damage":17,"enemies":"Snake Plant","floor":25,"turns":3},{"damage":22,"enemies":"Centurion and Healer","floor":28,"turns":7},{"damage":0,"enemies":"Sentry and Sphere","floor":29,"turns":3},{"damage":75,"enemies":"Automaton","floor":33,"turns":12},{"damage":6,"enemies":"3 Shapes","floor":35,"turns":4},{"damage":22,"enemies":"3 Darklings","floor":37,"turns":3},{"damage":3,"enemies":"4 Shapes","floor":38,"turns":6},{"damage":77,"enemies":"Giant Head","floor":41,"turns":7}],"seed_played":"-5203983745593767175","potions_obtained":[{"floor":6,"key":"Energy Potion"},{"floor":10,"key":"Poison Potion"},{"floor":14,"key":"Swift Potion"},{"floor":16,"key":"PowerPotion"},{"floor":18,"key":"FocusPotion"},{"floor":25,"key":"Regen Potion"},{"floor":29,"key":"GamblersBrew"},{"floor":38,"key":"EssenceOfSteel"}],"is_trial":false,"path_per_floor":["M","?","?","?","$","M","M","?","T","M","$","E","R","M","R","B",null,"M","?","?","M","$","M","$","M","T","$","M","M","R","?","R","B",null,"M","?","M","M","$","R","E"],"character_chosen":"DEFECT","items_purchased":["Redo","Membership Card","LiquidBronze","Core Surge","Potion Belt","Ancient Potion","Secret Weapon","SkillPotion"],"campfire_rested":3,"item_purchase_floors":[5,11,11,22,39,39,39,39],"current_hp_per_floor":[64,64,78,85,85,85,85,77,77,77,77,63,63,62,62,13,72,62,62,62,55,55,55,55,38,38,38,31,31,58,58,85,10,72,66,66,44,41,41,68,0],"gold":59,"neow_bonus":"THREE_ENEMY_KILL","is_prod":false,"is_daily":false,"chose_seed":false,"campfire_upgraded":2,"win_rate":0,"timestamp":1566522699,"path_taken":["M","?","?","?","$","M","?","?","T","M","$","E","R","M","R","BOSS","M","?","?","M","$","M","$","?","T","$","M","M","R","?","R","BOSS","M","?","M","M","$","R","E"],"build_version":"2019-07-17","purchased_purges":3,"victory":false,"max_hp_per_floor":[71,71,85,85,85,85,85,85,85,85,85,92,92,92,92,92,92,92,92,92,92,92,92,92,92,92,92,92,92,92,92,92,92,92,92,92,92,92,92,92,92],"card_choices":[{"not_picked":["Gash","Sweeping Beam"],"picked":"Conserve Battery","floor":1},{"not_picked":["Storm","Rebound"],"picked":"Sunder","floor":6},{"not_picked":["Undo","Go for the Eyes"],"picked":"Reinforced Body","floor":7},{"not_picked":["Consume","Thunder Strike"],"picked":"Fusion","floor":8},{"not_picked":["Lockon","Sweeping Beam"],"picked":"White Noise","floor":10},{"not_picked":["Beam Cell","Loop"],"picked":"Reboot","floor":12},{"not_picked":["Steam Power","Auto Shields"],"picked":"Ball Lightning","floor":14},{"not_picked":["Echo Form","Multi-Cast"],"picked":"Fission","floor":16},{"not_picked":["Hologram","Rebound"],"picked":"Sweeping Beam+1","floor":18},{"not_picked":["Rip and Tear","Hello World","Rebound"],"picked":"SKIP","floor":21},{"not_picked":["Ball Lightning","Conserve Battery"],"picked":"Skim","floor":23},{"not_picked":["Steam","Static Discharge"],"picked":"Conserve Battery","floor":25},{"not_picked":["Force Field","Lockon","Rebound"],"picked":"SKIP","floor":28},{"not_picked":["Ball Lightning","Tempest"],"picked":"Consume","floor":29},{"not_picked":["Machine Learning","Hyperbeam"],"picked":"Electrodynamics","floor":33},{"not_picked":["Redo","Force Field","Rebound+1"],"picked":"SKIP","floor":35},{"not_picked":["Beam Cell+1","Coolheaded"],"picked":"Steam+1","floor":37},{"not_picked":["Stack+1","Sweeping Beam"],"picked":"Doom and Gloom","floor":38}],"player_experience":767062,"relics_obtained":[{"floor":8,"key":"Odd Mushroom"},{"floor":9,"key":"Mercury Hourglass"},{"floor":12,"key":"Strawberry"},{"floor":26,"key":"MawBank"}],"event_choices":[{"damage_healed":0,"gold_gain":150,"player_choice":"AGREE","damage_taken":0,"max_hp_gain":0,"max_hp_loss":0,"event_name":"Liars Game","floor":2,"gold_loss":0,"cards_obtained":["Doubt"]},{"damage_healed":0,"gold_gain":0,"player_choice":"Box","damage_taken":0,"relics_obtained":["Mango"],"max_hp_gain":0,"max_hp_loss":0,"event_name":"Big Fish","floor":3,"gold_loss":0,"cards_obtained":["Regret"]},{"damage_healed":7,"gold_gain":0,"player_choice":"Full Heal","damage_taken":0,"max_hp_gain":0,"max_hp_loss":0,"event_name":"Wheel of Change","floor":4,"gold_loss":0},{"damage_healed":0,"gold_gain":0,"player_choice":"Fought Mushrooms","damage_taken":0,"max_hp_gain":0,"max_hp_loss":0,"event_name":"Mushrooms","floor":8,"gold_loss":0},{"damage_healed":0,"gold_gain":0,"player_choice":"Obtained Relic","damage_taken":0,"relics_obtained":["Vajra"],"max_hp_gain":0,"max_hp_loss":0,"event_name":"Addict","floor":19,"gold_loss":85},{"damage_healed":0,"gold_gain":0,"player_choice":"Forge","damage_taken":0,"max_hp_gain":0,"max_hp_loss":0,"event_name":"Accursed Blacksmith","floor":20,"gold_loss":0,"cards_upgraded":["Fission"]},{"damage_healed":0,"gold_gain":0,"cards_transformed":["Strike_B","Strike_B"],"player_choice":"Became Test Subject","damage_taken":0,"max_hp_gain":0,"max_hp_loss":0,"event_name":"Drug Dealer","floor":31,"gold_loss":0,"cards_obtained":["Cold Snap","Fusion"]},{"damage_healed":0,"gold_gain":0,"player_choice":"Ignored","damage_taken":0,"max_hp_gain":0,"max_hp_loss":0,"event_name":"Mysterious Sphere","floor":36,"gold_loss":0}],"is_beta":false,"boss_relics":[{"not_picked":["Ectoplasm","Snecko Eye"],"picked":"Fusion Hammer"},{"not_picked":["Black Star","Lizard Tail"],"picked":"Cursed Key"}],"items_purged_floors":[5,11,39],"is_endless":false,"potions_floor_spawned":[6,10,14,16,18,25,29,38],"killed_by":"Giant Head","ascension_level":19}