{"gold_per_floor":[113,126,56,56,6,41,41,71,71,103,120,120,136,136,136,261,261,285,152,172,188,201,234,234,275,301,301,301,315,315,315,315,438,438,453,469,182,201,127,127,127,147,147,166,191,191,0,23,23,23],"floor_reached":51,"playtime":11225,"items_purged":["Strike_R","Strike_R"],"score":1076,"play_id":"ecb6c03f-a60f-4d80-8fa4-5f3ddd90b384","local_time":"20190827210927","is_ascension_mode":true,"campfire_choices":[{"floor":7,"key":"REST"},{"data":"Bash","floor":12,"key":"SMITH"},{"data":"Demon Form","floor":15,"key":"SMITH"},{"data":"Dark Embrace","floor":24,"key":"SMITH"},{"floor":28,"key":"REST"},{"floor":32,"key":"REST"},{"data":"Corruption","floor":40,"key":"SMITH"},{"data":"Feel No Pain","floor":49,"key":"SMITH"}],"neow_cost":"NONE","seed_source_timestamp":176642824823100,"circlet_count":0,"master_deck":["AscendersBane","Strike_R","Defend_R","Defend_R","Defend_R","Defend_R","Bash+1","Shockwave","Combust","Metallicize","Demon Form+1","Battle Trance","Twin Strike","Dark Embrace+1","Corruption+1","Shrug It Off","Ghostly Armor","Shrug It Off","Impervious","Warcry+1","Flame Barrier","Feel No Pain+1","Warcry+1","Purity"],"relics":["Burning Blood","Singing Bowl","Smiling Mask","Red Skull","Meat on the Bone","Potion Belt","Golden Idol","Mark of Pain","StoneCalendar","Vajra","Nloth\u0027s Gift","MutagenicStrength","Nilry\u0027s Codex","Coffee Dripper","Membership Card","Blood Vial","Pantograph","Red Mask"],"potions_floor_usage":[8,10,23,25,25,25,25,25,33,33,38,45],"damage_taken":[{"damage":19,"enemies":"Jaw Worm","floor":1,"turns":7},{"damage":2,"enemies":"2 Louse","floor":2,"turns":3},{"damage":56,"enemies":"Lagavulin","floor":6,"turns":12},{"damage":31,"enemies":"Gremlin Nob","floor":8,"turns":5},{"damage":3,"enemies":"Lagavulin","floor":10,"turns":5},{"damage":5,"enemies":"Small Slimes","floor":11,"turns":4},{"damage":7,"enemies":"Exordium Wildlife","floor":13,"turns":5},{"damage":33,"enemies":"The Guardian","floor":16,"turns":10},{"damage":3,"enemies":"3 Byrds","floor":18,"turns":7},{"damage":18,"enemies":"Shell Parasite","floor":20,"turns":4},{"damage":21,"enemies":"Shelled Parasite and Fungi","floor":21,"turns":5},{"damage":34,"enemies":"3 Cultists","floor":22,"turns":6},{"damage":22,"enemies":"Book of Stabbing","floor":23,"turns":6},{"damage":28,"enemies":"Slavers","floor":25,"turns":5},{"damage":14,"enemies":"Snake Plant","floor":29,"turns":5},{"damage":54,"enemies":"Champ","floor":33,"turns":10},{"damage":0,"enemies":"Orb Walker","floor":35,"turns":5},{"damage":19,"enemies":"3 Darklings","floor":36,"turns":7},{"damage":60,"enemies":"4 Shapes","floor":38,"turns":5},{"damage":7,"enemies":"Sphere and 2 Shapes","floor":42,"turns":8},{"damage":25,"enemies":"Transient","floor":44,"turns":5},{"damage":23,"enemies":"Jaw Worm Horde","floor":45,"turns":5},{"damage":0,"enemies":"Writhing Mass","floor":48,"turns":6},{"damage":55,"enemies":"Time Eater","floor":50,"turns":7}],"seed_played":"5393604160019256033","potions_obtained":[{"floor":6,"key":"EntropicBrew"},{"floor":16,"key":"Block Potion"},{"floor":20,"key":"FearPotion"},{"floor":21,"key":"EntropicBrew"},{"floor":22,"key":"SteroidPotion"},{"floor":29,"key":"Swift Potion"},{"floor":35,"key":"Regen Potion"},{"floor":42,"key":"BloodPotion"},{"floor":45,"key":"Fruit Juice"}],"is_trial":false,"path_per_floor":["M","M","$","?","?","E","R","E","T","E","M","R","M","?","R","B",null,"M","$","M","M","M","E","R","E","T","?","R","M","?","?","R","B",null,"M","M","$","M","$","R","?","M","T","M","M","?","?","M","R","B",null],"character_chosen":"IRONCLAD","items_purchased":["Metallicize","Corruption","Shrug It Off","Membership Card","Flame Barrier","Blood Vial"],"campfire_rested":3,"item_purchase_floors":[3,19,19,37,37,39],"current_hp_per_floor":[67,71,71,68,68,20,47,22,22,37,52,52,63,63,63,48,76,81,81,71,58,42,38,38,30,30,30,57,63,63,47,75,39,81,89,76,76,43,43,43,43,58,58,55,57,57,57,67,67,57],"gold":23,"neow_bonus":"TEN_PERCENT_HP_BONUS","is_prod":false,"is_daily":false,"chose_seed":false,"campfire_upgraded":5,"win_rate":0,"timestamp":1566954567,"path_taken":["M","M","$","?","?","E","R","E","T","E","M","R","M","?","R","BOSS","M","$","M","M","M","E","R","E","T","?","R","?","?","?","R","BOSS","M","M","$","M","$","R","?","M","T","?","M","?","?","M","R","BOSS"],"build_version":"2019-07-17","purchased_purges":2,"victory":true,"max_hp_per_floor":[88,88,88,88,88,90,90,90,90,90,92,92,92,85,85,85,85,87,87,89,91,91,91,91,93,93,93,93,95,95,95,95,95,95,97,97,97,97,97,97,97,99,99,101,106,106,106,108,108,108],"card_choices":[{"not_picked":["Headbutt","Wild Strike"],"picked":"Shockwave","floor":1},{"not_picked":["Second Wind","Clash"],"picked":"Combust","floor":2},{"not_picked":["Carnage","Second Wind","Rupture"],"picked":"Singing Bowl","floor":6},{"not_picked":["Reckless Charge","Dropkick"],"picked":"Demon Form","floor":8},{"not_picked":["Heavy Blade","Clothesline"],"picked":"Battle Trance","floor":10},{"not_picked":["Combust","Perfected Strike","Infernal Blade"],"picked":"Singing Bowl","floor":11},{"not_picked":["Armaments","Perfected Strike"],"picked":"Twin Strike","floor":13},{"not_picked":["Immolate","Demon Form"],"picked":"Dark Embrace","floor":16},{"not_picked":["Shockwave","Headbutt","Thunderclap"],"picked":"Singing Bowl","floor":18},{"not_picked":["Perfected Strike","Fire Breathing","Shockwave"],"picked":"Singing Bowl","floor":20},{"not_picked":["True Grit","Cleave","Flex"],"picked":"Singing Bowl","floor":21},{"not_picked":["Warcry","Anger"],"picked":"Ghostly Armor","floor":22},{"not_picked":["Heavy Blade","True Grit"],"picked":"Shrug It Off","floor":23},{"not_picked":["Clothesline","Havoc","Immolate"],"picked":"Singing Bowl","floor":25},{"not_picked":["Power Through","Pommel Strike","Anger"],"picked":"Singing Bowl","floor":29},{"not_picked":["Demon Form","Double Tap"],"picked":"Impervious","floor":33},{"not_picked":["Body Slam","Carnage+1","Infernal Blade"],"picked":"Singing Bowl","floor":35},{"not_picked":["Rupture","Headbutt"],"picked":"Warcry+1","floor":36},{"not_picked":["Sever Soul","Evolve"],"picked":"Feel No Pain","floor":38},{"not_picked":["True Grit","Burning Pact","Pommel Strike"],"picked":"Singing Bowl","floor":42},{"not_picked":["Clothesline","Warcry","Cleave+1"],"picked":"Singing Bowl","floor":44},{"not_picked":["Demon Form","Cleave+1"],"picked":"Warcry+1","floor":45},{"not_picked":["Swift Strike","Mind Blast"],"picked":"Purity","floor":46},{"not_picked":["Blood for Blood+1","Evolve","Wild Strike"],"picked":"Singing Bowl","floor":48}],"player_experience":4125592,"relics_obtained":[{"floor":6,"key":"Smiling Mask"},{"floor":8,"key":"Red Skull"},{"floor":9,"key":"Meat on the Bone"},{"floor":10,"key":"Potion Belt"},{"floor":23,"key":"Omamori"},{"floor":25,"key":"StoneCalendar"},{"floor":26,"key":"Vajra"},{"floor":31,"key":"Nilry\u0027s Codex"},{"floor":43,"key":"Pantograph"}],"event_choices":[{"damage_healed":0,"gold_gain":0,"player_choice":"Success","damage_taken":3,"relics_obtained":["Singing Bowl"],"max_hp_gain":0,"max_hp_loss":0,"event_name":"Scrap Ooze","floor":4,"gold_loss":0},{"cards_removed":["Strike_R"],"damage_healed":0,"gold_gain":0,"player_choice":"Card Removal","damage_taken":0,"max_hp_gain":0,"max_hp_loss":0,"event_name":"The Cleric","floor":5,"gold_loss":50},{"damage_healed":0,"gold_gain":0,"player_choice":"Lose Max HP","damage_taken":0,"relics_obtained":["Golden Idol"],"max_hp_gain":0,"max_hp_loss":7,"event_name":"Golden Idol","floor":14,"gold_loss":0},{"damage_healed":0,"gold_gain":0,"player_choice":"Traded Relic","damage_taken":0,"relics_obtained":["Nloth\u0027s Gift"],"max_hp_gain":0,"max_hp_loss":0,"event_name":"N\u0027loth","floor":27,"relics_lost":["Omamori"],"gold_loss":0},{"damage_healed":0,"gold_gain":0,"player_choice":"Inject Mutagens","damage_taken":0,"relics_obtained":["MutagenicStrength"],"max_hp_gain":0,"max_hp_loss":0,"event_name":"Drug Dealer","floor":30,"gold_loss":0},{"damage_healed":0,"gold_gain":0,"player_choice":"Obtained Book","damage_taken":16,"max_hp_gain":0,"max_hp_loss":0,"event_name":"Cursed Tome","floor":31,"gold_loss":0},{"cards_removed":["Strike_R"],"damage_healed":0,"gold_gain":0,"player_choice":"Card Removal","damage_taken":0,"max_hp_gain":0,"max_hp_loss":0,"event_name":"Wheel of Change","floor":41,"gold_loss":0},{"damage_healed":0,"gold_gain":0,"player_choice":"Memory 1","damage_taken":0,"max_hp_gain":0,"max_hp_loss":0,"event_name":"SensoryStone","floor":46,"gold_loss":0},{"damage_healed":0,"gold_gain":0,"player_choice":"Paid","damage_taken":0,"relics_obtained":["Red Mask"],"max_hp_gain":0,"max_hp_loss":0,"event_name":"Tomb of Lord Red Mask","floor":47,"gold_loss":191}],"is_beta":false,"boss_relics":[{"not_picked":["Fusion Hammer","Black Star"],"picked":"Mark of Pain"},{"not_picked":["Lizard Tail","Empty Cage"],"picked":"Coffee Dripper"}],"items_purged_floors":[19,37],"is_endless":false,"potions_floor_spawned":[6,8,16,20,21,22,29,35,42,45],"ascension_level":12}