{"path_per_floor":["M","M","?","M","?","R","M","?","T","R","M","E","M","M","R","B",null,"M","?","M","M","M","R","$","M","T","R","?","M","R","M","R","B",null,"M","M","M","?","M"],"character_chosen":"DEFECT","items_purchased":["Scrape","Bottled Lightning"],"gold_per_floor":[118,138,138,153,153,153,166,195,195,195,214,241,256,274,274,371,371,386,386,405,422,439,439,143,153,153,153,123,138,138,150,150,246,246,266,279,298,298,309,309],"floor_reached":40,"campfire_rested":5,"playtime":2185,"item_purchase_floors":[24,24],"current_hp_per_floor":[75,74,58,55,48,48,46,40,40,64,64,59,54,54,82,82,96,81,81,81,40,18,46,46,44,44,72,72,68,68,39,67,16,96,42,33,30,54,27,0],"items_purged":[],"gold":309,"score":471,"play_id":"d0b2ae59-aca5-4ccb-abd4-838c21f5ec16","local_time":"20180606082430","is_prod":false,"is_daily":false,"chose_seed":false,"is_ascension_mode":false,"campfire_upgraded":2,"win_rate":0.0,"timestamp":1528241070,"campfire_choices":[{"data":"Chaos","floor":6,"key":"SMITH"},{"floor":10,"key":"REST"},{"floor":15,"key":"REST"},{"floor":23,"key":"REST"},{"floor":27,"key":"REST"},{"data":"Redo","floor":30,"key":"SMITH"},{"floor":32,"key":"REST"}],"path_taken":["M","M","?","M","?","R","?","?","T","R","?","E","M","M","R","BOSS","M","?","M","M","M","R","$","M","T","R","?","M","R","M","R","BOSS","M","M","M","?","M","E"],"build_version":"2018-05-31","seed_source_timestamp":758238957144238,"purchased_purges":0,"victory":false,"master_deck":["Defend_B","Defend_B","Defend_B","Defend_B+1","Zap","Dualcast","Tempest+1","Chaos+1","Go for the Eyes","Rebound","Reprogram","Compile Driver","Echo Form","BootSequence","Redo","Buffer","Beam Cell+1","Loop+1","Rebound+1","Barrage","Sweeping Beam","Redo+1","Scrape","Scrape","Beam Cell","Defragment","Beam Cell","Buffer","Reinforced Body+1","Stack","Go for the Eyes+1","Writhe","Fusion+1"],"max_hp_per_floor":[82,82,82,82,82,82,82,82,82,82,82,96,96,96,96,96,96,96,96,96,96,96,96,96,96,96,96,96,96,96,96,96,96,96,96,96,96,96,96,96],"relics":["Cracked Core","Odd Mushroom","Ice Cream","Mango","Astrolabe","Bottled Lightning","Bottled Flame","Eternal Feather"],"card_choices":[{"not_picked":["Steam","Beam Cell"],"picked":"Tempest","floor":1},{"not_picked":["Leap","Aggregate"],"picked":"Chaos","floor":2},{"not_picked":["Glacier","Cold Snap"],"picked":"Go for the Eyes","floor":4},{"not_picked":["Compile Driver","Streamline"],"picked":"Rebound","floor":7},{"not_picked":["Gash","Hologram"],"picked":"Reprogram","floor":8},{"not_picked":["Barrage","Hello World"],"picked":"Compile Driver","floor":11},{"not_picked":["Hologram","Barrage"],"picked":"Echo Form","floor":12},{"not_picked":["Gash","Cold Snap"],"picked":"BootSequence","floor":13},{"not_picked":["Genetic Algorithm","Streamline"],"picked":"Redo","floor":14},{"not_picked":["Creative AI","Thunder Strike"],"picked":"Buffer","floor":16},{"not_picked":["Go for the Eyes","Gash"],"picked":"Barrage","floor":18},{"not_picked":["Coolheaded+1","Consume+1"],"picked":"Sweeping Beam","floor":20},{"not_picked":["Gash","Sweeping Beam"],"picked":"Redo","floor":21},{"not_picked":["BootSequence","Ball Lightning"],"picked":"Scrape","floor":22},{"not_picked":["Doom and Gloom","Self Repair"],"picked":"Beam Cell","floor":25},{"not_picked":["Hologram","Auto Shields"],"picked":"Defragment","floor":29},{"not_picked":["Gash","White Noise"],"picked":"Beam Cell","floor":31},{"not_picked":["Machine Learning","Reboot"],"picked":"Buffer","floor":33},{"not_picked":["Barrage+1","Conserve Battery"],"picked":"Reinforced Body+1","floor":35},{"not_picked":["Compile Driver","Steam+1"],"picked":"Stack","floor":36},{"not_picked":["Loop+1","Melter"],"picked":"Go for the Eyes+1","floor":37},{"not_picked":["Beam Cell+1","Hologram+1"],"picked":"Fusion+1","floor":39}],"player_experience":330134,"potions_floor_usage":[8,16,16,21,29,33,33,40],"damage_taken":[{"damage":7,"enemies":"2 Louse","floor":1,"turns":3},{"damage":1,"enemies":"Jaw Worm","floor":2,"turns":3},{"damage":3,"enemies":"Small Slimes","floor":4,"turns":2},{"damage":2,"enemies":"Looter","floor":7,"turns":2},{"damage":6,"enemies":"The Mushroom Lair","floor":8,"turns":3},{"damage":0,"enemies":"Exordium Wildlife","floor":11,"turns":2},{"damage":19,"enemies":"Gremlin Nob","floor":12,"turns":4},{"damage":5,"enemies":"2 Fungi Beasts","floor":13,"turns":3},{"damage":0,"enemies":"Red Slaver","floor":14,"turns":2},{"damage":0,"enemies":"Slime Boss","floor":16,"turns":6},{"damage":15,"enemies":"Shell Parasite","floor":18,"turns":5},{"damage":0,"enemies":"Chosen","floor":20,"turns":4},{"damage":41,"enemies":"3 Cultists","floor":21,"turns":5},{"damage":22,"enemies":"Chosen and Byrds","floor":22,"turns":5},{"damage":2,"enemies":"Centurion and Healer","floor":25,"turns":7},{"damage":4,"enemies":"Sentry and Sphere","floor":29,"turns":5},{"damage":29,"enemies":"Cultist and Chosen","floor":31,"turns":4},{"damage":51,"enemies":"Automaton","floor":33,"turns":8},{"damage":54,"enemies":"3 Shapes","floor":35,"turns":4},{"damage":9,"enemies":"Orb Walker","floor":36,"turns":3},{"damage":3,"enemies":"4 Shapes","floor":37,"turns":6},{"damage":27,"enemies":"Maw","floor":39,"turns":7},{"damage":28,"enemies":"2 Orb Walkers","floor":40,"turns":2}],"relics_obtained":[{"floor":8,"key":"Odd Mushroom"},{"floor":9,"key":"Ice Cream"},{"floor":12,"key":"Mango"},{"floor":26,"key":"Bottled Flame"}],"event_choices":[{"event_name":"Shining Light","player_choice":"Entered Light","floor":3,"damage_taken":0},{"event_name":"Golden Wing","player_choice":"Card Removal","floor":5,"damage_taken":0},{"event_name":"Mushrooms","player_choice":"Fought Mushrooms","floor":8,"damage_taken":0},{"event_name":"Vampires","player_choice":"Ignored","floor":19,"damage_taken":0},{"event_name":"The Woman in Blue","player_choice":"Bought 2 Potions","floor":28,"damage_taken":0},{"event_name":"Winding Halls","player_choice":"Writhe","floor":38,"damage_taken":0}],"boss_relics":[{"not_picked":["Ectoplasm","Black Star"],"picked":"Astrolabe"},{"not_picked":["Snecko Eye","Orrery"],"picked":"Eternal Feather"}],"items_purged_floors":[],"potions_floor_spawned":[4,8,13,14,20,21,22,31,37],"seed_played":"-3765429637554275695","killed_by":"2 Orb Walkers","ascension_level":0,"potions_obtained":[{"floor":4,"key":"Explosive Potion"},{"floor":8,"key":"Swift Potion"},{"floor":13,"key":"Weak Potion"},{"floor":14,"key":"Strength Potion"},{"floor":20,"key":"Fire Potion"},{"floor":21,"key":"Block Potion"},{"floor":22,"key":"EssenceOfSteel"},{"floor":31,"key":"Fire Potion"},{"floor":37,"key":"SteroidPotion"}],"is_trial":false}