{"gold_per_floor":[118,137,154,38,213,239,239,16,16,16,96,114,114,114,114,242,305,305,245,194,0,0],"floor_reached":22,"playtime":935,"items_purged":[],"score":198,"play_id":"9b0cd32c-d53c-49b6-8c0b-74372943d5da","local_time":"20181112215430","is_ascension_mode":true,"campfire_choices":[{"floor":7,"key":"REST"},{"data":"Zap","floor":10,"key":"SMITH"},{"floor":13,"key":"REST"},{"floor":15,"key":"REST"}],"neow_cost":"NONE","seed_source_timestamp":190676047947100,"circlet_count":0,"master_deck":["Strike_B","Strike_B","Strike_B","Strike_B","Defend_B+1","Defend_B","Defend_B","Defend_B","Zap+1","Dualcast","Heatsinks","Aggregate","Tempest","Defragment","Doubt","Hello World","Go for the Eyes","Beam Cell","Buffer","Steam Power","Redo+1"],"relics":["Snecko Eye","Ginger","Toy Ornithopter","StoneCalendar","Bottled Flame","Golden Idol","Tiny House","Turnip","Sling"],"potions_floor_usage":[6,12,16,18],"damage_taken":[{"damage":8,"enemies":"Jaw Worm","floor":1,"turns":4},{"damage":4,"enemies":"Small Slimes","floor":2,"turns":4},{"damage":9,"enemies":"2 Louse","floor":3,"turns":4},{"damage":32,"enemies":"Gremlin Nob","floor":6,"turns":4},{"damage":17,"enemies":"Gremlin Gang","floor":12,"turns":3},{"damage":48,"enemies":"The Guardian","floor":16,"turns":10},{"damage":32,"enemies":"Spheric Guardian","floor":18,"turns":5},{"damage":22,"enemies":"2 Thieves","floor":19,"turns":4},{"damage":37,"enemies":"Snake Plant","floor":22,"turns":4}],"seed_played":"7462756752992548730","potions_obtained":[{"floor":2,"key":"PowerPotion"},{"floor":6,"key":"LiquidBronze"},{"floor":17,"key":"SmokeBomb"}],"is_trial":false,"path_per_floor":["M","M","M","$","?","E","R","$","T","R","T","M","R","?","R","B",null,"M","M","?","$","M"],"character_chosen":"DEFECT","items_purchased":["Defragment","Poison Potion","Toy Ornithopter","Go for the Eyes","Sling"],"campfire_rested":3,"item_purchase_floors":[4,4,8,8,21],"current_hp_per_floor":[67,63,54,54,54,22,44,44,44,44,44,32,54,36,58,15,80,53,31,31,31,0],"gold":0,"neow_bonus":"BOSS_RELIC","is_prod":false,"is_daily":false,"chose_seed":false,"campfire_upgraded":1,"win_rate":0,"timestamp":1542027270,"path_taken":["M","M","M","$","?","E","R","$","T","R","?","M","R","?","R","BOSS","M","M","?","$","?"],"build_version":"2018-11-08","purchased_purges":0,"victory":false,"max_hp_per_floor":[75,75,75,75,75,75,75,75,75,75,75,75,75,75,75,75,80,80,80,80,80,80],"card_choices":[{"not_picked":["Hologram","Leap"],"picked":"Heatsinks","floor":1},{"not_picked":["Beam Cell","Compile Driver"],"picked":"Aggregate","floor":2},{"not_picked":["Force Field","Ball Lightning"],"picked":"Tempest","floor":3},{"not_picked":["Steam","Gash"],"picked":"Hello World","floor":6},{"not_picked":["Go for the Eyes","Genetic Algorithm"],"picked":"Beam Cell","floor":12},{"not_picked":["Seek","Meteor Strike"],"picked":"Buffer","floor":16},{"not_picked":["Glacier","Blizzard"],"picked":"Steam Power","floor":17},{"not_picked":["Barrage+1","Beam Cell"],"picked":"Redo+1","floor":19}],"player_experience":422443,"relics_obtained":[{"floor":6,"key":"Ginger"},{"floor":9,"key":"StoneCalendar"},{"floor":11,"key":"Bottled Flame"}],"event_choices":[{"damage_healed":0,"gold_gain":175,"player_choice":"AGREE","damage_taken":0,"max_hp_gain":0,"max_hp_loss":0,"event_name":"Liars Game","floor":5,"gold_loss":0,"cards_obtained":["Doubt"]},{"damage_healed":0,"gold_gain":0,"player_choice":"Take Damage","damage_taken":18,"relics_obtained":["Golden Idol"],"max_hp_gain":0,"max_hp_loss":0,"event_name":"Golden Idol","floor":14,"gold_loss":0},{"damage_healed":0,"gold_gain":0,"player_choice":"Paid Gold","damage_taken":0,"relics_obtained":["Turnip"],"max_hp_gain":0,"max_hp_loss":0,"event_name":"WeMeetAgain","floor":20,"gold_loss":51}],"is_beta":false,"boss_relics":[{"not_picked":["Ectoplasm","Runic Dome"],"picked":"Tiny House"}],"items_purged_floors":[],"is_endless":false,"potions_floor_spawned":[2,6,18],"killed_by":"Snake Plant","ascension_level":2}