{"gold_per_floor":[110,110,60,60,60,60,90,110,110,155,167,180,195,195,195,293,293,263,278,288,288],"floor_reached":21,"playtime":863,"items_purged":[],"score":313,"play_id":"424b8bf8-6182-4e6e-af55-8b6fea75bd43","local_time":"20190810140842","is_ascension_mode":true,"campfire_choices":[{"data":"Dualcast","floor":6,"key":"SMITH"},{"data":"Zap","floor":15,"key":"SMITH"}],"neow_cost":"NONE","seed_source_timestamp":650654144356300,"circlet_count":0,"master_deck":["Strike_B","Strike_B","Strike_B","Defend_B","Defend_B","Defend_B","Defend_B","Zap+1","Dualcast+1","Cold Snap","Genetic Algorithm","Core Surge","Genetic Algorithm","Chill","Rip and Tear","Zap","Writhe","Writhe","Clumsy","Redo+1","Leap+1","Defragment+1"],"relics":["Cracked Core","NeowsBlessing","The Courier","Dream Catcher","Darkstone Periapt","Smiling Mask","Calling Bell","PreservedInsect","Dodecahedron","Torii"],"potions_floor_usage":[16,18,18,18,19],"damage_taken":[{"damage":0,"enemies":"Cultist","floor":1,"turns":1},{"damage":0,"enemies":"Lagavulin","floor":7,"turns":1},{"damage":0,"enemies":"2 Louse","floor":8,"turns":1},{"damage":1,"enemies":"Jaw Worm","floor":11,"turns":3},{"damage":6,"enemies":"Looter","floor":12,"turns":3},{"damage":0,"enemies":"Large Slime","floor":13,"turns":6},{"damage":36,"enemies":"Hexaghost","floor":16,"turns":9},{"damage":21,"enemies":"2 Thieves","floor":18,"turns":5},{"damage":6,"enemies":"Spheric Guardian","floor":19,"turns":5},{"damage":55,"enemies":"Centurion and Healer","floor":20,"turns":19},{"damage":0,"enemies":"Chosen and Byrds","floor":21,"turns":1}],"seed_played":"3608592678077495815","potions_obtained":[{"floor":8,"key":"PowerPotion"},{"floor":12,"key":"Explosive Potion"},{"floor":13,"key":"SneckoOil"},{"floor":16,"key":"Explosive Potion"},{"floor":18,"key":"EssenceOfSteel"},{"floor":20,"key":"SpeedPotion"}],"is_trial":false,"path_per_floor":["M","?","?","?","?","R","E","M","T","T","M","M","M","?","R","B",null,"M","M","M","M"],"character_chosen":"DEFECT","items_purchased":[],"campfire_rested":0,"item_purchase_floors":[],"current_hp_per_floor":[68,68,68,73,70,70,70,70,70,70,69,63,63,63,63,27,85,64,58,3,3],"gold":288,"neow_bonus":"THREE_ENEMY_KILL","is_prod":false,"is_daily":false,"chose_seed":false,"campfire_upgraded":2,"win_rate":0,"timestamp":1565413722,"path_taken":["M","?","?","?","?","R","E","M","T","?","M","?","M","?","R","BOSS","M","?","M","M"],"build_version":"2019-07-17","purchased_purges":0,"victory":false,"max_hp_per_floor":[75,75,75,80,80,80,80,80,80,80,80,80,80,80,80,80,98,98,98,98,98],"card_choices":[{"not_picked":["Rebound","Leap"],"picked":"Cold Snap","floor":1},{"not_picked":["Melter","Turbo"],"picked":"Genetic Algorithm","floor":7},{"not_picked":["Rebound","Conserve Battery"],"picked":"Core Surge","floor":8},{"not_picked":["Force Field","Consume"],"picked":"Genetic Algorithm","floor":11},{"not_picked":["Barrage","Beam Cell"],"picked":"Chill","floor":12},{"not_picked":["Loop","Sweeping Beam"],"picked":"Rip and Tear","floor":13},{"not_picked":["Capacitor","Beam Cell+1"],"picked":"Redo+1","floor":18},{"not_picked":["Hello World","Coolheaded"],"picked":"Leap+1","floor":19},{"not_picked":["Force Field","Gash"],"picked":"Defragment+1","floor":20}],"player_experience":669669,"relics_obtained":[{"floor":7,"key":"Dream Catcher"},{"floor":9,"key":"Darkstone Periapt"},{"floor":10,"key":"Smiling Mask"},{"floor":17,"key":"PreservedInsect"},{"floor":17,"key":"Dodecahedron"},{"floor":17,"key":"Torii"}],"event_choices":[{"damage_healed":0,"gold_gain":0,"player_choice":"Ignored","damage_taken":0,"max_hp_gain":0,"max_hp_loss":0,"event_name":"Liars Game","floor":2,"gold_loss":0},{"cards_removed":["Strike_B"],"damage_healed":0,"gold_gain":0,"player_choice":"Card Removal","damage_taken":0,"max_hp_gain":0,"max_hp_loss":0,"event_name":"The Cleric","floor":3,"gold_loss":50},{"damage_healed":0,"gold_gain":0,"player_choice":"Donut","damage_taken":0,"max_hp_gain":5,"max_hp_loss":0,"event_name":"Big Fish","floor":4,"gold_loss":0},{"damage_healed":0,"gold_gain":0,"player_choice":"Success","damage_taken":3,"relics_obtained":["The Courier"],"max_hp_gain":0,"max_hp_loss":0,"event_name":"Scrap Ooze","floor":5,"gold_loss":0},{"damage_healed":0,"gold_gain":0,"player_choice":"1 cards matched","damage_taken":0,"max_hp_gain":0,"max_hp_loss":0,"event_name":"Match and Keep!","floor":14,"gold_loss":0,"cards_obtained":["Zap"]}],"is_beta":false,"boss_relics":[{"not_picked":["Fusion Hammer","White Beast Statue"],"picked":"Calling Bell"}],"items_purged_floors":[],"is_endless":false,"potions_floor_spawned":[8,12,13,16,18,20],"killed_by":"Chosen and Byrds","ascension_level":8}