{"gold_per_floor":[110,385,397,410,125,158,170,194,233,245,271,283,28,28,28,105,105,120,120,120,137,87,87,102,102,102,102,122,137,137,149,149,221,221,234,246,246,260,260,260,278,278,301,301,301,312,328,32,32,32],"floor_reached":51,"playtime":4209,"items_purged":["Regret","Strike_B","Defend_B","Strike_B"],"score":1048,"play_id":"6ddf4236-6286-4bec-95b7-9026d3bb5efd","local_time":"20190820121624","is_ascension_mode":true,"campfire_choices":[{"data":"Zap","floor":7,"key":"SMITH"},{"floor":12,"key":"REST"},{"floor":15,"key":"REST"},{"floor":23,"key":"REST"},{"floor":25,"key":"REST"},{"floor":27,"key":"REST"},{"floor":32,"key":"REST"},{"data":"Defragment","floor":40,"key":"SMITH"},{"data":"Defragment","floor":42,"key":"SMITH"},{"data":"Heatsinks","floor":45,"key":"SMITH"},{"floor":49,"key":"REST"}],"neow_cost":"NONE","seed_source_timestamp":475947804776500,"circlet_count":0,"master_deck":["AscendersBane","Defend_B","Defend_B","Zap+1","Dualcast+1","Cold Snap","Double Energy","Defragment+1","Genetic Algorithm","Panacea+1","Scrape","Rip and Tear","Compile Driver","Streamline","Reboot","Electrodynamics","Melter","Undo","Defragment+1","Creative AI","Glacier","Heatsinks+1","Creative AI","Chill+1","Undo+1","Chrysalis"],"relics":["Cracked Core","NeowsBlessing","MawBank","Smiling Mask","Potion Belt","Dodecahedron","Snecko Eye","Cables","PreservedInsect","Philosopher\u0027s Stone","Orichalcum"],"potions_floor_usage":[6,11,16,33,33,46,47,50,50,50],"damage_taken":[{"damage":0,"enemies":"Small Slimes","floor":1,"turns":1},{"damage":0,"enemies":"Cultist","floor":3,"turns":1},{"damage":0,"enemies":"Jaw Worm","floor":4,"turns":1},{"damage":42,"enemies":"3 Sentries","floor":6,"turns":10},{"damage":16,"enemies":"Exordium Thugs","floor":8,"turns":5},{"damage":0,"enemies":"2 Fungi Beasts","floor":11,"turns":2},{"damage":36,"enemies":"Hexaghost","floor":16,"turns":8},{"damage":13,"enemies":"Spheric Guardian","floor":18,"turns":4},{"damage":18,"enemies":"3 Byrds","floor":21,"turns":9},{"damage":24,"enemies":"Snake Plant","floor":24,"turns":4},{"damage":10,"enemies":"Cultist and Chosen","floor":28,"turns":5},{"damage":0,"enemies":"Sentry and Sphere","floor":29,"turns":3},{"damage":1,"enemies":"Shelled Parasite and Fungi","floor":31,"turns":7},{"damage":10,"enemies":"Collector","floor":33,"turns":13},{"damage":0,"enemies":"3 Shapes","floor":35,"turns":7},{"damage":10,"enemies":"3 Darklings","floor":36,"turns":6},{"damage":16,"enemies":"Maw","floor":38,"turns":7},{"damage":0,"enemies":"Sphere and 2 Shapes","floor":41,"turns":6},{"damage":0,"enemies":"4 Shapes","floor":46,"turns":4},{"damage":14,"enemies":"Writhing Mass","floor":47,"turns":7},{"damage":1,"enemies":"Time Eater","floor":50,"turns":15}],"seed_played":"6062028515604015048","potions_obtained":[{"floor":3,"key":"Regen Potion"},{"floor":6,"key":"GamblersBrew"},{"floor":11,"key":"SteroidPotion"},{"floor":16,"key":"AttackPotion"},{"floor":28,"key":"SteroidPotion"},{"floor":29,"key":"Weak Potion"},{"floor":33,"key":"SteroidPotion"},{"floor":35,"key":"Strength Potion"},{"floor":46,"key":"Swift Potion"},{"floor":47,"key":"SkillPotion"}],"is_trial":false,"path_per_floor":["M","?","M","M","$","E","R","M","T","?","M","R","$","T","R","B",null,"M","?","?","M","$","R","M","R","T","R","M","M","?","M","R","B",null,"M","M","?","M","?","R","M","R","T","?","R","M","M","$","R","B",null],"character_chosen":"DEFECT","items_purchased":["Genetic Algorithm","Panacea","Scrape","Potion Belt","Reboot","Ancient Potion","Chrysalis"],"campfire_rested":7,"item_purchase_floors":[5,5,5,13,13,48,48],"current_hp_per_floor":[64,64,64,64,64,37,37,21,21,21,21,42,42,42,63,27,60,47,27,27,9,9,31,7,29,29,51,41,41,41,40,62,52,70,70,60,60,44,44,44,44,44,44,44,44,44,30,30,52,51],"gold":32,"neow_bonus":"THREE_ENEMY_KILL","is_prod":false,"is_daily":false,"chose_seed":false,"campfire_upgraded":4,"win_rate":0,"timestamp":1566270984,"path_taken":["M","?","?","?","$","E","R","M","T","?","M","R","$","?","R","BOSS","M","?","?","M","$","R","M","R","T","R","M","M","?","M","R","BOSS","M","M","?","M","?","R","M","R","T","?","R","M","M","$","R","BOSS"],"build_version":"2019-07-17","purchased_purges":4,"victory":true,"max_hp_per_floor":[71,71,71,71,71,71,71,71,71,71,71,71,71,71,71,71,71,71,76,76,76,76,76,76,76,76,76,76,76,76,76,76,76,76,76,76,76,76,76,76,76,76,76,76,76,76,76,76,76,76],"card_choices":[{"not_picked":["Coolheaded","Go for the Eyes"],"picked":"Cold Snap","floor":1},{"not_picked":["Heatsinks","Go for the Eyes"],"picked":"Double Energy","floor":3},{"not_picked":["Cold Snap","Ball Lightning"],"picked":"Defragment","floor":4},{"not_picked":["Sweeping Beam","Barrage"],"picked":"Rip and Tear","floor":6},{"not_picked":["Stack","Go for the Eyes"],"picked":"Compile Driver","floor":8},{"not_picked":["Steam Power","Lockon"],"picked":"Streamline","floor":11},{"not_picked":["Multi-Cast","Fission"],"picked":"Electrodynamics","floor":16},{"not_picked":["Rebound","Hello World"],"picked":"Melter","floor":18},{"not_picked":["Leap","Compile Driver","Auto Shields"],"picked":"SKIP","floor":21},{"not_picked":["Gash","Barrage","Beam Cell"],"picked":"SKIP","floor":24},{"not_picked":["Force Field","Streamline"],"picked":"Creative AI","floor":28},{"not_picked":["Beam Cell","Consume"],"picked":"Glacier","floor":29},{"not_picked":["Blizzard+1","Hologram"],"picked":"Heatsinks","floor":31},{"not_picked":["Amplify","Machine Learning"],"picked":"Creative AI","floor":33},{"not_picked":["Go for the Eyes","Loop","Gash"],"picked":"SKIP","floor":35},{"not_picked":["Recycle","Beam Cell"],"picked":"Chill+1","floor":36},{"not_picked":["Stack+1","Recycle","Heatsinks"],"picked":"SKIP","floor":38},{"not_picked":["Melter+1","Sweeping Beam"],"picked":"Undo+1","floor":41},{"not_picked":["Steam","Compile Driver","Storm"],"picked":"SKIP","floor":46},{"not_picked":["Rebound+1","Beam Cell+1","Sweeping Beam"],"picked":"SKIP","floor":47}],"player_experience":719482,"relics_obtained":[{"floor":6,"key":"MawBank"},{"floor":9,"key":"Smiling Mask"},{"floor":14,"key":"Dodecahedron"},{"floor":26,"key":"Cables"},{"floor":43,"key":"Orichalcum"}],"event_choices":[{"damage_healed":0,"gold_gain":275,"player_choice":"Desecrate","damage_taken":0,"max_hp_gain":0,"max_hp_loss":0,"event_name":"Golden Shrine","floor":2,"gold_loss":0,"cards_obtained":["Regret"]},{"damage_healed":0,"gold_gain":0,"player_choice":"Grow","damage_taken":0,"max_hp_gain":0,"max_hp_loss":0,"event_name":"Living Wall","floor":10,"gold_loss":0,"cards_upgraded":["Dualcast"]},{"damage_healed":0,"gold_gain":0,"player_choice":"Shed Blood","damage_taken":25,"max_hp_gain":5,"max_hp_loss":0,"event_name":"Forgotten Altar","floor":19,"gold_loss":0},{"damage_healed":0,"gold_gain":0,"cards_transformed":["Strike_B","Defend_B"],"player_choice":"Became Test Subject","damage_taken":0,"max_hp_gain":0,"max_hp_loss":0,"event_name":"Drug Dealer","floor":20,"gold_loss":0,"cards_obtained":["Undo","Defragment"]},{"damage_healed":0,"gold_gain":0,"player_choice":"Gave Potion","damage_taken":0,"relics_obtained":["PreservedInsect"],"max_hp_gain":0,"max_hp_loss":0,"event_name":"WeMeetAgain","floor":30,"gold_loss":0},{"cards_removed":["Strike_B"],"damage_healed":0,"gold_gain":0,"player_choice":"Removed Attack","damage_taken":0,"max_hp_gain":0,"max_hp_loss":0,"event_name":"Falling","floor":37,"gold_loss":0},{"damage_healed":0,"gold_gain":0,"player_choice":"Ignored","damage_taken":0,"max_hp_gain":0,"max_hp_loss":0,"event_name":"Tomb of Lord Red Mask","floor":39,"gold_loss":0},{"damage_healed":0,"gold_gain":0,"player_choice":"Upgraded","damage_taken":0,"max_hp_gain":0,"max_hp_loss":0,"event_name":"Upgrade Shrine","floor":44,"gold_loss":0,"cards_upgraded":["Panacea"]}],"is_beta":false,"boss_relics":[{"not_picked":["Pandora\u0027s Box","FrozenCore"],"picked":"Snecko Eye"},{"not_picked":["Fusion Hammer","Calling Bell"],"picked":"Philosopher\u0027s Stone"}],"items_purged_floors":[5,13,22,48],"is_endless":false,"potions_floor_spawned":[3,6,11,16,28,29,33,35,46,47],"ascension_level":15}