{"gold_per_floor":[114,133,86,186,199,230,230,244,244,244,259,259,290,303,303,406,406,406,367,367,367,314,314,314,314,314,314,314,314,314,314,314,314,314,314,202,202,202,202,202,202,202,202,127,127,127,127,127,127,127],"floor_reached":51,"playtime":3095,"items_purged":["Writhe"],"score":775,"play_id":"041921b1-aac9-4cb0-a083-ed4f8bf8f77f","local_time":"20181228165442","is_ascension_mode":true,"campfire_choices":[{"floor":7,"key":"REST"},{"floor":15,"key":"REST"},{"data":"Pommel Strike","floor":23,"key":"SMITH"},{"data":"Perfected Strike","floor":25,"key":"SMITH"},{"floor":28,"key":"REST"},{"floor":32,"key":"REST"},{"floor":40,"key":"REST"},{"floor":45,"key":"REST"},{"floor":49,"key":"REST"}],"neow_cost":"NONE","seed_source_timestamp":24013652408037,"circlet_count":0,"master_deck":["Strike_R+1","Strike_R+1","Strike_R+1","Strike_R+1","Strike_R+1","Defend_R+1","Defend_R+1","Defend_R+1","Defend_R+1","Bash","Evolve","Spot Weakness","Perfected Strike+1","Pommel Strike+1","Feel No Pain","True Grit+1","Anger","Second Wind","Pommel Strike","Double Tap","Wild Strike","Battle Trance","Power Through","Pommel Strike","Perfected Strike","Wild Strike+1","Battle Trance","Pommel Strike+1","Sever Soul+1","Power Through+1","Juggernaut","Inflame"],"relics":["Burning Blood","Matryoshka","Pen Nib","Ornamental Fan","Juzu Bracelet","Ectoplasm","MutagenicStrength","Gremlin Horn","Mummified Hand","Enchiridion","Dodecahedron","Fusion Hammer","Thread and Needle","Letter Opener"],"potions_floor_usage":[16,33,33,50,50,50],"damage_taken":[{"damage":10,"enemies":"Cultist","floor":1,"turns":5},{"damage":7,"enemies":"2 Louse","floor":2,"turns":3},{"damage":9,"enemies":"Jaw Worm","floor":5,"turns":3},{"damage":29,"enemies":"3 Sentries","floor":6,"turns":7},{"damage":27,"enemies":"Exordium Wildlife","floor":8,"turns":6},{"damage":7,"enemies":"Looter","floor":11,"turns":2},{"damage":26,"enemies":"Lagavulin","floor":13,"turns":4},{"damage":11,"enemies":"2 Fungi Beasts","floor":14,"turns":4},{"damage":41,"enemies":"Hexaghost","floor":16,"turns":8},{"damage":17,"enemies":"3 Byrds","floor":18,"turns":6},{"damage":7,"enemies":"Spheric Guardian","floor":21,"turns":3},{"damage":16,"enemies":"Shelled Parasite and Fungi","floor":27,"turns":4},{"damage":22,"enemies":"Snake Plant","floor":29,"turns":4},{"damage":50,"enemies":"Champ","floor":33,"turns":10},{"damage":11,"enemies":"3 Shapes","floor":35,"turns":2},{"damage":0,"enemies":"Orb Walker","floor":37,"turns":3},{"damage":3,"enemies":"Mind Bloom Boss Battle","floor":38,"turns":4},{"damage":6,"enemies":"Spire Growth","floor":39,"turns":2},{"damage":4,"enemies":"Sphere and 2 Shapes","floor":41,"turns":3},{"damage":10,"enemies":"Writhing Mass","floor":46,"turns":3},{"damage":1,"enemies":"Jaw Worm Horde","floor":47,"turns":2},{"damage":15,"enemies":"4 Shapes","floor":48,"turns":3},{"damage":5,"enemies":"Donu and Deca","floor":50,"turns":6}],"seed_played":"3217203920311505693","potions_obtained":[{"floor":2,"key":"Poison Potion"},{"floor":5,"key":"Ancient Potion"},{"floor":6,"key":"Poison Potion"},{"floor":11,"key":"BloodPotion"},{"floor":18,"key":"Weak Potion"},{"floor":29,"key":"SkillPotion"},{"floor":35,"key":"EssenceOfSteel"},{"floor":39,"key":"EssenceOfSteel"},{"floor":46,"key":"Strength Potion"},{"floor":48,"key":"Weak Potion"}],"is_trial":false,"path_per_floor":["M","M","$","?","M","E","R","M","T","?","M","?","E","M","R","B",null,"M","$","?","M","$","R","?","R","T","M","R","M","?","?","R","B",null,"M","$","M","?","M","R","M","?","T","$","R","M","M","M","R","B",null],"character_chosen":"IRONCLAD","items_purchased":["Pommel Strike","Battle Trance","Pommel Strike","Battle Trance","Juggernaut"],"campfire_rested":7,"item_purchase_floors":[3,19,22,36,44],"current_hp_per_floor":[76,75,75,75,72,49,73,52,52,52,51,77,57,52,76,41,80,69,69,69,68,68,68,68,68,68,58,80,64,48,48,72,28,80,75,75,80,80,80,80,80,80,80,80,80,76,80,71,80,80],"gold":127,"neow_bonus":"THREE_CARDS","is_prod":false,"is_daily":false,"chose_seed":false,"campfire_upgraded":2,"win_rate":0,"timestamp":1545983682,"path_taken":["M","M","$","?","M","E","R","?","T","?","?","?","E","M","R","BOSS","M","$","?","M","$","R","?","R","T","M","R","M","?","?","R","BOSS","M","$","M","?","M","R","M","?","T","$","R","M","M","M","R","BOSS"],"build_version":"2018-12-20","purchased_purges":1,"victory":true,"max_hp_per_floor":[80,80,80,80,80,80,80,80,80,80,80,80,80,80,80,80,80,80,80,80,80,80,80,80,80,80,80,80,80,80,80,80,80,80,80,80,80,80,80,80,80,80,80,80,80,80,80,80,80,80],"card_choices":[{"not_picked":["Clothesline","Perfected Strike"],"picked":"Evolve","floor":0},{"not_picked":["Clothesline","Heavy Blade"],"picked":"Spot Weakness","floor":1},{"not_picked":["Uppercut","Twin Strike"],"picked":"Perfected Strike","floor":2},{"not_picked":["Burning Pact","Bludgeon"],"picked":"Feel No Pain","floor":5},{"not_picked":["Sword Boomerang","Havoc"],"picked":"True Grit","floor":6},{"not_picked":["Headbutt","Cleave"],"picked":"Anger","floor":8},{"not_picked":["Shrug It Off","Wild Strike"],"picked":"Second Wind","floor":11},{"not_picked":["Sword Boomerang","Clothesline"],"picked":"Pommel Strike","floor":13},{"not_picked":["Searing Blow","Shockwave","Infernal Blade"],"picked":"SKIP","floor":14},{"not_picked":["Immolate","Juggernaut"],"picked":"Double Tap","floor":16},{"not_picked":["Disarm","Heavy Blade+1"],"picked":"Wild Strike","floor":18},{"not_picked":["Warcry","Iron Wave"],"picked":"Power Through","floor":21},{"not_picked":["Warcry","Fire Breathing+1","Body Slam+1"],"picked":"SKIP","floor":27},{"not_picked":["Cleave+1","Body Slam"],"picked":"Perfected Strike","floor":29},{"not_picked":["Flex+1","Spot Weakness+1"],"picked":"Wild Strike+1","floor":35},{"not_picked":["Disarm","Sentinel"],"picked":"Pommel Strike+1","floor":37},{"not_picked":["Second Wind","Clothesline+1"],"picked":"Sever Soul+1","floor":39},{"not_picked":["Spot Weakness+1","Ghostly Armor"],"picked":"Power Through+1","floor":41},{"not_picked":["Clash+1","True Grit+1"],"picked":"Inflame","floor":46},{"not_picked":["Twin Strike","Warcry+1","Combust+1"],"picked":"SKIP","floor":47},{"not_picked":["Clash+1","Whirlwind+1","Warcry"],"picked":"SKIP","floor":48}],"player_experience":31844,"relics_obtained":[{"floor":6,"key":"Matryoshka"},{"floor":9,"key":"Pen Nib"},{"floor":9,"key":"Ornamental Fan"},{"floor":13,"key":"Juzu Bracelet"},{"floor":26,"key":"Gremlin Horn"},{"floor":26,"key":"Mummified Hand"},{"floor":30,"key":"Enchiridion"},{"floor":38,"key":"Thread and Needle"},{"floor":43,"key":"Letter Opener"}],"event_choices":[{"damage_healed":0,"gold_gain":100,"player_choice":"Gold","damage_taken":0,"max_hp_gain":0,"max_hp_loss":0,"event_name":"Wheel of Change","floor":4,"gold_loss":0},{"damage_healed":0,"gold_gain":0,"player_choice":"Upgraded","damage_taken":0,"max_hp_gain":0,"max_hp_loss":0,"event_name":"Upgrade Shrine","floor":10,"gold_loss":0,"cards_upgraded":["True Grit"]},{"damage_healed":26,"gold_gain":0,"player_choice":"Banana","damage_taken":0,"max_hp_gain":0,"max_hp_loss":0,"event_name":"Big Fish","floor":12,"gold_loss":0},{"damage_healed":0,"gold_gain":0,"player_choice":"Simplicity","damage_taken":0,"max_hp_gain":0,"max_hp_loss":0,"event_name":"Back to Basics","floor":20,"gold_loss":0,"cards_upgraded":["Strike_R","Strike_R","Strike_R","Strike_R","Strike_R","Defend_R","Defend_R","Defend_R","Defend_R"]},{"damage_healed":0,"gold_gain":0,"player_choice":"Inject Mutagens","damage_taken":0,"relics_obtained":["MutagenicStrength"],"max_hp_gain":0,"max_hp_loss":0,"event_name":"Drug Dealer","floor":24,"gold_loss":0},{"damage_healed":0,"gold_gain":0,"player_choice":"Obtained Book","damage_taken":16,"max_hp_gain":0,"max_hp_loss":0,"event_name":"Cursed Tome","floor":30,"gold_loss":0},{"damage_healed":0,"gold_gain":0,"player_choice":"Opened","damage_taken":0,"relics_obtained":["Dodecahedron"],"max_hp_gain":0,"max_hp_loss":0,"event_name":"The Mausoleum","floor":31,"gold_loss":0,"cards_obtained":["Writhe"]},{"damage_healed":0,"gold_gain":0,"player_choice":"Fight","damage_taken":0,"max_hp_gain":0,"max_hp_loss":0,"event_name":"MindBloom","floor":38,"gold_loss":0},{"damage_healed":0,"gold_gain":0,"player_choice":"Leave","damage_taken":0,"max_hp_gain":0,"max_hp_loss":0,"event_name":"FaceTrader","floor":42,"gold_loss":0}],"is_beta":false,"boss_relics":[{"not_picked":["Tiny House","Snecko Eye"],"picked":"Ectoplasm"},{"not_picked":["Runic Cube","Lizard Tail"],"picked":"Fusion Hammer"}],"items_purged_floors":[36],"is_endless":false,"potions_floor_spawned":[2,5,6,11,18,29,35,39,46,48],"ascension_level":2}