{"gold_per_floor":[118,118,44,44,57,89,89,99,99,124,5,5,44,9,9,128,128,144,184,184,204,225,225,263,263],"floor_reached":25,"playtime":1940,"items_purged":["Regret"],"score":393,"play_id":"9a1f21c4-5e30-48c9-a2c1-532bf5abdce3","local_time":"20190727232002","is_ascension_mode":true,"campfire_choices":[{"data":"Neutralize","floor":7,"key":"SMITH"},{"data":"Footwork","floor":15,"key":"SMITH"},{"floor":23,"key":"REST"}],"neow_cost":"NONE","seed_source_timestamp":166119598014900,"circlet_count":0,"master_deck":["AscendersBane","Strike_G","Strike_G","Strike_G","Strike_G","Strike_G","Defend_G","Defend_G","Defend_G","Defend_G","Defend_G","Survivor","Neutralize+1","Deadly Poison","Sucker Punch","Flying Knee","After Image","PiercingWail","Escape Plan","Footwork+1","Well Laid Plans","Corpse Explosion","Expertise+1","PiercingWail","Footwork+1","Accuracy+1","Flying Knee","Cloak And Dagger"],"relics":["Ring of the Snake","NeowsBlessing","The Courier","Bag of Preparation","Blue Candle","Paper Crane","Golden Idol","Vajra","WristBlade","Red Mask","Boot"],"potions_floor_usage":[10,13,19,22,25,25],"damage_taken":[{"damage":0,"enemies":"Cultist","floor":1,"turns":1},{"damage":0,"enemies":"2 Louse","floor":5,"turns":1},{"damage":0,"enemies":"3 Sentries","floor":6,"turns":1},{"damage":5,"enemies":"Small Slimes","floor":8,"turns":5},{"damage":13,"enemies":"Gremlin Nob","floor":10,"turns":5},{"damage":12,"enemies":"3 Sentries","floor":13,"turns":11},{"damage":18,"enemies":"The Guardian","floor":16,"turns":14},{"damage":3,"enemies":"3 Byrds","floor":18,"turns":3},{"damage":7,"enemies":"Masked Bandits","floor":19,"turns":4},{"damage":2,"enemies":"Spheric Guardian","floor":21,"turns":5},{"damage":6,"enemies":"Snake Plant","floor":22,"turns":8},{"damage":50,"enemies":"Slavers","floor":24,"turns":6},{"damage":14,"enemies":"3 Cultists","floor":25,"turns":3}],"seed_played":"-7088343723866404598","potions_obtained":[{"floor":8,"key":"GamblersBrew"},{"floor":10,"key":"EssenceOfSteel"},{"floor":16,"key":"GhostInAJar"},{"floor":19,"key":"EssenceOfSteel"},{"floor":21,"key":"Poison Potion"},{"floor":24,"key":"SkillPotion"}],"is_trial":false,"path_per_floor":["M","$","$","?","M","E","R","M","T","E","$","?","E","?","R","B",null,"M","?","?","M","M","R","E","M"],"character_chosen":"THE_SILENT","items_purchased":["Deadly Poison","Sucker Punch","Footwork"],"campfire_rested":1,"item_purchase_floors":[3,3,11],"current_hp_per_floor":[63,63,63,63,63,63,63,58,58,45,45,45,33,49,49,31,57,54,47,47,45,39,58,8,0],"gold":263,"neow_bonus":"THREE_ENEMY_KILL","is_prod":false,"is_daily":false,"chose_seed":false,"campfire_upgraded":2,"win_rate":0,"timestamp":1564237202,"path_taken":["M","?","$","?","M","E","R","M","T","E","$","?","E","?","R","BOSS","M","?","?","M","?","R","E","?"],"build_version":"2019-07-17","purchased_purges":1,"victory":false,"max_hp_per_floor":[70,70,70,70,70,70,70,70,70,70,70,65,65,65,65,65,65,65,65,65,65,65,65,65,65],"card_choices":[{"not_picked":["Prepared","Blade Dance","Quick Slash"],"picked":"SKIP","floor":1},{"not_picked":["Backflip","Bane"],"picked":"Flying Knee","floor":5},{"not_picked":["Riddle With Holes","Sucker Punch"],"picked":"After Image","floor":6},{"not_picked":["Setup","Backflip"],"picked":"PiercingWail","floor":8},{"not_picked":["Bouncing Flask","Deadly Poison"],"picked":"Escape Plan","floor":10},{"not_picked":["Slice","Distraction"],"picked":"Well Laid Plans","floor":13},{"not_picked":["Phantasmal Killer","Wraith Form v2"],"picked":"Corpse Explosion","floor":16},{"not_picked":["Terror","Choke"],"picked":"Expertise+1","floor":18},{"not_picked":["Backflip","Prepared"],"picked":"PiercingWail","floor":19},{"not_picked":["Masterful Stab","Bane"],"picked":"Accuracy+1","floor":21},{"not_picked":["Prepared","Acrobatics"],"picked":"Flying Knee","floor":22},{"not_picked":["All Out Attack","Masterful Stab"],"picked":"Cloak And Dagger","floor":24}],"player_experience":462682,"relics_obtained":[{"floor":6,"key":"Bag of Preparation"},{"floor":9,"key":"Blue Candle"},{"floor":10,"key":"Paper Crane"},{"floor":13,"key":"Vajra"},{"floor":19,"key":"Red Mask"},{"floor":24,"key":"Boot"}],"event_choices":[{"damage_healed":0,"gold_gain":0,"player_choice":"Box","damage_taken":0,"relics_obtained":["The Courier"],"max_hp_gain":0,"max_hp_loss":0,"event_name":"Big Fish","floor":4,"gold_loss":0,"cards_obtained":["Regret"]},{"damage_healed":0,"gold_gain":0,"player_choice":"Lose Max HP","damage_taken":0,"relics_obtained":["Golden Idol"],"max_hp_gain":0,"max_hp_loss":5,"event_name":"Golden Idol","floor":12,"gold_loss":0},{"damage_healed":16,"gold_gain":0,"player_choice":"Healed","damage_taken":0,"max_hp_gain":0,"max_hp_loss":0,"event_name":"The Cleric","floor":14,"gold_loss":35},{"damage_healed":0,"gold_gain":0,"player_choice":"Fought Bandits","damage_taken":0,"max_hp_gain":0,"max_hp_loss":0,"event_name":"Masked Bandits","floor":19,"gold_loss":0},{"damage_healed":0,"gold_gain":0,"player_choice":"Copied","damage_taken":0,"max_hp_gain":0,"max_hp_loss":0,"event_name":"Duplicator","floor":20,"gold_loss":0,"cards_obtained":["Footwork"]}],"is_beta":false,"boss_relics":[{"not_picked":["Eternal Feather","Orrery"],"picked":"WristBlade"}],"items_purged_floors":[11],"is_endless":false,"potions_floor_spawned":[8,10,16,19,21,24],"killed_by":"3 Cultists","ascension_level":10}