{"gold_per_floor":[117,43,57,71,90,90,109,109,109,109,109,119,146,174,174,174],"floor_reached":16,"playtime":568,"items_purged":[],"score":143,"play_id":"64068e77-3cd4-4d40-96ea-50b41f2f9d8f","local_time":"20190810195444","is_ascension_mode":true,"campfire_choices":[{"data":"Dualcast","floor":6,"key":"SMITH"},{"data":"Zap","floor":8,"key":"SMITH"},{"data":"Sunder","floor":11,"key":"SMITH"},{"floor":15,"key":"REST"}],"neow_cost":"PERCENT_DAMAGE","seed_source_timestamp":17115349190400,"circlet_count":0,"master_deck":["Strike_B","Strike_B","Strike_B","Defend_B","Defend_B","Defend_B","Defend_B","Zap+1","Dualcast+1","Rip and Tear","Defragment","Cold Snap","Reprogram","Sunder+1","Defragment","Capacitor","FTL"],"relics":["Cracked Core","Unceasing Top","Prayer Wheel","Odd Mushroom"],"potions_floor_usage":[13,14,14,16],"damage_taken":[{"damage":2,"enemies":"Jaw Worm","floor":1,"turns":3},{"damage":5,"enemies":"2 Louse","floor":3,"turns":2},{"damage":0,"enemies":"Cultist","floor":4,"turns":3},{"damage":11,"enemies":"Blue Slaver","floor":5,"turns":3},{"damage":0,"enemies":"3 Louse","floor":7,"turns":2},{"damage":13,"enemies":"Exordium Thugs","floor":12,"turns":3},{"damage":17,"enemies":"Gremlin Nob","floor":13,"turns":3},{"damage":2,"enemies":"The Mushroom Lair","floor":14,"turns":2},{"damage":35,"enemies":"The Guardian","floor":16,"turns":7}],"seed_played":"8858855213804625316","potions_obtained":[{"floor":1,"key":"Strength Potion"},{"floor":12,"key":"Fire Potion"},{"floor":13,"key":"AttackPotion"},{"floor":14,"key":"SteroidPotion"}],"is_trial":false,"path_per_floor":["M","$","M","M","M","R","M","R","T","?","R","M","E","?","R","B"],"character_chosen":"DEFECT","items_purchased":["Defragment"],"campfire_rested":1,"item_purchase_floors":[2],"current_hp_per_floor":[62,62,57,57,46,46,46,46,46,39,39,26,9,7,33,0],"gold":174,"neow_bonus":"TWENTY_PERCENT_HP_BONUS","is_prod":false,"is_daily":false,"chose_seed":false,"campfire_upgraded":3,"win_rate":0,"timestamp":1565434484,"path_taken":["M","$","M","M","M","R","M","R","T","?","R","M","E","?","R","BOSS"],"build_version":"2019-07-17","purchased_purges":0,"victory":false,"max_hp_per_floor":[89,89,89,89,89,89,89,89,89,89,89,89,89,89,89,89],"card_choices":[{"not_picked":["Redo","Leap"],"picked":"Rip and Tear","floor":1},{"not_picked":["Gash","Aggregate"],"picked":"Cold Snap","floor":3},{"not_picked":["Hologram","Sweeping Beam"],"picked":"Reprogram","floor":4},{"not_picked":["Steam Power","Steam"],"picked":"Sunder","floor":5},{"not_picked":["BootSequence","Scrape"],"picked":"Defragment","floor":7},{"not_picked":["Cold Snap","Gash"],"picked":"Capacitor","floor":12},{"not_picked":["Compile Driver","Sweeping Beam"],"picked":"FTL","floor":13}],"player_experience":674842,"relics_obtained":[{"floor":9,"key":"Unceasing Top"},{"floor":13,"key":"Prayer Wheel"},{"floor":14,"key":"Odd Mushroom"}],"event_choices":[{"cards_removed":["Strike_B"],"damage_healed":0,"gold_gain":0,"player_choice":"Card Removal","damage_taken":7,"max_hp_gain":0,"max_hp_loss":0,"event_name":"Golden Wing","floor":10,"gold_loss":0},{"damage_healed":0,"gold_gain":0,"player_choice":"Fought Mushrooms","damage_taken":0,"max_hp_gain":0,"max_hp_loss":0,"event_name":"Mushrooms","floor":14,"gold_loss":0}],"is_beta":false,"boss_relics":[],"items_purged_floors":[],"is_endless":false,"potions_floor_spawned":[1,12,13,14],"killed_by":"The Guardian","ascension_level":8}