{"gold_per_floor":[219,229,49,66,78,78,90,125,171,171,186,214,214,225,225,329,329,344,704,35,52,67,67,100,100,149,162,62,62,90,1,1,97,97,116,116,37,37,47,78,78,97,97,125,142,174,449,18,18,18],"floor_reached":51,"playtime":1515,"items_purged":["Strike_R","Strike_R","Regret"],"score":1278,"play_id":"d330886e-61ca-4ba8-97e8-49d582542d64","local_time":"20190819004951","is_ascension_mode":true,"campfire_choices":[{"data":"Inflame","floor":6.0,"key":"SMITH"},{"data":"Inflame","floor":10.0,"key":"SMITH"},{"data":"Bash","floor":13.0,"key":"SMITH"},{"data":"Twin Strike","floor":15.0,"key":"SMITH"},{"floor":23.0,"key":"REST"},{"floor":25.0,"key":"REST"},{"floor":29.0,"key":"REST"},{"floor":32.0,"key":"REST"},{"floor":41.0,"key":"REST"},{"floor":49,"key":"REST"}],"neow_cost":"NONE","seed_source_timestamp":8002923382568,"circlet_count":0,"master_deck":["AscendersBane","Strike_R","Strike_R","Strike_R","Defend_R","Defend_R","Defend_R","Defend_R+1","Bash+1","Thunderclap","Wild Strike","Inflame+1","Inflame+1","Twin Strike+1","Battle Trance+1","Headbutt","Anger+1","Iron Wave+1","Limit Break","Inflame+1","Heavy Blade+1","Sword Boomerang+1","Armaments+1","True Grit+1","Armaments+1","Shrug It Off+1","Sword Boomerang+1","Discovery+1","Demon Form","Uppercut+1","Good Instincts+1","Master of Strategy+1","Blind+1","Clothesline+1","Battle Trance+1","Battle Trance+1","Limit Break+1","Armaments+1","Secret Weapon+1","Blind+1","Dark Shackles+1"],"special_seed":0,"relics":["Burning Blood","Vajra","Mummified Hand","War Paint","Molten Egg 2","Fusion Hammer","Toxic Egg 2","MealTicket","Orichalcum","Regal Pillow","Ancient Tea Set","Sozu","Du-Vu Doll","Red Skull","Juzu Bracelet","The Courier"],"potions_floor_usage":[50,50],"damage_taken":[{"damage":5.0,"enemies":"Cultist","floor":1.0,"turns":5.0},{"damage":0.0,"enemies":"2 Louse","floor":2.0,"turns":3.0},{"damage":9.0,"enemies":"Jaw Worm","floor":4.0,"turns":5.0},{"damage":11.0,"enemies":"Exordium Thugs","floor":5.0,"turns":4.0},{"damage":17.0,"enemies":"Looter","floor":7.0,"turns":3.0},{"damage":16.0,"enemies":"Gremlin Nob","floor":8.0,"turns":3.0},{"damage":0.0,"enemies":"Large Slime","floor":11.0,"turns":3.0},{"damage":9.0,"enemies":"3 Sentries","floor":12.0,"turns":4.0},{"damage":8.0,"enemies":"Lots of Slimes","floor":14.0,"turns":2.0},{"damage":34.0,"enemies":"Hexaghost","floor":16.0,"turns":6.0},{"damage":14.0,"enemies":"Shell Parasite","floor":18.0,"turns":3.0},{"damage":0.0,"enemies":"Chosen","floor":21.0,"turns":3.0},{"damage":0.0,"enemies":"3 Cultists","floor":22.0,"turns":3.0},{"damage":17.0,"enemies":"Gremlin Leader","floor":24.0,"turns":5.0},{"damage":18.0,"enemies":"Centurion and Healer","floor":27.0,"turns":4.0},{"damage":41.0,"enemies":"Slavers","floor":30.0,"turns":5.0},{"damage":38.0,"enemies":"Collector","floor":33.0,"turns":4.0},{"damage":13.0,"enemies":"3 Shapes","floor":35.0,"turns":5.0},{"damage":22.0,"enemies":"3 Darklings","floor":39.0,"turns":4.0},{"damage":17.0,"enemies":"Giant Head","floor":40.0,"turns":6.0},{"damage":16.0,"enemies":"Spire Growth","floor":42.0,"turns":4.0},{"damage":49,"enemies":"Reptomancer","floor":44,"turns":5},{"damage":0,"enemies":"Maw","floor":45,"turns":3},{"damage":0,"enemies":"Giant Head","floor":46,"turns":4},{"damage":49,"enemies":"Awakened One","floor":50,"turns":7}],"seed_played":"3234463526368095536","potions_obtained":[{"floor":2.0,"key":"Energy Potion"},{"floor":7.0,"key":"Swift Potion"},{"floor":8.0,"key":"Poison Potion"},{"floor":11.0,"key":"LiquidBronze"},{"floor":18.0,"key":"Block Potion"},{"floor":27.0,"key":"Poison Potion"},{"floor":30.0,"key":"FearPotion"}],"is_trial":false,"path_per_floor":["M","M","$","M","M","R","M","E","T","R","M","E","R","M","R","B",null,"M","?","$","M","M","R","E","R","T","M","$","R","E","$","R","B",null,"M","?","$","?","M","E","R","M","T","E","M","E","?","$","R","B",null],"character_chosen":"IRONCLAD","items_purchased":["Inflame","Vajra","Heavy Blade+1","Sword Boomerang+1","Toxic Egg 2","Armaments+1","MealTicket","Discovery+1","Uppercut+1","Armaments+1","Secret Weapon+1","Blind+1","Dark Shackles+1"],"campfire_rested":6,"item_purchase_floors":[3,3,20,20,20,20,20,31,37,48,48,48,48],"current_hp_per_floor":[73,79,79,76,71,71,60,50,50,50,56,53,53,51,51,23,66,58,18,18,24,30,54,43,67,67,55,70,80,45,60,80,48,72,65,65,80,70,54,43,80,70,70,27,33,39,39,54,80,37],"gold":18,"neow_bonus":"HUNDRED_GOLD","is_prod":false,"is_daily":false,"chose_seed":false,"campfire_upgraded":4,"win_rate":0,"timestamp":1566197391,"path_taken":["M","?","$","M","M","R","M","E","T","R","M","E","R","M","R","BOSS","M","?","$","M","?","R","E","R","T","M","?","R","E","$","R","BOSS","M","?","?","?","M","E","R","M","T","E","M","E","?","$","R","BOSS"],"build_version":"2019-07-17","purchased_purges":3,"victory":true,"max_hp_per_floor":[80,80,80,80,80,80,80,80,80,80,80,80,80,80,80,80,80,80,80,80,80,80,80,80,80,80,80,80,80,80,80,80,80,80,80,80,80,80,80,80,80,80,80,80,80,80,80,80,80,80],"card_choices":[{"not_picked":["Bloodletting","Anger"],"picked":"Thunderclap","floor":1.0},{"not_picked":["True Grit","Warcry"],"picked":"Wild Strike","floor":2.0},{"not_picked":["Flex","Perfected Strike"],"picked":"Inflame","floor":4.0},{"not_picked":["Pommel Strike","Berserk"],"picked":"Twin Strike","floor":5.0},{"not_picked":["Shockwave","Warcry"],"picked":"Battle Trance","floor":7.0},{"not_picked":["Barricade","Armaments"],"picked":"Headbutt","floor":8.0},{"not_picked":["Corruption","Clash","Shrug It Off"],"picked":"SKIP","floor":11.0},{"not_picked":["Infernal Blade","Intimidate"],"picked":"Anger","floor":12.0},{"not_picked":["Burning Pact","True Grit"],"picked":"Iron Wave+1","floor":14.0},{"not_picked":["Double Tap","Dark Embrace"],"picked":"Limit Break","floor":16.0},{"not_picked":["Corruption","Body Slam+1"],"picked":"Inflame+1","floor":18.0},{"not_picked":["Sentinel+1","Perfected Strike+1","True Grit+1"],"picked":"SKIP","floor":21.0},{"not_picked":["Sentinel+1","Perfected Strike+1"],"picked":"True Grit+1","floor":21.0},{"not_picked":["Flex+1","Body Slam+1"],"picked":"Armaments+1","floor":22.0},{"not_picked":["Flame Barrier+1","Hemokinesis+1"],"picked":"Shrug It Off+1","floor":24.0},{"not_picked":["Clash+1","Twin Strike+1"],"picked":"Sword Boomerang+1","floor":27.0},{"not_picked":["Perfected Strike+1","Entrench+1","Searing Blow+1"],"picked":"SKIP","floor":30.0},{"not_picked":["Berserk","Offering+1"],"picked":"Demon Form","floor":33.0},{"not_picked":["Perfected Strike+1","Headbutt+1"],"picked":"Sword Boomerang+1","floor":35.0},{"not_picked":["Impatience+1","Enlightenment+1"],"picked":"Good Instincts+1","floor":38.0},{"not_picked":["Swift Strike+1","Panacea+1"],"picked":"Master of Strategy+1","floor":38.0},{"not_picked":["Madness+1","Violence+1"],"picked":"Blind+1","floor":38.0},{"not_picked":["Power Through+1","Cleave+1"],"picked":"Clothesline+1","floor":39.0},{"not_picked":["Flex+1","Sever Soul+1"],"picked":"Battle Trance+1","floor":40.0},{"not_picked":["Rampage+1","Evolve","Entrench+1"],"picked":"SKIP","floor":42.0},{"not_picked":["Power Through+1","Flex+1"],"picked":"Battle Trance+1","floor":44},{"not_picked":["Power Through+1","Corruption+1"],"picked":"Limit Break+1","floor":45},{"not_picked":["Havoc+1","Dark Embrace","Clothesline+1"],"picked":"SKIP","floor":46}],"player_experience":1686984,"relics_obtained":[{"floor":8.0,"key":"Mummified Hand"},{"floor":9.0,"key":"War Paint"},{"floor":12.0,"key":"Molten Egg 2"},{"floor":24.0,"key":"Orichalcum"},{"floor":26.0,"key":"Regal Pillow"},{"floor":30.0,"key":"Ancient Tea Set"},{"floor":40.0,"key":"Du-Vu Doll"},{"floor":43.0,"key":"Red Skull"},{"floor":44,"key":"Juzu Bracelet"},{"floor":46,"key":"The Courier"}],"event_choices":[{"damage_healed":0.0,"max_hp_gain":0.0,"max_hp_loss":0.0,"gold_gain":360.0,"event_name":"Knowing Skull","player_choice":"GOLD GOLD GOLD GOLD ","floor":19.0,"potions_obtained":[],"gold_loss":0.0,"damage_taken":40.0,"cards_obtained":[]},{"cards_removed":["Sword Boomerang"],"damage_healed":0.0,"max_hp_gain":0.0,"max_hp_loss":0.0,"gold_gain":0.0,"event_name":"Falling","player_choice":"Removed Attack","floor":36.0,"gold_loss":0.0,"damage_taken":0.0},{"damage_healed":0.0,"max_hp_gain":0.0,"max_hp_loss":0.0,"gold_gain":0.0,"event_name":"SensoryStone","player_choice":"Memory 3","floor":38.0,"gold_loss":0.0,"damage_taken":10.0},{"damage_healed":0,"gold_gain":275,"player_choice":"Desecrate","damage_taken":0,"max_hp_gain":0,"max_hp_loss":0,"event_name":"Golden Shrine","floor":47,"gold_loss":0,"cards_obtained":["Regret"]}],"is_beta":false,"boss_relics":[{"not_picked":["Eternal Feather","Astrolabe"],"picked":"Fusion Hammer"},{"not_picked":["Mark of Pain","Snecko Eye"],"picked":"Sozu"}],"items_purged_floors":[20,28,48],"is_endless":false,"potions_floor_spawned":[2,7,8,11,18,27,30,35,42,45],"ascension_level":10}