{"gold_per_floor":[112,122,142,118,118,118,153,153,153,168,180,190,190,208,208,311,311,321,341,270,289,36,36,61,61,86,186,203,220,220,235,235,339,339,351,72,85,185,0,0,17,17,44,57,107,107,140,151,151,151],"floor_reached":51,"playtime":3639,"items_purged":["Strike_B"],"score":1016,"play_id":"2f0d4e79-ca3d-4c32-8b81-63c0a98ccb07","local_time":"20190821202431","is_ascension_mode":true,"campfire_choices":[{"data":"Zap","floor":6,"key":"SMITH"},{"data":"Coolheaded","floor":8,"key":"SMITH"},{"data":"Sweeping Beam","floor":13,"key":"SMITH"},{"floor":15,"key":"REST"},{"data":"Storm","floor":23,"key":"SMITH"},{"floor":25,"key":"REST"},{"floor":32,"key":"REST"},{"data":"1","floor":40,"key":"LIFT"},{"data":"2","floor":42,"key":"LIFT"},{"floor":46,"key":"REST"},{"data":"3","floor":49,"key":"LIFT"}],"neow_cost":"NONE","seed_source_timestamp":553188416649200,"circlet_count":0,"master_deck":["Strike_B","Strike_B","Defend_B","Defend_B","Defend_B","Defend_B","Zap+1","Dualcast","Rebound","Conserve Battery","Storm+1","Coolheaded+1","Go for the Eyes","Consume","Glacier","Sweeping Beam+1","Capacitor","Echo Form","Glacier","Undo","Capacitor","Apotheosis","Loop","Ball Lightning","Decay","Loop","Electrodynamics","Self Repair+1","Self Repair","Amplify","Doom and Gloom+1","Defragment","Glacier+1"],"relics":["Cracked Core","NeowsBlessing","Incense Burner","Pantograph","Snecko Eye","Blue Candle","Potion Belt","Girya","Mummified Hand","Fusion Hammer","Mango","Red Mask","Vajra","Pocketwatch","Toxic Egg 2"],"potions_floor_usage":[16,16,28,29,33,37,45,50,50,50],"damage_taken":[{"damage":0,"enemies":"Cultist","floor":1,"turns":1},{"damage":0,"enemies":"2 Louse","floor":2,"turns":1},{"damage":0,"enemies":"Jaw Worm","floor":3,"turns":1},{"damage":17,"enemies":"Lagavulin","floor":7,"turns":8},{"damage":6,"enemies":"Blue Slaver","floor":10,"turns":5},{"damage":0,"enemies":"Looter","floor":11,"turns":3},{"damage":0,"enemies":"Large Slime","floor":12,"turns":4},{"damage":11,"enemies":"Exordium Thugs","floor":14,"turns":6},{"damage":0,"enemies":"Slime Boss","floor":16,"turns":13},{"damage":0,"enemies":"Chosen","floor":18,"turns":3},{"damage":9,"enemies":"Shell Parasite","floor":19,"turns":7},{"damage":3,"enemies":"Snake Plant","floor":21,"turns":5},{"damage":14,"enemies":"Book of Stabbing","floor":24,"turns":7},{"damage":0,"enemies":"Colosseum Slavers","floor":27,"turns":5},{"damage":13,"enemies":"Colosseum Nobs","floor":27,"turns":6},{"damage":12,"enemies":"3 Cultists","floor":28,"turns":6},{"damage":0,"enemies":"Snecko","floor":29,"turns":4},{"damage":16,"enemies":"Shelled Parasite and Fungi","floor":31,"turns":5},{"damage":33,"enemies":"Collector","floor":33,"turns":14},{"damage":0,"enemies":"Orb Walker","floor":35,"turns":3},{"damage":23,"enemies":"3 Darklings","floor":37,"turns":3},{"damage":2,"enemies":"Mind Bloom Boss Battle","floor":38,"turns":5},{"damage":1,"enemies":"Spire Growth","floor":41,"turns":5},{"damage":0,"enemies":"Sphere and 2 Shapes","floor":44,"turns":3},{"damage":23,"enemies":"2 Orb Walkers","floor":45,"turns":5},{"damage":6,"enemies":"Reptomancer","floor":47,"turns":3},{"damage":5,"enemies":"Transient","floor":48,"turns":5},{"damage":33,"enemies":"Awakened One","floor":50,"turns":9}],"seed_played":"-3875030459412963905","potions_obtained":[{"floor":2,"key":"GamblersBrew"},{"floor":3,"key":"EssenceOfSteel"},{"floor":10,"key":"AttackPotion"},{"floor":16,"key":"Dexterity Potion"},{"floor":21,"key":"Poison Potion"},{"floor":28,"key":"Swift Potion"},{"floor":33,"key":"AttackPotion"},{"floor":37,"key":"Weak Potion"},{"floor":38,"key":"Poison Potion"},{"floor":44,"key":"SkillPotion"},{"floor":48,"key":"GamblersBrew"}],"is_trial":false,"path_per_floor":["M","M","M","$","?","R","E","R","T","M","M","M","R","M","R","B",null,"M","M","$","M","$","R","E","R","T","?","M","M","?","M","R","B",null,"M","$","M","?","?","R","M","R","T","M","?","R","E","M","R","B",null],"character_chosen":"DEFECT","items_purchased":["Coolheaded","Capacitor","Apotheosis","Loop","PowerPotion","Self Repair","Amplify"],"campfire_rested":4,"item_purchase_floors":[4,20,22,22,36,36,36],"current_hp_per_floor":[68,68,68,68,68,68,51,51,51,45,45,45,45,34,56,75,75,75,66,66,63,63,63,49,71,71,58,46,46,46,30,52,42,67,67,67,54,89,89,89,89,89,89,89,73,89,89,89,89,89],"gold":151,"neow_bonus":"THREE_ENEMY_KILL","is_prod":false,"is_daily":false,"chose_seed":false,"campfire_upgraded":4,"win_rate":0,"timestamp":1566386671,"path_taken":["M","M","?","$","?","R","E","R","T","M","M","M","R","M","R","BOSS","M","?","$","M","$","R","E","R","T","?","M","M","?","M","R","BOSS","M","$","M","?","?","R","M","R","T","M","?","R","E","M","R","BOSS"],"build_version":"2019-07-17","purchased_purges":1,"victory":true,"max_hp_per_floor":[75,75,75,75,75,75,75,75,75,75,75,75,75,75,75,75,75,75,75,75,75,75,75,75,75,75,75,75,75,75,75,75,75,75,75,75,75,89,89,89,89,89,89,89,89,89,89,89,89,89],"card_choices":[{"not_picked":["Compile Driver","White Noise"],"picked":"Rebound","floor":1},{"not_picked":["Force Field","Cold Snap"],"picked":"Conserve Battery","floor":2},{"not_picked":["Rip and Tear","Double Energy"],"picked":"Storm","floor":3},{"not_picked":["Self Repair","Steam"],"picked":"Go for the Eyes","floor":7},{"not_picked":["Lockon","Double Energy"],"picked":"Consume","floor":10},{"not_picked":["Undo","Reprogram"],"picked":"Glacier","floor":11},{"not_picked":["Genetic Algorithm","Blizzard"],"picked":"Sweeping Beam","floor":12},{"not_picked":["Ball Lightning","Heatsinks"],"picked":"Capacitor","floor":14},{"not_picked":["Seek","Thunder Strike"],"picked":"Echo Form","floor":16},{"not_picked":["Leap","Hologram+1"],"picked":"Glacier","floor":18},{"not_picked":["Turbo+1","Go for the Eyes"],"picked":"Undo","floor":19},{"not_picked":["Chill","Coolheaded","Streamline"],"picked":"SKIP","floor":21},{"not_picked":["Conserve Battery","Sweeping Beam","Stack+1"],"picked":"SKIP","floor":24},{"not_picked":["Aggregate","Cold Snap+1"],"picked":"Ball Lightning","floor":27},{"not_picked":["Gash+1","Undo","Stack+1"],"picked":"SKIP","floor":28},{"not_picked":["Conserve Battery","Scrape","Steam"],"picked":"SKIP","floor":29},{"not_picked":["Steam Power","Hello World"],"picked":"Loop","floor":31},{"not_picked":["All For One","Amplify"],"picked":"Electrodynamics","floor":33},{"not_picked":["Hologram","Genetic Algorithm+1"],"picked":"Self Repair+1","floor":35},{"not_picked":["Redo+1","Steam+1"],"picked":"Doom and Gloom+1","floor":37},{"not_picked":["Redo","Go for the Eyes","Streamline"],"picked":"SKIP","floor":41},{"not_picked":["Melter+1","Scrape+1","Ball Lightning+1"],"picked":"SKIP","floor":44},{"not_picked":["Hologram","Steam+1"],"picked":"Defragment","floor":45},{"not_picked":["Steam Power+1","Beam Cell"],"picked":"Glacier+1","floor":47},{"not_picked":["Aggregate+1","Sweeping Beam+1","Double Energy+1"],"picked":"SKIP","floor":48}],"player_experience":183981,"relics_obtained":[{"floor":7,"key":"Incense Burner"},{"floor":9,"key":"Pantograph"},{"floor":24,"key":"Blue Candle"},{"floor":26,"key":"Potion Belt"},{"floor":27,"key":"Girya"},{"floor":27,"key":"Mummified Hand"},{"floor":38,"key":"Mango"},{"floor":43,"key":"Vajra"},{"floor":45,"key":"Pocketwatch"},{"floor":47,"key":"Toxic Egg 2"}],"event_choices":[{"cards_removed":["Strike_B"],"damage_healed":0,"gold_gain":0,"player_choice":"Offered Basic","damage_taken":0,"max_hp_gain":0,"max_hp_loss":0,"event_name":"Bonfire Elementals","floor":5,"gold_loss":0},{"damage_healed":0,"gold_gain":0,"player_choice":"Fight","damage_taken":0,"max_hp_gain":0,"max_hp_loss":0,"event_name":"Colosseum","floor":27,"gold_loss":0},{"damage_healed":0,"gold_gain":0,"player_choice":"Fought Nobs","damage_taken":0,"max_hp_gain":0,"max_hp_loss":0,"event_name":"Colosseum","floor":27,"gold_loss":0},{"damage_healed":0,"gold_gain":0,"player_choice":"Smashed Altar","damage_taken":0,"max_hp_gain":0,"max_hp_loss":0,"event_name":"Forgotten Altar","floor":30,"gold_loss":0,"cards_obtained":["Decay"]},{"damage_healed":0,"gold_gain":0,"player_choice":"Fight","damage_taken":0,"max_hp_gain":0,"max_hp_loss":0,"event_name":"MindBloom","floor":38,"gold_loss":0},{"damage_healed":0,"gold_gain":0,"player_choice":"Paid","damage_taken":0,"relics_obtained":["Red Mask"],"max_hp_gain":0,"max_hp_loss":0,"event_name":"Tomb of Lord Red Mask","floor":39,"gold_loss":185},{"damage_healed":0,"gold_gain":0,"player_choice":"Fight","damage_taken":0,"max_hp_gain":0,"max_hp_loss":0,"event_name":"Mysterious Sphere","floor":45,"gold_loss":0}],"is_beta":false,"boss_relics":[{"not_picked":["Empty Cage","Black Star"],"picked":"Snecko Eye"},{"not_picked":["Calling Bell","Runic Pyramid"],"picked":"Fusion Hammer"}],"items_purged_floors":[36],"is_endless":false,"potions_floor_spawned":[2,3,10,16,21,27,28,33,37,38,44,48],"ascension_level":9}