{"gold_per_floor":[116,116,131,143,68,103,118,134,158,333,333,27,53,68,68,173,173,186,186,206,206],"floor_reached":21,"playtime":1691,"items_purged":["Strike_G","Strike_G"],"score":201,"play_id":"8f5620f5-cd0f-4009-a671-66f7bb794879","local_time":"20181001202315","is_ascension_mode":true,"campfire_choices":[{"floor":11,"key":"REST"},{"floor":15,"key":"REST"}],"neow_cost":"NONE","seed_source_timestamp":118574597410629,"circlet_count":0,"master_deck":["Defend_G","Defend_G","Defend_G","Defend_G","Defend_G","Strike_G","Strike_G","Survivor","Neutralize","Acrobatics","Crippling Poison","Quick Slash","Bouncing Flask","Poisoned Stab","Bane","Outmaneuver","Corpse Explosion","Night Terror","Terror+1","Noxious Fumes"],"relics":["Ring of the Serpent","Omamori","Potion Belt","ClockworkSouvenir","Ancient Tea Set"],"potions_floor_usage":[3,3,6,6,13,16,16,21],"damage_taken":[{"damage":0,"enemies":"Cultist","floor":1,"turns":5},{"damage":0,"enemies":"Jaw Worm","floor":3,"turns":5},{"damage":4,"enemies":"2 Louse","floor":4,"turns":3},{"damage":7,"enemies":"Lagavulin","floor":6,"turns":10},{"damage":1,"enemies":"Blue Slaver","floor":7,"turns":6},{"damage":13,"enemies":"Gremlin Gang","floor":8,"turns":4},{"damage":22,"enemies":"3 Sentries","floor":13,"turns":9},{"damage":0,"enemies":"Looter","floor":14,"turns":3},{"damage":11,"enemies":"Slime Boss","floor":16,"turns":10},{"damage":4,"enemies":"Spheric Guardian","floor":18,"turns":4},{"damage":19,"enemies":"3 Byrds","floor":20,"turns":3},{"damage":46,"enemies":"Snecko","floor":21,"turns":6}],"seed_played":"6218573818353960759","potions_obtained":[{"floor":0,"key":"Strength Potion"},{"floor":0,"key":"Block Potion"},{"floor":0,"key":"EntropicBrew"},{"floor":3,"key":"LiquidBronze"},{"floor":4,"key":"EssenceOfSteel"},{"floor":7,"key":"Dexterity Potion"},{"floor":13,"key":"Weak Potion"},{"floor":18,"key":"Weak Potion"},{"floor":20,"key":"GhostInAJar"}],"is_trial":false,"path_per_floor":["M","?","M","M","$","E","M","M","T","?","R","$","E","M","R","B",null,"M","?","M"],"character_chosen":"THE_SILENT","items_purchased":["ClockworkSouvenir"],"campfire_rested":2,"item_purchase_floors":[12],"current_hp_per_floor":[70,70,70,66,66,59,58,45,45,45,66,66,44,44,65,54,70,66,53,34,0],"gold":206,"neow_bonus":"THREE_SMALL_POTIONS","is_prod":false,"is_daily":false,"chose_seed":false,"campfire_upgraded":0,"win_rate":0,"timestamp":1538450595,"path_taken":["M","?","M","M","$","E","M","M","T","?","R","?","E","M","R","BOSS","M","?","M","M"],"build_version":"2018-09-27","purchased_purges":2,"victory":false,"max_hp_per_floor":[70,70,70,70,70,70,70,70,70,70,70,70,70,70,70,70,70,70,75,75,75],"card_choices":[{"not_picked":["Prepared","Slice"],"picked":"Acrobatics","floor":1},{"not_picked":["Deflect","Sucker Punch"],"picked":"Crippling Poison","floor":3},{"not_picked":["Acrobatics","Deflect"],"picked":"Quick Slash","floor":4},{"not_picked":["Deflect","Choke"],"picked":"Bouncing Flask","floor":6},{"not_picked":["Slice","Heel Hook"],"picked":"Poisoned Stab","floor":7},{"not_picked":["Cloak And Dagger","Backflip"],"picked":"Bane","floor":8},{"not_picked":["All Out Attack","Calculated Gamble"],"picked":"Outmaneuver","floor":13},{"not_picked":["Predator","Quick Slash"],"picked":"Corpse Explosion","floor":14},{"not_picked":["Burst","Tools of the Trade"],"picked":"Night Terror","floor":16},{"not_picked":["Dagger Spray","Underhanded Strike"],"picked":"Terror+1","floor":18},{"not_picked":["Slice+1","Prepared"],"picked":"Noxious Fumes","floor":20}],"player_experience":99270,"relics_obtained":[{"floor":6,"key":"Omamori"},{"floor":9,"key":"Potion Belt"},{"floor":13,"key":"Ancient Tea Set"}],"event_choices":[{"event_name":"Purifier","player_choice":"One Purge","floor":2,"damage_taken":0},{"event_name":"Liars Game","player_choice":"agreed","floor":10,"damage_taken":0},{"event_name":"Forgotten Altar","player_choice":"Shed Blood","floor":19,"damage_taken":0}],"is_beta":false,"boss_relics":[{"not_picked":["Ectoplasm","WristBlade"],"picked":"Ring of the Serpent"}],"items_purged_floors":[5,12],"is_endless":false,"potions_floor_spawned":[1,3,4,7,13,18,20],"killed_by":"Snecko","ascension_level":1}