{"gold_per_floor":[99,49,49,49,49,49,49,49,49,49,49,49,49,49,49,49,49,49,4,4,4,0,0,0,0,0,0,0,0,0,0,0,0,0,0,0,0,0,0,0,0,0,0,0,0,0,0,0],"floor_reached":48,"playtime":4447,"items_purged":[],"score":517,"play_id":"f97cea98-4c8d-4c30-b8fe-e8502731bc98","local_time":"20181202194833","is_ascension_mode":false,"campfire_choices":[{"floor":15,"key":"REST"},{"floor":27,"key":"REST"},{"floor":30,"key":"REST"},{"floor":32,"key":"REST"},{"floor":40,"key":"REST"},{"floor":44,"key":"REST"}],"neow_cost":"NONE","seed_source_timestamp":418781102580700,"circlet_count":0,"master_deck":["Strike_B","Strike_B+1","Defend_B","Defend_B","Defend_B","Zap","Dualcast","Rebound+1","Beam Cell","Capacitor","Coolheaded","Reboot","Go for the Eyes","Conserve Battery","Machine Learning","Coolheaded","Stack","Compile Driver","Sweeping Beam+1","Streamline+1","Hologram","Leap+1","Reprogram","Steam","Echo Form","Injury","FTL+1","Madness","Madness","Consume+1","Force Field+1","Conserve Battery+1","Parasite","Stack","Gash+1","Hello World"],"relics":["Ectoplasm","Whetstone","Kunai","Matryoshka","FaceOfCleric","Lizard Tail","Omamori","Nunchaku","Bottled Tornado","Oddly Smooth Stone","Calling Bell","Happy Flower","Question Card","Calipers","Pen Nib","Boot"],"potions_floor_usage":[13,16,19,23,23,23,33,35,42,45],"damage_taken":[{"damage":0,"enemies":"Small Slimes","floor":1,"turns":2},{"damage":8,"enemies":"Jaw Worm","floor":5,"turns":3},{"damage":1,"enemies":"Cultist","floor":7,"turns":3},{"damage":5,"enemies":"3 Louse","floor":8,"turns":3},{"damage":23,"enemies":"Lagavulin","floor":11,"turns":7},{"damage":3,"enemies":"Red Slaver","floor":12,"turns":4},{"damage":2,"enemies":"Large Slime","floor":13,"turns":4},{"damage":4,"enemies":"The Guardian","floor":16,"turns":11},{"damage":4,"enemies":"Chosen","floor":18,"turns":6},{"damage":8,"enemies":"2 Thieves","floor":19,"turns":4},{"damage":0,"enemies":"Centurion and Healer","floor":20,"turns":9},{"damage":19,"enemies":"Colosseum Slavers","floor":23,"turns":5},{"damage":37,"enemies":"Colosseum Nobs","floor":23,"turns":6},{"damage":4,"enemies":"Snecko","floor":24,"turns":8},{"damage":7,"enemies":"Shelled Parasite and Fungi","floor":25,"turns":5},{"damage":7,"enemies":"Snake Plant","floor":28,"turns":5},{"damage":7,"enemies":"Snecko","floor":29,"turns":7},{"damage":2,"enemies":"Cultist and Chosen","floor":31,"turns":7},{"damage":55,"enemies":"Collector","floor":33,"turns":16},{"damage":13,"enemies":"3 Darklings","floor":35,"turns":7},{"damage":20,"enemies":"Orb Walker","floor":37,"turns":7},{"damage":17,"enemies":"Spire Growth","floor":41,"turns":8},{"damage":44,"enemies":"Transient","floor":42,"turns":5},{"damage":10,"enemies":"Writhing Mass","floor":45,"turns":8},{"damage":30,"enemies":"3 Darklings","floor":46,"turns":8},{"damage":22,"enemies":"Spire Growth","floor":47,"turns":8},{"damage":27,"enemies":"Nemesis","floor":48,"turns":3}],"seed_played":"-1425715075631060392","potions_obtained":[{"floor":5,"key":"Energy Potion"},{"floor":11,"key":"SteroidPotion"},{"floor":12,"key":"SkillPotion"},{"floor":16,"key":"Explosive Potion"},{"floor":18,"key":"Strength Potion"},{"floor":19,"key":"FearPotion"},{"floor":29,"key":"Strength Potion"},{"floor":33,"key":"SkillPotion"},{"floor":41,"key":"Poison Potion"},{"floor":42,"key":"Fire Potion"}],"is_trial":false,"path_per_floor":["M","?","T","?","M","?","M","M","T","?","E","M","M","?","R","B",null,"M","M","M","?","?","?","M","M","T","R","M","M","R","M","R","B",null,"M","?","M","?","$","R","M","M","T","R","M","M","M","E"],"character_chosen":"DEFECT","items_purchased":[],"campfire_rested":6,"item_purchase_floors":[],"current_hp_per_floor":[75,75,75,64,56,56,55,50,50,43,20,17,15,15,37,34,76,73,66,67,67,67,13,10,4,4,28,22,16,41,40,65,11,87,75,64,45,45,45,71,55,12,12,39,30,47,26,0],"gold":0,"neow_bonus":"BOSS_RELIC","is_prod":false,"is_daily":false,"chose_seed":false,"campfire_upgraded":0,"win_rate":0,"timestamp":1543747713,"path_taken":["M","?","?","?","M","?","?","M","T","?","E","?","M","?","R","BOSS","M","?","M","?","?","?","M","M","T","R","M","M","R","M","R","BOSS","M","?","M","?","?","R","M","M","T","R","M","?","M","E"],"build_version":"2018-11-15","purchased_purges":0,"victory":false,"max_hp_per_floor":[75,75,75,75,75,75,75,75,75,75,75,75,75,75,75,76,76,77,78,79,79,79,81,82,83,83,83,84,85,85,86,86,87,87,88,88,89,89,89,89,90,91,91,91,92,93,94,94],"card_choices":[{"not_picked":["Steam","Hello World"],"picked":"Rebound","floor":1},{"not_picked":["Aggregate","Darkness"],"picked":"Beam Cell","floor":5},{"not_picked":["Barrage","Stack"],"picked":"Capacitor","floor":7},{"not_picked":["Stack","Barrage"],"picked":"Coolheaded","floor":8},{"not_picked":["Redo","Rebound"],"picked":"Reboot","floor":11},{"not_picked":["Hologram","Cold Snap"],"picked":"Go for the Eyes","floor":12},{"not_picked":["White Noise","Turbo"],"picked":"Conserve Battery","floor":13},{"not_picked":["Hyperbeam","Biased Cognition"],"picked":"Machine Learning","floor":16},{"not_picked":["Redo","Sweeping Beam"],"picked":"Coolheaded","floor":18},{"not_picked":["Steam","Static Discharge+1"],"picked":"Stack","floor":19},{"not_picked":["Leap","Double Energy"],"picked":"Compile Driver","floor":20},{"not_picked":["Aggregate","Cold Snap+1"],"picked":"Sweeping Beam+1","floor":23},{"not_picked":["Rebound+1","Go for the Eyes"],"picked":"Streamline+1","floor":24},{"not_picked":["Genetic Algorithm","Leap"],"picked":"Hologram","floor":25},{"not_picked":["Cold Snap","Streamline"],"picked":"Leap+1","floor":28},{"not_picked":["Thunder Strike","Sweeping Beam"],"picked":"Reprogram","floor":29},{"not_picked":["Turbo","BootSequence"],"picked":"Steam","floor":31},{"not_picked":["Hyperbeam","Biased Cognition"],"picked":"Echo Form","floor":33},{"not_picked":["Self Repair","Recycle","Fusion+1"],"picked":"FTL+1","floor":35},{"not_picked":["Rebound+1","Core Surge","Steam"],"picked":"Consume+1","floor":37},{"not_picked":["Gash","Compile Driver+1","Steam"],"picked":"Force Field+1","floor":41},{"not_picked":["Reinforced Body","Sunder","Compile Driver"],"picked":"Conserve Battery+1","floor":42},{"not_picked":["Consume","Steam+1","Compile Driver"],"picked":"Stack","floor":45},{"not_picked":["Beam Cell+1","Ball Lightning+1","Sunder"],"picked":"Gash+1","floor":46},{"not_picked":["White Noise","Barrage","Core Surge"],"picked":"Hello World","floor":47}],"player_experience":582850,"relics_obtained":[{"floor":3,"key":"Whetstone"},{"floor":9,"key":"Kunai"},{"floor":11,"key":"Matryoshka"},{"floor":23,"key":"Nunchaku"},{"floor":23,"key":"Bottled Tornado"},{"floor":26,"key":"Oddly Smooth Stone"},{"floor":34,"key":"Happy Flower"},{"floor":34,"key":"Question Card"},{"floor":34,"key":"Calipers"},{"floor":43,"key":"Pen Nib"},{"floor":43,"key":"Boot"}],"event_choices":[{"cards_removed":["Strike_B"],"damage_healed":0,"gold_gain":0,"player_choice":"Card Removal","damage_taken":0,"max_hp_gain":0,"max_hp_loss":0,"event_name":"The Cleric","floor":2,"gold_loss":50},{"damage_healed":0,"gold_gain":75,"player_choice":"Gather Gold","damage_taken":11,"max_hp_gain":0,"max_hp_loss":0,"event_name":"World of Goop","floor":4,"gold_loss":0},{"cards_removed":["Strike_B"],"damage_healed":0,"gold_gain":0,"player_choice":"Offered Basic","damage_taken":0,"max_hp_gain":0,"max_hp_loss":0,"event_name":"Bonfire Elementals","floor":6,"gold_loss":0},{"damage_healed":0,"gold_gain":0,"player_choice":"Damaged","damage_taken":7,"max_hp_gain":0,"max_hp_loss":0,"event_name":"Wheel of Change","floor":10,"gold_loss":0},{"damage_healed":0,"gold_gain":0,"player_choice":"Trade","damage_taken":0,"relics_obtained":["FaceOfCleric"],"max_hp_gain":0,"max_hp_loss":0,"event_name":"FaceTrader","floor":14,"gold_loss":0},{"damage_healed":0,"gold_gain":0,"player_choice":"Opened","damage_taken":0,"relics_obtained":["Omamori"],"max_hp_gain":0,"max_hp_loss":0,"event_name":"The Mausoleum","floor":21,"gold_loss":0},{"damage_healed":0,"gold_gain":0,"player_choice":"Paid Fearfully","damage_taken":0,"max_hp_gain":0,"max_hp_loss":0,"event_name":"Masked Bandits","floor":22,"gold_loss":4},{"damage_healed":0,"gold_gain":0,"player_choice":"Fight","damage_taken":0,"max_hp_gain":0,"max_hp_loss":0,"event_name":"Colosseum","floor":23,"gold_loss":0},{"damage_healed":0,"gold_gain":0,"player_choice":"Fought Nobs","damage_taken":0,"max_hp_gain":0,"max_hp_loss":0,"event_name":"Colosseum","floor":23,"gold_loss":0},{"damage_healed":0,"gold_gain":0,"player_choice":"Embrace Madness","damage_taken":11,"max_hp_gain":0,"max_hp_loss":0,"event_name":"Winding Halls","floor":36,"gold_loss":0,"cards_obtained":["Madness","Madness"]},{"cards_removed":["Defend_B"],"damage_healed":0,"gold_gain":0,"player_choice":"Removed Skill","damage_taken":0,"max_hp_gain":0,"max_hp_loss":0,"event_name":"Falling","floor":38,"gold_loss":0}],"is_beta":false,"boss_relics":[{"not_picked":["Sozu","Orrery"],"picked":"Lizard Tail"},{"not_picked":["Velvet Choker","Inserter"],"picked":"Calling Bell"}],"items_purged_floors":[],"is_endless":false,"potions_floor_spawned":[5,11,12,16,18,19,23,29,33,41,42],"killed_by":"Nemesis","ascension_level":0}