{"gold_per_floor":[115,134,147,163,175,175,190,190,190,190,203,203,219,31,31,31],"floor_reached":16,"playtime":683,"items_purged":[],"score":149,"play_id":"a13c35e9-3dfd-4481-ab6b-92e39c5f18ea","local_time":"20190728230807","is_ascension_mode":true,"campfire_choices":[{"data":"Dash","floor":6,"key":"SMITH"},{"data":"Neutralize","floor":8,"key":"SMITH"},{"floor":10,"key":"REST"},{"data":"Blur","floor":12,"key":"SMITH"},{"data":"Dash","floor":15,"key":"SMITH"}],"neow_cost":"NONE","seed_source_timestamp":253064968481100,"circlet_count":0,"master_deck":["AscendersBane","Strike_G","Strike_G","Strike_G","Strike_G","Strike_G","Defend_G","Defend_G","Defend_G","Defend_G","Defend_G","Survivor","Neutralize+1","Choke","Dash+1","Bane","Blur+1","Riddle With Holes","Dash+1","Backstab"],"relics":["Ring of the Snake","Centennial Puzzle","Lantern","Orichalcum"],"potions_floor_usage":[5,16,16],"damage_taken":[{"damage":1,"enemies":"Jaw Worm","floor":1,"turns":3},{"damage":4,"enemies":"2 Louse","floor":2,"turns":4},{"damage":4,"enemies":"Cultist","floor":3,"turns":3},{"damage":15,"enemies":"Exordium Thugs","floor":4,"turns":3},{"damage":13,"enemies":"Gremlin Gang","floor":5,"turns":4},{"damage":3,"enemies":"Looter","floor":7,"turns":3},{"damage":0,"enemies":"2 Fungi Beasts","floor":11,"turns":3},{"damage":0,"enemies":"3 Louse","floor":13,"turns":3},{"damage":50,"enemies":"Hexaghost","floor":16,"turns":18}],"seed_played":"-3345939368255724248","potions_obtained":[{"floor":1,"key":"Poison Potion"},{"floor":2,"key":"Dexterity Potion"},{"floor":5,"key":"SpeedPotion"},{"floor":13,"key":"Energy Potion"}],"is_trial":false,"path_per_floor":["M","M","M","M","M","R","M","R","T","R","M","R","M","$","R","B"],"character_chosen":"THE_SILENT","items_purchased":["Orichalcum","Backstab"],"campfire_rested":1,"item_purchase_floors":[14,14],"current_hp_per_floor":[62,58,54,39,26,26,23,23,23,44,44,44,44,44,44,0],"gold":31,"neow_bonus":"RANDOM_COMMON_RELIC","is_prod":false,"is_daily":false,"chose_seed":false,"campfire_upgraded":4,"win_rate":0,"timestamp":1564322887,"path_taken":["M","M","M","M","M","R","M","R","T","R","M","R","M","$","R","BOSS"],"build_version":"2019-07-17","purchased_purges":0,"victory":false,"max_hp_per_floor":[70,70,70,70,70,70,70,70,70,70,70,70,70,70,70,70],"card_choices":[{"not_picked":["Reflex","Poisoned Stab"],"picked":"Choke","floor":1},{"not_picked":["Quick Slash","Bane"],"picked":"Dash","floor":2},{"not_picked":["Underhanded Strike","Poisoned Stab","Blade Dance"],"picked":"SKIP","floor":3},{"not_picked":["Prepared","Quick Slash"],"picked":"Bane","floor":4},{"not_picked":["Envenom","Quick Slash"],"picked":"Blur","floor":5},{"not_picked":["Prepared","Heel Hook"],"picked":"Riddle With Holes","floor":7},{"not_picked":["Setup","Slice","Bane"],"picked":"SKIP","floor":11},{"not_picked":["Crippling Poison","Slice"],"picked":"Dash","floor":13}],"player_experience":496916,"relics_obtained":[{"floor":9,"key":"Lantern"}],"event_choices":[],"is_beta":false,"boss_relics":[],"items_purged_floors":[],"is_endless":false,"potions_floor_spawned":[1,2,5,13],"killed_by":"Hexaghost","ascension_level":11}