{"gold_per_floor":[219,104,115,133,148,148,182,182,209,209,209,227,247,267,267,372,372,389,29,44,44,63,63],"floor_reached":23,"playtime":2238,"items_purged":["Strike_G","Defend_G"],"score":242,"play_id":"8064c403-b149-4c0b-8809-57f48c63b4d9","local_time":"20181110022709","is_ascension_mode":true,"campfire_choices":[{"data":"Leg Sweep","floor":6,"key":"SMITH"},{"data":"Predator","floor":8,"key":"SMITH"},{"data":"Footwork","floor":10,"key":"SMITH"},{"data":"Cloak And Dagger","floor":15,"key":"SMITH"}],"neow_cost":"NONE","seed_source_timestamp":2091271256532979,"circlet_count":0,"master_deck":["Defend_G","Defend_G","Defend_G","Defend_G","Strike_G","Strike_G","Strike_G","Survivor","Neutralize","Dagger Spray+1","Footwork+1","Leg Sweep+1","PiercingWail","Crippling Poison","Predator+1","Cloak And Dagger+1","Accuracy","Prepared","Corpse Explosion","Expertise","Backflip","Dodge and Roll+1","Backstab"],"relics":["Ring of the Snake","Oddly Smooth Stone","Potion Belt","WristBlade","ClockworkSouvenir"],"potions_floor_usage":[16,16,16,16,20,23],"damage_taken":[{"damage":7,"enemies":"Small Slimes","floor":1,"turns":5},{"damage":0,"enemies":"Cultist","floor":3,"turns":4},{"damage":4,"enemies":"2 Louse","floor":4,"turns":2},{"damage":1,"enemies":"2 Fungi Beasts","floor":5,"turns":5},{"damage":4,"enemies":"3 Sentries","floor":7,"turns":13},{"damage":0,"enemies":"Looter","floor":12,"turns":4},{"damage":6,"enemies":"3 Louse","floor":13,"turns":3},{"damage":0,"enemies":"Exordium Wildlife","floor":14,"turns":8},{"damage":49,"enemies":"Hexaghost","floor":16,"turns":18},{"damage":2,"enemies":"Shell Parasite","floor":18,"turns":9},{"damage":15,"enemies":"2 Thieves","floor":20,"turns":2},{"damage":20,"enemies":"Centurion and Healer","floor":22,"turns":6},{"damage":35,"enemies":"Gremlin Leader","floor":23,"turns":6}],"seed_played":"-5043937127740197793","potions_obtained":[{"floor":3,"key":"Regen Potion"},{"floor":5,"key":"Weak Potion"},{"floor":12,"key":"Ancient Potion"},{"floor":13,"key":"PowerPotion"},{"floor":18,"key":"AttackPotion"},{"floor":20,"key":"FearPotion"}],"is_trial":false,"path_per_floor":["M","$","M","M","M","R","E","R","T","R","?","M","M","M","R","B",null,"M","$","M","?","M","E"],"character_chosen":"THE_SILENT","items_purchased":["Footwork","ClockworkSouvenir","Backflip"],"campfire_rested":0,"item_purchase_floors":[2,19,19],"current_hp_per_floor":[63,63,63,59,58,58,54,54,54,54,54,54,48,48,48,11,70,68,68,53,53,33,0],"gold":63,"neow_bonus":"HUNDRED_GOLD","is_prod":false,"is_daily":false,"chose_seed":false,"campfire_upgraded":4,"win_rate":0,"timestamp":1541845629,"path_taken":["M","$","M","M","M","R","E","R","T","R","?","M","?","M","R","BOSS","M","$","M","?","M","E"],"build_version":"2018-11-08","purchased_purges":2,"victory":false,"max_hp_per_floor":[70,70,70,70,70,70,70,70,70,70,70,70,70,70,70,70,70,70,70,70,70,70,70],"card_choices":[{"not_picked":["Slice","Masterful Stab"],"picked":"Dagger Spray","floor":1},{"not_picked":["Flying Knee","Caltrops"],"picked":"Leg Sweep","floor":3},{"not_picked":["Outmaneuver","Footwork"],"picked":"PiercingWail","floor":4},{"not_picked":["Leg Sweep","Outmaneuver"],"picked":"Crippling Poison","floor":5},{"not_picked":["Masterful Stab","Heel Hook"],"picked":"Predator","floor":7},{"not_picked":["Predator","Reflex"],"picked":"Cloak And Dagger","floor":12},{"not_picked":["Acrobatics","Finisher"],"picked":"Accuracy","floor":13},{"not_picked":["Slice","Underhanded Strike"],"picked":"Prepared","floor":14},{"not_picked":["Tools of the Trade","Phantasmal Killer"],"picked":"Corpse Explosion","floor":16},{"not_picked":["Masterful Stab","Quick Slash"],"picked":"Expertise","floor":18},{"not_picked":["Deflect","Catalyst"],"picked":"Dodge and Roll+1","floor":20},{"not_picked":["Sucker Punch+1","Dash"],"picked":"Backstab","floor":22}],"player_experience":253628,"relics_obtained":[{"floor":7,"key":"Oddly Smooth Stone"},{"floor":9,"key":"Potion Belt"}],"event_choices":[{"cards_removed":["Strike_G"],"damage_healed":0,"gold_gain":0,"player_choice":"Offered Basic","damage_taken":0,"max_hp_gain":0,"max_hp_loss":0,"event_name":"Bonfire Elementals","floor":11,"gold_loss":0},{"damage_healed":0,"gold_gain":0,"player_choice":"Forge","damage_taken":0,"max_hp_gain":0,"max_hp_loss":0,"event_name":"Accursed Blacksmith","floor":21,"gold_loss":0,"cards_upgraded":["Dagger Spray"]}],"is_beta":false,"boss_relics":[{"not_picked":["Astrolabe","Runic Pyramid"],"picked":"WristBlade"}],"items_purged_floors":[2,19],"is_endless":false,"potions_floor_spawned":[3,5,12,13,18,20],"killed_by":"Gremlin Leader","ascension_level":2}