{"gold_per_floor":[116,193,193,45,45,75,75,92,92,92,125,14,14,14,14,118,118,135,135,35,35,60,60,95,95,95,105,105,17,34,34,34,139,139,149,167,181,194,213,213,242,342,342,360,360,377,14,29,29,29],"floor_reached":51,"playtime":2944,"items_purged":["Strike_G","Defend_G","Survivor"],"score":1006,"play_id":"2b1c6987-a35d-436e-af4e-a95618de96b7","local_time":"20190723190537","is_ascension_mode":true,"campfire_choices":[{"data":"Cloak And Dagger","floor":7,"key":"SMITH"},{"data":"Dash","floor":10,"key":"SMITH"},{"data":"Footwork","floor":13,"key":"SMITH"},{"data":"Crippling Poison","floor":15,"key":"SMITH"},{"floor":23,"key":"REST"},{"data":"Noxious Fumes","floor":25,"key":"SMITH"},{"data":"Panacea","floor":32,"key":"SMITH"},{"floor":40,"key":"REST"},{"floor":45,"key":"REST"},{"floor":49,"key":"REST"}],"neow_cost":"NONE","seed_source_timestamp":364938694101500,"circlet_count":0,"master_deck":["Strike_G+1","Strike_G+1","Strike_G+1","Strike_G+1","Defend_G+1","Defend_G+1","Defend_G+1","Defend_G+1","Neutralize+1","Backstab","Noxious Fumes+1","Cloak And Dagger+1","Dash+1","Noxious Fumes","Footwork+1","Crippling Poison+1","Corpse Explosion","Bane+1","RitualDagger","Panacea+1","Escape Plan","Storm of Steel","Backflip+1","Deadly Poison+1","Terror+1","Bane+1","Prepared+1","Backflip+1"],"relics":["Ring of the Serpent","NeowsBlessing","Pantograph","Ornamental Fan","Ancient Tea Set","Vajra","Nilry\u0027s Codex","Potion Belt","Bottled Lightning","Nunchaku","Black Star","Dream Catcher","Strawberry","Bottled Tornado","Kunai"],"potions_floor_usage":[16,33,35,37,39,50,50,50],"damage_taken":[{"damage":0,"enemies":"Cultist","floor":1,"turns":1},{"damage":0,"enemies":"Lagavulin","floor":6,"turns":1},{"damage":0,"enemies":"2 Louse","floor":8,"turns":1},{"damage":17,"enemies":"3 Sentries","floor":11,"turns":8},{"damage":20,"enemies":"Slime Boss","floor":16,"turns":7},{"damage":0,"enemies":"Shell Parasite","floor":18,"turns":6},{"damage":2,"enemies":"Book of Stabbing","floor":24,"turns":5},{"damage":0,"enemies":"Chosen","floor":27,"turns":4},{"damage":4,"enemies":"3 Cultists","floor":30,"turns":3},{"damage":65,"enemies":"Champ","floor":33,"turns":13},{"damage":17,"enemies":"3 Darklings","floor":35,"turns":3},{"damage":11,"enemies":"Orb Walker","floor":36,"turns":6},{"damage":19,"enemies":"Transient","floor":37,"turns":5},{"damage":2,"enemies":"Spire Growth","floor":38,"turns":6},{"damage":0,"enemies":"4 Shapes","floor":39,"turns":4},{"damage":14,"enemies":"Nemesis","floor":41,"turns":9},{"damage":16,"enemies":"Sphere and 2 Shapes","floor":44,"turns":7},{"damage":3,"enemies":"Jaw Worm Horde","floor":46,"turns":7},{"damage":17,"enemies":"Transient","floor":48,"turns":5},{"damage":11,"enemies":"Donu and Deca","floor":50,"turns":6}],"seed_played":"-3183663179754799519","potions_obtained":[{"floor":1,"key":"Ancient Potion"},{"floor":16,"key":"GamblersBrew"},{"floor":24,"key":"SkillPotion"},{"floor":33,"key":"SkillPotion"},{"floor":38,"key":"Dexterity Potion"},{"floor":41,"key":"Block Potion"},{"floor":44,"key":"Strength Potion"},{"floor":46,"key":"SkillPotion"},{"floor":48,"key":"Fire Potion"}],"is_trial":false,"path_per_floor":["M","T","?","$","$","E","R","M","T","R","E","$","R","?","R","B",null,"M","?","$","?","T","R","E","R","T","M","?","$","M","$","R","B",null,"M","M","M","M","M","R","E","?","T","M","R","M","$","M","R","B",null],"character_chosen":"THE_SILENT","items_purchased":["Noxious Fumes","Footwork","Crippling Poison","Panacea","Kunai"],"campfire_rested":4,"item_purchase_floors":[4,12,12,29,47],"current_hp_per_floor":[63,63,63,63,63,63,63,63,63,63,46,46,46,69,69,50,65,65,49,49,49,49,70,68,68,68,68,62,62,58,58,58,5,54,37,26,7,5,5,26,19,19,19,3,26,23,23,6,29,43],"gold":29,"neow_bonus":"THREE_ENEMY_KILL","is_prod":false,"is_daily":false,"chose_seed":false,"campfire_upgraded":6,"win_rate":0,"timestamp":1563876337,"path_taken":["M","?","?","?","$","E","R","M","T","R","E","$","R","?","R","BOSS","M","?","$","?","?","R","E","R","T","M","?","$","M","?","R","BOSS","M","M","M","M","M","R","E","?","T","M","R","?","$","M","R","BOSS"],"build_version":"2019-07-17","purchased_purges":3,"victory":true,"max_hp_per_floor":[70,70,70,70,70,70,70,70,70,70,70,70,70,70,70,70,70,70,70,70,70,70,70,70,70,70,70,70,70,70,70,70,70,70,70,70,70,70,70,70,77,77,77,77,77,77,77,77,77,77],"card_choices":[{"not_picked":["Quick Slash","Deadly Poison"],"picked":"Backstab","floor":1},{"not_picked":["Outmaneuver","PiercingWail"],"picked":"Cloak And Dagger","floor":6},{"not_picked":["Slice","Eviscerate"],"picked":"Dash","floor":8},{"not_picked":["Endless Agony","Burst"],"picked":"Noxious Fumes","floor":11},{"not_picked":["Phantasmal Killer","Glass Knife"],"picked":"Corpse Explosion","floor":16},{"not_picked":["Sucker Punch","Flying Knee+1"],"picked":"Bane+1","floor":18},{"not_picked":["Setup","Blade Dance","Crippling Poison"],"picked":"SKIP","floor":24},{"not_picked":["Endless Agony","Envenom","Infinite Blades"],"picked":"SKIP","floor":27},{"not_picked":["Flying Knee","PiercingWail"],"picked":"Escape Plan","floor":30},{"not_picked":["Night Terror","Envenom"],"picked":"Storm of Steel","floor":33},{"not_picked":["PiercingWail+1","Acrobatics"],"picked":"Backflip+1","floor":35},{"not_picked":["Dodge and Roll+1","Sucker Punch"],"picked":"Deadly Poison+1","floor":36},{"not_picked":["Distraction+1","Riddle With Holes"],"picked":"Terror+1","floor":37},{"not_picked":["Noxious Fumes","Deflect","Distraction+1"],"picked":"SKIP","floor":38},{"not_picked":["Heel Hook","Dodge and Roll+1","Infinite Blades"],"picked":"SKIP","floor":39},{"not_picked":["Dodge and Roll","Skewer+1"],"picked":"Bane+1","floor":41},{"not_picked":["Deadly Poison","Slice+1","Terror"],"picked":"SKIP","floor":44},{"not_picked":["Quick Slash+1","PiercingWail+1"],"picked":"Prepared+1","floor":46},{"not_picked":["Sucker Punch","Skewer+1"],"picked":"Backflip+1","floor":48}],"player_experience":434109,"relics_obtained":[{"floor":2,"key":"Pantograph"},{"floor":6,"key":"Ornamental Fan"},{"floor":9,"key":"Ancient Tea Set"},{"floor":11,"key":"Vajra"},{"floor":19,"key":"Nilry\u0027s Codex"},{"floor":22,"key":"Potion Belt"},{"floor":24,"key":"Bottled Lightning"},{"floor":26,"key":"Nunchaku"},{"floor":41,"key":"Dream Catcher"},{"floor":41,"key":"Strawberry"},{"floor":43,"key":"Bottled Tornado"}],"event_choices":[{"damage_healed":0,"gold_gain":0,"player_choice":"Grow","damage_taken":0,"max_hp_gain":0,"max_hp_loss":0,"event_name":"Living Wall","floor":3,"gold_loss":0,"cards_upgraded":["Neutralize"]},{"damage_healed":23,"gold_gain":0,"player_choice":"Banana","damage_taken":0,"max_hp_gain":0,"max_hp_loss":0,"event_name":"Big Fish","floor":14,"gold_loss":0},{"damage_healed":0,"gold_gain":0,"player_choice":"Obtained Book","damage_taken":16,"max_hp_gain":0,"max_hp_loss":0,"event_name":"Cursed Tome","floor":19,"gold_loss":0},{"damage_healed":0,"gold_gain":0,"player_choice":"Simplicity","damage_taken":0,"max_hp_gain":0,"max_hp_loss":0,"event_name":"Back to Basics","floor":21,"gold_loss":0,"cards_upgraded":["Strike_G","Strike_G","Strike_G","Strike_G","Defend_G","Defend_G","Defend_G","Defend_G"]},{"damage_healed":0,"gold_gain":0,"player_choice":"Joined the Cult","damage_taken":6,"max_hp_gain":0,"max_hp_loss":0,"event_name":"Nest","floor":28,"gold_loss":0,"cards_obtained":["RitualDagger"]},{"damage_healed":0,"gold_gain":100,"player_choice":"Pray","damage_taken":0,"max_hp_gain":0,"max_hp_loss":0,"event_name":"Golden Shrine","floor":42,"gold_loss":0}],"is_beta":false,"boss_relics":[{"not_picked":["Velvet Choker","Runic Dome"],"picked":"Ring of the Serpent"},{"not_picked":["Astrolabe","Pandora\u0027s Box"],"picked":"Black Star"}],"items_purged_floors":[4,20,47],"is_endless":false,"potions_floor_spawned":[1,16,24,33,38,41,44,46,48],"ascension_level":8}