{"path_per_floor":["M","M","?","?","M","R","E","?","T","E","M","R","M","?","R"],"character_chosen":"DEFECT","items_purchased":[],"gold_per_floor":[116,132,82,82,96,96,135,210,210,254,279,279,298,473,473,473],"floor_reached":16,"campfire_rested":3,"playtime":662,"current_hp_per_floor":[82,81,81,61,61,82,47,36,36,25,10,34,29,29,53,0],"items_purged":[],"gold":473,"score":121,"play_id":"9dad5f42-240b-4118-b62a-b67c8820ca35","local_time":"20180505214230","is_prod":false,"is_daily":false,"chose_seed":false,"is_ascension_mode":true,"campfire_upgraded":0,"timestamp":1525524150,"path_taken":["M","M","?","?","M","R","E","?","T","E","M","R","M","?","R","BOSS"],"build_version":"2018-05-03","seed_source_timestamp":247597190985462,"purchased_purges":0,"victory":false,"master_deck":["Strike_B","Strike_B","Strike_B","Defend_B","Defend_B","Defend_B","Defend_B","Zap","Dualcast","Chill","Double Energy","Storm","Multi-Cast","Ball Lightning","Ball Lightning","Doom and Gloom","Doubt"],"max_hp_per_floor":[82,82,82,82,82,82,82,82,82,82,82,82,82,82,82,82],"relics":["Cracked Core","Golden Idol","Bottled Flame","Prayer Wheel","Juzu Bracelet"],"card_choices":[{"not_picked":["Impulse","Chaos"],"picked":"Chill","floor":1},{"not_picked":["Leap","Hologram"],"picked":"Double Energy","floor":2},{"not_picked":["Steam Power","Cold Snap"],"picked":"Storm","floor":5},{"not_picked":["Skim","Double Energy"],"picked":"Multi-Cast","floor":7},{"not_picked":["Hologram","Go for the Eyes"],"picked":"Ball Lightning","floor":10},{"not_picked":["Go for the Eyes","Coolheaded"],"picked":"Ball Lightning","floor":11},{"not_picked":["Rebound","Stack"],"picked":"Doom and Gloom","floor":13}],"player_experience":520517,"potions_floor_usage":[7,7,16],"damage_taken":[{"damage":0,"enemies":"2 Louse","floor":1,"turns":2},{"damage":1,"enemies":"Small Slimes","floor":2,"turns":3},{"damage":0,"enemies":"Cultist","floor":5,"turns":4},{"damage":35,"enemies":"Gremlin Nob","floor":7,"turns":6},{"damage":11,"enemies":"3 Sentries","floor":10,"turns":14},{"damage":15,"enemies":"Looter","floor":11,"turns":3},{"damage":5,"enemies":"3 Louse","floor":13,"turns":4},{"damage":53,"enemies":"Hexaghost","floor":16,"turns":10}],"event_choices":[{"event_name":"The Cleric","player_choice":"Card Removal","floor":3,"damage_taken":0},{"event_name":"Golden Idol","player_choice":"Take Damage","floor":4,"damage_taken":0},{"event_name":"World of Goop","player_choice":"Gather Gold","floor":8,"damage_taken":0},{"event_name":"Liars Game","player_choice":"agreed","floor":14,"damage_taken":0}],"boss_relics":[],"potions_floor_spawned":[2,5,10],"seed_played":"8227372340493454830","killed_by":"Hexaghost","ascension_level":2,"is_trial":false}