{"gold_per_floor":[112,112,112,132,151,151,176,176,176,29,60,87,99],"floor_reached":13,"playtime":599,"items_purged":[],"score":107,"play_id":"97c95b87-98a5-47ae-8944-00dce855598c","local_time":"20190723074544","is_ascension_mode":true,"campfire_choices":[{"data":"Zap","floor":6,"key":"SMITH"},{"data":"Go for the Eyes","floor":8,"key":"SMITH"}],"neow_cost":"NONE","seed_source_timestamp":326498637489900,"circlet_count":0,"master_deck":["Strike_B","Strike_B","Strike_B","Strike_B","Defend_B","Defend_B","Defend_B","Defend_B","Zap+1","Dualcast","Capacitor","Capacitor","Conserve Battery","Go for the Eyes+1","Defragment","Ball Lightning"],"relics":["Cracked Core","NeowsBlessing","Dodecahedron","Gremlin Horn","Ancient Tea Set","Blood Vial","MawBank"],"potions_floor_usage":[7,7,11,12,13,13],"damage_taken":[{"damage":0,"enemies":"2 Louse","floor":1,"turns":1},{"damage":0,"enemies":"Jaw Worm","floor":4,"turns":1},{"damage":0,"enemies":"Cultist","floor":5,"turns":1},{"damage":16,"enemies":"Gremlin Nob","floor":7,"turns":3},{"damage":55,"enemies":"3 Sentries","floor":11,"turns":11},{"damage":1,"enemies":"Blue Slaver","floor":12,"turns":5},{"damage":10,"enemies":"Large Slime","floor":13,"turns":4}],"seed_played":"1711939357710693992","potions_obtained":[{"floor":3,"key":"SmokeBomb"},{"floor":3,"key":"PowerPotion"},{"floor":3,"key":"EntropicBrew"},{"floor":4,"key":"Strength Potion"},{"floor":7,"key":"SpeedPotion"},{"floor":12,"key":"Explosive Potion"}],"is_trial":false,"path_per_floor":["M","?","?","M","M","R","E","R","T","$","E","M","M"],"character_chosen":"DEFECT","items_purchased":["Blood Vial"],"campfire_rested":0,"item_purchase_floors":[10],"current_hp_per_floor":[75,72,72,72,72,72,56,56,56,56,3,4,0],"gold":99,"neow_bonus":"THREE_ENEMY_KILL","is_prod":false,"is_daily":false,"chose_seed":false,"campfire_upgraded":2,"win_rate":0,"timestamp":1563835544,"path_taken":["M","?","?","?","M","R","E","R","T","$","E","M","M"],"build_version":"2019-07-17","purchased_purges":0,"victory":false,"max_hp_per_floor":[75,75,75,75,75,75,75,75,75,75,75,75,75],"card_choices":[{"not_picked":["Conserve Battery","Compile Driver"],"picked":"Capacitor","floor":1},{"not_picked":["Hologram","Beam Cell"],"picked":"Capacitor","floor":4},{"not_picked":["Rebound","Reinforced Body"],"picked":"Conserve Battery","floor":5},{"not_picked":["Barrage","Recycle"],"picked":"Go for the Eyes","floor":7},{"not_picked":["Cold Snap","Buffer"],"picked":"Defragment","floor":11},{"not_picked":["Steam","Doom and Gloom"],"picked":"Ball Lightning","floor":12}],"player_experience":408495,"relics_obtained":[{"floor":7,"key":"Gremlin Horn"},{"floor":9,"key":"Ancient Tea Set"},{"floor":11,"key":"MawBank"}],"event_choices":[{"damage_healed":0,"gold_gain":0,"player_choice":"Success","damage_taken":3,"relics_obtained":["Dodecahedron"],"max_hp_gain":0,"max_hp_loss":0,"event_name":"Scrap Ooze","floor":2,"gold_loss":0},{"damage_healed":0,"gold_gain":0,"player_choice":"Got Potions","damage_taken":0,"max_hp_gain":0,"max_hp_loss":0,"event_name":"Lab","floor":3,"gold_loss":0}],"is_beta":false,"boss_relics":[],"items_purged_floors":[],"is_endless":false,"potions_floor_spawned":[4,7,12],"killed_by":"Large Slime","ascension_level":3}