{"gold_per_floor":[117,133,150,165,165,193,193,193,218,218,249,249],"floor_reached":12,"playtime":688,"items_purged":[],"score":88,"play_id":"e49c5b52-e9e3-4d04-9fc6-61aeeba89c99","local_time":"20181202053217","is_ascension_mode":false,"campfire_choices":[{"floor":7,"key":"REST"},{"data":"Defragment","floor":10,"key":"SMITH"}],"neow_cost":"PERCENT_DAMAGE","seed_source_timestamp":371167441529700,"circlet_count":0,"master_deck":["Strike_B","Strike_B","Strike_B","Strike_B","Defend_B","Defend_B","Defend_B","Defend_B","Zap","Dualcast","Sweeping Beam","Hologram","Defragment+1","Storm","Regret","Skim","Conserve Battery"],"relics":["Cracked Core","Mummified Hand","Molten Egg 2","Bottled Tornado","Regal Pillow","Happy Flower"],"potions_floor_usage":[6,12,12],"damage_taken":[{"damage":2,"enemies":"2 Louse","floor":1,"turns":2},{"damage":5,"enemies":"Jaw Worm","floor":2,"turns":4},{"damage":5,"enemies":"Small Slimes","floor":3,"turns":3},{"damage":8,"enemies":"Exordium Wildlife","floor":4,"turns":4},{"damage":25,"enemies":"Gremlin Nob","floor":6,"turns":5},{"damage":44,"enemies":"3 Sentries","floor":11,"turns":8},{"damage":10,"enemies":"3 Louse","floor":12,"turns":2}],"seed_played":"-8228876933901039182","potions_obtained":[{"floor":2,"key":"Block Potion"},{"floor":6,"key":"SteroidPotion"},{"floor":11,"key":"GamblersBrew"}],"is_trial":false,"path_per_floor":["M","M","M","M","?","E","R","T","T","R","E","M"],"character_chosen":"DEFECT","items_purchased":[],"campfire_rested":1,"item_purchase_floors":[],"current_hp_per_floor":[66,61,56,48,48,23,49,49,49,49,5,0],"gold":249,"neow_bonus":"TWENTY_PERCENT_HP_BONUS","is_prod":false,"is_daily":false,"chose_seed":false,"campfire_upgraded":1,"win_rate":0,"timestamp":1543696337,"path_taken":["M","M","M","M","?","E","R","?","T","R","E","M"],"build_version":"2018-11-15","purchased_purges":0,"victory":false,"max_hp_per_floor":[89,89,89,89,89,89,89,89,89,89,89,89],"card_choices":[{"not_picked":["Reinforced Body","Auto Shields"],"picked":"Sweeping Beam","floor":1},{"not_picked":["Stack","Beam Cell"],"picked":"Hologram","floor":2},{"not_picked":["Coolheaded","Rainbow"],"picked":"Defragment","floor":3},{"not_picked":["Fusion","Stack"],"picked":"Storm","floor":4},{"not_picked":["Redo","Loop"],"picked":"Skim","floor":6},{"not_picked":["BootSequence","Rebound+1"],"picked":"Conserve Battery","floor":11}],"player_experience":573114,"relics_obtained":[{"floor":6,"key":"Molten Egg 2"},{"floor":8,"key":"Bottled Tornado"},{"floor":9,"key":"Regal Pillow"},{"floor":11,"key":"Happy Flower"}],"event_choices":[{"damage_healed":0,"gold_gain":0,"player_choice":"Box","damage_taken":0,"relics_obtained":["Mummified Hand"],"max_hp_gain":0,"max_hp_loss":0,"event_name":"Big Fish","floor":5,"gold_loss":0,"cards_obtained":["Regret"]}],"is_beta":false,"boss_relics":[],"items_purged_floors":[],"is_endless":false,"potions_floor_spawned":[2,6,11],"killed_by":"3 Louse","ascension_level":0}