{"gold_per_floor":[115,132,132,142,142,142,177,177,177,177,254,268,285,17,17,117,117,133,152,152,152,152,152,52,52,120,120,120,120,120,137,137,233,233,246,121,121,121,121,121,150,150,150,150,150,165,182,200,200,200],"floor_reached":51,"playtime":1037,"items_purged":["Defend_R","Strike_R","Defend_R"],"score":744,"play_id":"5e3929db-b1c0-4515-bdb4-1879188085b4","local_time":"20190811033237","is_ascension_mode":false,"campfire_choices":[{"data":"Bash","floor":6.0,"key":"SMITH"},{"data":"Spot Weakness","floor":8.0,"key":"SMITH"},{"data":"Spot Weakness","floor":10.0,"key":"SMITH"},{"data":"Flame Barrier","floor":15.0,"key":"SMITH"},{"data":"Limit Break","floor":23.0,"key":"SMITH"},{"data":"Twin Strike","floor":25.0,"key":"SMITH"},{"data":"Headbutt","floor":28.0,"key":"SMITH"},{"data":"Defend_R","floor":30.0,"key":"SMITH"},{"floor":32.0,"key":"REST"},{"data":"Mayhem","floor":40,"key":"SMITH"},{"floor":42,"key":"REST"},{"data":"Immolate","floor":45,"key":"SMITH"},{"floor":49,"key":"REST"}],"neow_cost":"NONE","seed_source_timestamp":2217074872204,"circlet_count":0,"master_deck":["Strike_R","Defend_R+1","Bash+1","Flame Barrier+1","Spot Weakness+1","Spot Weakness+1","Bash+1","Twin Strike+1","Headbutt+1","Limit Break+1","Heavy Blade+1","Immolate+1","Bludgeon+1","Infernal Blade+1","Good Instincts","Good Instincts","Mayhem+1","Inflame+1","Inflame","Sword Boomerang+1"],"special_seed":0,"relics":["White Beast Statue","Pantograph","Pear","Shuriken","Chemical X","Runic Dome","Enchiridion","Mummified Hand","MutagenicStrength","Astrolabe","Pocketwatch","Meat on the Bone"],"potions_floor_usage":[41,41,48,50,50,50,50,50,50],"damage_taken":[{"damage":15.0,"enemies":"Jaw Worm","floor":1.0,"turns":4.0},{"damage":3.0,"enemies":"Cultist","floor":2.0,"turns":5.0},{"damage":0.0,"enemies":"Small Slimes","floor":4.0,"turns":4.0},{"damage":19.0,"enemies":"Lagavulin","floor":7.0,"turns":5.0},{"damage":23.0,"enemies":"Exordium Thugs","floor":12.0,"turns":6.0},{"damage":4.0,"enemies":"Blue Slaver","floor":13.0,"turns":4.0},{"damage":0.0,"enemies":"Slime Boss","floor":16.0,"turns":5.0},{"damage":15.0,"enemies":"2 Thieves","floor":18.0,"turns":3.0},{"damage":5.0,"enemies":"Chosen","floor":19.0,"turns":3.0},{"damage":9.0,"enemies":"Centurion and Healer","floor":31.0,"turns":4.0},{"damage":11.0,"enemies":"Champ","floor":33.0,"turns":9.0},{"damage":7,"enemies":"3 Darklings","floor":35,"turns":3},{"damage":43,"enemies":"Reptomancer","floor":41,"turns":6},{"damage":0,"enemies":"3 Shapes","floor":46,"turns":2},{"damage":23,"enemies":"Maw","floor":47,"turns":5},{"damage":14,"enemies":"4 Shapes","floor":48,"turns":3},{"damage":22,"enemies":"Awakened One","floor":50,"turns":4}],"seed_played":"3544413778595245832","potions_obtained":[{"floor":1.0,"key":"SteroidPotion"},{"floor":2.0,"key":"BloodPotion"},{"floor":4.0,"key":"Ancient Potion"},{"floor":7.0,"key":"LiquidBronze"},{"floor":12.0,"key":"SteroidPotion"},{"floor":13.0,"key":"Energy Potion"},{"floor":16.0,"key":"Ancient Potion"},{"floor":18.0,"key":"Fire Potion"},{"floor":19.0,"key":"Ancient Potion"},{"floor":33.0,"key":"Fire Potion"},{"floor":35,"key":"Energy Potion"},{"floor":41,"key":"EntropicBrew"},{"floor":46,"key":"Block Potion"},{"floor":47,"key":"EssenceOfSteel"},{"floor":48,"key":"Fire Potion"}],"is_trial":false,"path_per_floor":["M","M","?","M","?","R","E","R","T","R","T","M","M","$","R","B",null,"M","M","$","?","?","R","$","R","T","$","R","?","R","M","R","B",null,"M","$","?","?","?","R","E","R","T","?","R","M","M","M","R","B",null],"character_chosen":"IRONCLAD","items_purchased":["Chemical X"],"campfire_rested":3,"item_purchase_floors":[14],"current_hp_per_floor":[65,62,62,62,62,62,61,61,71,71,71,48,44,44,44,69,90,75,70,70,54,54,54,54,54,54,54,54,54,54,45,72,79,90,83,83,83,73,73,73,30,57,57,57,57,57,46,44,71,68],"gold":200,"neow_bonus":"BOSS_RELIC","is_prod":false,"is_daily":false,"chose_seed":false,"campfire_upgraded":10,"win_rate":0,"timestamp":1565515957,"path_taken":["M","M","?","?","?","R","E","R","T","R","?","M","M","$","R","BOSS","M","M","$","?","?","R","$","R","T","?","R","?","R","M","R","BOSS","M","$","?","?","?","R","E","R","T","?","R","M","M","M","R","BOSS"],"build_version":"2019-07-17","purchased_purges":3,"victory":true,"max_hp_per_floor":[80,80,80,80,80,80,80,80,90,90,90,90,90,90,90,90,90,90,90,90,90,90,90,90,90,90,90,90,90,90,90,90,90,90,90,90,90,90,90,90,90,90,90,90,90,90,90,90,90,90],"card_choices":[{"not_picked":["Rampage","Havoc"],"picked":"Flame Barrier","floor":1.0},{"not_picked":["Perfected Strike","True Grit"],"picked":"Spot Weakness","floor":2.0},{"not_picked":["Armaments","Wild Strike"],"picked":"Spot Weakness","floor":4.0},{"not_picked":["Anger","Entrench"],"picked":"Twin Strike","floor":7.0},{"not_picked":["Armaments","Uppercut"],"picked":"Headbutt","floor":12.0},{"not_picked":["Rupture","Searing Blow","Anger"],"picked":"SKIP","floor":13.0},{"not_picked":["Demon Form","Fiend Fire"],"picked":"Limit Break","floor":16.0},{"not_picked":["Body Slam","True Grit","Sentinel"],"picked":"SKIP","floor":18.0},{"not_picked":["Blood for Blood","Power Through","Reckless Charge"],"picked":"SKIP","floor":19.0},{"not_picked":["Clash","Dropkick"],"picked":"Heavy Blade+1","floor":31.0},{"not_picked":["Bludgeon","Double Tap"],"picked":"Immolate","floor":33.0},{"not_picked":["Pommel Strike","Iron Wave","Body Slam+1"],"picked":"SKIP","floor":35},{"not_picked":["Impatience","Transmutation"],"picked":"Good Instincts","floor":38},{"not_picked":["Magnetism","Madness"],"picked":"Good Instincts","floor":38},{"not_picked":["Violence","Mind Blast"],"picked":"Mayhem","floor":38},{"not_picked":["Power Through","Cleave+1"],"picked":"Inflame+1","floor":41},{"not_picked":["Sword Boomerang+1","Thunderclap"],"picked":"Inflame","floor":46},{"not_picked":["Dual Wield","Heavy Blade"],"picked":"Sword Boomerang+1","floor":47},{"not_picked":["Dual Wield+1","Rupture+1","Anger+1"],"picked":"SKIP","floor":48}],"player_experience":1667886,"relics_obtained":[{"floor":7.0,"key":"Pantograph"},{"floor":9.0,"key":"Pear"},{"floor":11.0,"key":"Shuriken"},{"floor":21.0,"key":"Enchiridion"},{"floor":26.0,"key":"Mummified Hand"},{"floor":41,"key":"Pocketwatch"},{"floor":43,"key":"Meat on the Bone"}],"event_choices":[{"damage_healed":0.0,"max_hp_gain":0.0,"max_hp_loss":0.0,"gold_gain":0.0,"event_name":"Accursed Blacksmith","player_choice":"Forge","floor":3.0,"gold_loss":0.0,"damage_taken":0.0,"cards_upgraded":["Bash"]},{"damage_healed":0.0,"max_hp_gain":0.0,"max_hp_loss":0.0,"gold_gain":0.0,"event_name":"Match and Keep!","player_choice":"1 cards matched","floor":5.0,"gold_loss":0.0,"damage_taken":0.0,"cards_obtained":["Bash"]},{"damage_healed":0.0,"max_hp_gain":0.0,"max_hp_loss":0.0,"gold_gain":0.0,"event_name":"Cursed Tome","player_choice":"Obtained Book","floor":21.0,"gold_loss":0.0,"damage_taken":16.0},{"damage_healed":0.0,"max_hp_gain":0.0,"max_hp_loss":0.0,"gold_gain":0.0,"event_name":"Ghosts","player_choice":"Ignored","floor":22.0,"gold_loss":0.0,"damage_taken":0.0},{"damage_healed":0.0,"max_hp_gain":0.0,"max_hp_loss":0.0,"gold_gain":0.0,"event_name":"Drug Dealer","player_choice":"Inject Mutagens","floor":29.0,"gold_loss":0.0,"damage_taken":0.0,"relics_obtained":["MutagenicStrength"]},{"cards_removed":["Ghostly Armor"],"damage_healed":0,"gold_gain":0,"player_choice":"Removed Skill","damage_taken":0,"max_hp_gain":0,"max_hp_loss":0,"event_name":"Falling","floor":37,"gold_loss":0},{"damage_healed":0,"gold_gain":0,"player_choice":"Memory 3","damage_taken":10,"max_hp_gain":0,"max_hp_loss":0,"event_name":"SensoryStone","floor":38,"gold_loss":0},{"damage_healed":0,"gold_gain":0,"player_choice":"Ignored","damage_taken":0,"max_hp_gain":0,"max_hp_loss":0,"event_name":"Tomb of Lord Red Mask","floor":39,"gold_loss":0},{"cards_removed":["Strike_R"],"damage_healed":0,"gold_gain":0,"player_choice":"Purged","damage_taken":0,"max_hp_gain":0,"max_hp_loss":0,"event_name":"Purifier","floor":44,"gold_loss":0}],"is_beta":false,"boss_relics":[{"not_picked":["Snecko Eye","Runic Cube"],"picked":"Runic Dome"},{"not_picked":["Mark of Pain","Pandora\u0027s Box"],"picked":"Astrolabe"}],"items_purged_floors":[14,24,36],"is_endless":false,"potions_floor_spawned":[1,2,4,7,12,13,16,18,19,31,33,35,41,46,47,48],"ascension_level":0}