{"gold_per_floor":[15,15,30,42,55,55,85,85,140,140,140,171,55,66,66,168,168,182,61,76,8,8,8,24,24,24,24,24,24,53,72,72,72],"floor_reached":33,"playtime":1944,"items_purged":["Strike_R"],"score":487,"play_id":"4e7578ad-1b89-4944-a1d1-bc14f178a004","local_time":"20190827125208","is_ascension_mode":true,"campfire_choices":[{"data":"Apotheosis","floor":6,"key":"SMITH"},{"data":"Dark Embrace","floor":8,"key":"SMITH"},{"floor":10,"key":"REST"},{"floor":15,"key":"REST"},{"data":"Corruption","floor":23,"key":"SMITH"},{"floor":28,"key":"REST"},{"data":"Ghostly","floor":32,"key":"SMITH"}],"neow_cost":"NO_GOLD","seed_source_timestamp":540037495610500,"circlet_count":0,"master_deck":["AscendersBane","Defend_R","Defend_R","Defend_R","Defend_R","Bash","Purity","Apotheosis+1","Battle Trance","Metallicize","Sword Boomerang","Headbutt","Heavy Blade","Dark Embrace+1","True Grit","Flex","Double Tap","Pommel Strike","Offering","Flex","Corruption+1","Limit Break","Bite","Bite","Bite","Bite","Bite","Ghostly+1","Ghostly","Ghostly","Ghostly","Ghostly","Evolve"],"relics":["Burning Blood","Bottled Tornado","Potion Belt","Sundial","Orichalcum","Velvet Choker","Boot","MutagenicStrength","Pantograph","Blood Vial"],"potions_floor_usage":[30,30,30,33,33],"damage_taken":[{"damage":4,"enemies":"Jaw Worm","floor":1,"turns":3},{"damage":0,"enemies":"Cultist","floor":3,"turns":3},{"damage":9,"enemies":"2 Louse","floor":4,"turns":2},{"damage":11,"enemies":"Looter","floor":5,"turns":4},{"damage":34,"enemies":"Gremlin Nob","floor":7,"turns":5},{"damage":32,"enemies":"3 Sentries","floor":12,"turns":7},{"damage":0,"enemies":"Large Slime","floor":14,"turns":6},{"damage":26,"enemies":"The Guardian","floor":16,"turns":7},{"damage":23,"enemies":"Shell Parasite","floor":18,"turns":5},{"damage":11,"enemies":"Spheric Guardian","floor":20,"turns":3},{"damage":30,"enemies":"Shelled Parasite and Fungi","floor":24,"turns":4},{"damage":21,"enemies":"Gremlin Leader","floor":30,"turns":8},{"damage":3,"enemies":"Chosen and Byrds","floor":31,"turns":6},{"damage":36,"enemies":"Collector","floor":33,"turns":6}],"seed_played":"-2214759677923045761","potions_obtained":[{"floor":4,"key":"FairyPotion"},{"floor":7,"key":"Explosive Potion"},{"floor":14,"key":"SteroidPotion"},{"floor":16,"key":"GamblersBrew"},{"floor":20,"key":"SteroidPotion"},{"floor":30,"key":"Strength Potion"}],"is_trial":false,"path_per_floor":["M","?","M","M","M","R","E","R","T","R","T","E","$","M","R","B",null,"M","$","M","$","?","R","M","?","T","?","R","?","E","M","R","B"],"character_chosen":"IRONCLAD","items_purchased":["Flex","Double Tap","Flex","Corruption"],"campfire_rested":3,"item_purchase_floors":[13,13,19,21],"current_hp_per_floor":[74,74,80,77,72,72,44,44,44,68,68,42,42,48,72,52,73,56,56,51,51,51,51,27,27,27,27,43,28,28,28,28,0],"gold":72,"neow_bonus":"RANDOM_COLORLESS_2","is_prod":false,"is_daily":false,"chose_seed":false,"campfire_upgraded":4,"win_rate":0,"timestamp":1566877928,"path_taken":["M","?","M","?","M","R","E","R","T","R","?","E","$","?","R","BOSS","M","$","M","$","?","R","M","?","T","?","R","?","E","M","R","BOSS"],"build_version":"2019-07-17","purchased_purges":1,"victory":false,"max_hp_per_floor":[80,80,80,80,80,80,80,80,80,80,80,80,80,80,80,80,80,80,80,80,80,80,80,80,80,80,56,56,28,28,28,28,28],"card_choices":[{"not_picked":["Reckless Charge","Heavy Blade"],"picked":"Battle Trance","floor":1},{"not_picked":["Body Slam","Sever Soul"],"picked":"Sword Boomerang","floor":3},{"not_picked":["Anger","Warcry"],"picked":"Headbutt","floor":4},{"not_picked":["Cleave","Clash"],"picked":"Heavy Blade","floor":5},{"not_picked":["Anger","Twin Strike"],"picked":"Dark Embrace","floor":7},{"not_picked":["Pommel Strike","Sever Soul"],"picked":"True Grit","floor":12},{"not_picked":["Headbutt","Body Slam"],"picked":"Pommel Strike","floor":14},{"not_picked":["Barricade","Demon Form"],"picked":"Offering","floor":16},{"not_picked":["Cleave","Iron Wave","Thunderclap"],"picked":"SKIP","floor":18},{"not_picked":["Cleave","Clash","Feel No Pain"],"picked":"SKIP","floor":20},{"not_picked":["True Grit","Cleave+1"],"picked":"Limit Break","floor":24},{"not_picked":["Dropkick","Twin Strike"],"picked":"Evolve","floor":30},{"not_picked":["Rampage","Clothesline","Dual Wield"],"picked":"SKIP","floor":31}],"player_experience":856377,"relics_obtained":[{"floor":7,"key":"Bottled Tornado"},{"floor":9,"key":"Potion Belt"},{"floor":11,"key":"Sundial"},{"floor":12,"key":"Orichalcum"},{"floor":26,"key":"Pantograph"},{"floor":30,"key":"Blood Vial"}],"event_choices":[{"damage_healed":0,"gold_gain":0,"cards_transformed":["Strike_R"],"player_choice":"Transformed","damage_taken":0,"max_hp_gain":0,"max_hp_loss":0,"event_name":"Transmorgrifier","floor":2,"gold_loss":0,"cards_obtained":["Metallicize"]},{"damage_healed":0,"gold_gain":0,"player_choice":"Opened","damage_taken":0,"relics_obtained":["Boot"],"max_hp_gain":0,"max_hp_loss":0,"event_name":"The Mausoleum","floor":22,"gold_loss":0},{"damage_healed":0,"gold_gain":0,"player_choice":"Inject Mutagens","damage_taken":0,"relics_obtained":["MutagenicStrength"],"max_hp_gain":0,"max_hp_loss":0,"event_name":"Drug Dealer","floor":25,"gold_loss":0},{"damage_healed":0,"gold_gain":0,"player_choice":"Became a vampire","damage_taken":0,"max_hp_gain":0,"max_hp_loss":24,"event_name":"Vampires","floor":27,"gold_loss":0,"cards_obtained":["Bite","Bite","Bite","Bite","Bite"]},{"damage_healed":0,"gold_gain":0,"player_choice":"Became a Ghost","damage_taken":0,"max_hp_gain":0,"max_hp_loss":28,"event_name":"Ghosts","floor":29,"gold_loss":0,"cards_obtained":["Ghostly","Ghostly","Ghostly","Ghostly","Ghostly"]}],"is_beta":false,"boss_relics":[{"not_picked":["Black Star","Astrolabe"],"picked":"Velvet Choker"}],"items_purged_floors":[19],"is_endless":false,"potions_floor_spawned":[4,7,14,16,20,30],"killed_by":"Collector","ascension_level":12}