{"path_per_floor":["M","M","$","M","M","R","M","R","T","R","M","R","$","E","R","B",null,"M","M","?","M","?","M"],"character_chosen":"DEFECT","items_purchased":["Membership Card","Loop","Conserve Battery"],"gold_per_floor":[216,227,19,36,55,55,71,71,71,71,91,91,17,46,46,145,145,161,178,178,194,194,212,212],"floor_reached":24,"campfire_rested":1,"playtime":1432,"item_purchase_floors":[3,13,13],"current_hp_per_floor":[75,71,71,64,59,59,58,58,58,58,49,49,49,37,59,44,75,57,45,45,18,18,11,0],"items_purged":[],"gold":212,"score":200,"play_id":"0be28d33-2917-4dc9-ad7c-6dbcf9a3c3a7","local_time":"20180606074752","is_prod":false,"is_daily":false,"chose_seed":false,"is_ascension_mode":false,"campfire_upgraded":4,"win_rate":0.0,"timestamp":1528238872,"campfire_choices":[{"data":"Chill","floor":6,"key":"SMITH"},{"data":"Rebound","floor":8,"key":"SMITH"},{"data":"Capacitor","floor":10,"key":"SMITH"},{"data":"Heatsinks","floor":12,"key":"SMITH"},{"floor":15,"key":"REST"}],"path_taken":["M","M","$","M","M","R","?","R","T","R","M","R","$","E","R","BOSS","M","M","?","M","?","M","?"],"build_version":"2018-05-31","seed_source_timestamp":756789274248277,"purchased_purges":0,"victory":false,"master_deck":["Strike_B","Strike_B","Strike_B","Strike_B","Defend_B","Defend_B","Defend_B","Defend_B","Zap","Dualcast","Cold Snap","Cold Snap","Chill+1","Capacitor+1","Rebound+1","Heatsinks+1","Loop","Conserve Battery","Storm","Thunder Strike","Barrage","Blizzard","Chill","Self Repair","Lockon"],"max_hp_per_floor":[75,75,75,75,75,75,75,75,75,75,75,75,75,75,75,75,75,75,75,75,75,75,75,75],"relics":["Cracked Core","Membership Card","Bottled Tornado","Darkstone Periapt","Inserter"],"card_choices":[{"not_picked":["Rebound","Coolheaded"],"picked":"Cold Snap","floor":1},{"not_picked":["Fusion","Steam"],"picked":"Cold Snap","floor":2},{"not_picked":["Redo","Go for the Eyes"],"picked":"Chill","floor":4},{"not_picked":["Gash","Heatsinks"],"picked":"Capacitor","floor":5},{"not_picked":["Biased Cognition","Capacitor"],"picked":"Rebound","floor":7},{"not_picked":["Rebound","Gash"],"picked":"Heatsinks","floor":11},{"not_picked":["Go for the Eyes","Reprogram"],"picked":"Storm","floor":14},{"not_picked":["Creative AI","Amplify"],"picked":"Thunder Strike","floor":16},{"not_picked":["Go for the Eyes","Skim+1"],"picked":"Barrage","floor":18},{"not_picked":["Leap+1","Go for the Eyes"],"picked":"Blizzard","floor":19},{"not_picked":["Streamline+1","Steam"],"picked":"Self Repair","floor":21},{"not_picked":["Capacitor+1","Coolheaded"],"picked":"Lockon","floor":23}],"player_experience":328702,"potions_floor_usage":[14,14,16,16,21,23],"damage_taken":[{"damage":0,"enemies":"Cultist","floor":1,"turns":3},{"damage":4,"enemies":"2 Louse","floor":2,"turns":2},{"damage":7,"enemies":"Jaw Worm","floor":4,"turns":3},{"damage":5,"enemies":"Blue Slaver","floor":5,"turns":3},{"damage":1,"enemies":"Looter","floor":7,"turns":3},{"damage":9,"enemies":"Red Slaver","floor":11,"turns":3},{"damage":12,"enemies":"Lagavulin","floor":14,"turns":7},{"damage":15,"enemies":"Hexaghost","floor":16,"turns":12},{"damage":18,"enemies":"Spheric Guardian","floor":18,"turns":6},{"damage":12,"enemies":"Chosen","floor":19,"turns":5},{"damage":27,"enemies":"Snecko","floor":21,"turns":7},{"damage":29,"enemies":"Cultist and Chosen","floor":23,"turns":9},{"damage":19,"enemies":"Slaver and Parasite","floor":24,"turns":1}],"relics_obtained":[{"floor":9,"key":"Bottled Tornado"},{"floor":14,"key":"Darkstone Periapt"}],"event_choices":[{"event_name":"The Library","player_choice":"Read","floor":20,"damage_taken":0},{"event_name":"Drug Dealer","player_choice":"Ignored","floor":22,"damage_taken":0}],"boss_relics":[{"not_picked":["Calling Bell","Lizard Tail"],"picked":"Inserter"}],"items_purged_floors":[],"potions_floor_spawned":[1,5,7,14,19,21],"seed_played":"-6257283876430795300","killed_by":"Slaver and Parasite","ascension_level":0,"potions_obtained":[{"floor":1,"key":"SpeedPotion"},{"floor":5,"key":"AttackPotion"},{"floor":7,"key":"PowerPotion"},{"floor":14,"key":"PowerPotion"},{"floor":19,"key":"Block Potion"},{"floor":21,"key":"Regen Potion"}],"is_trial":false}