{"gold_per_floor":[10,30,50,200,33,33,66,66,66,76,105,105,105,117,117,193,193,204,224,224,44,94,94,94],"floor_reached":24,"playtime":886,"items_purged":["Doubt"],"score":423,"play_id":"15a4a8fe-cc4d-4a73-b4b9-4b44dabac2c7","local_time":"20190824070103","is_ascension_mode":true,"campfire_choices":[{"data":"Streamline","floor":6,"key":"SMITH"},{"data":"Hyperbeam","floor":8,"key":"SMITH"},{"data":"Coolheaded","floor":13,"key":"SMITH"},{"floor":15,"key":"REST"},{"data":"Apotheosis","floor":23,"key":"SMITH"}],"neow_cost":"NO_GOLD","seed_source_timestamp":260827285213500,"circlet_count":0,"master_deck":["AscendersBane","Defend_B","Defend_B","Defend_B","Zap","Dualcast","Hyperbeam+1","Steam","Rebound","Streamline+1","Dark Shackles","Compile Driver","Coolheaded+1","FTL","Glacier","Core Surge","Turbo+1","Lockon+1","Melter+1","Leap+1","Bite","Bite","Bite","Bite","Bite","Apotheosis+1"],"relics":["Cracked Core","Pear","Sundial","Happy Flower","Astrolabe"],"potions_floor_usage":[16,24],"damage_taken":[{"damage":4,"enemies":"Small Slimes","floor":1,"turns":3},{"damage":1,"enemies":"Cultist","floor":2,"turns":4},{"damage":2,"enemies":"Jaw Worm","floor":3,"turns":3},{"damage":8,"enemies":"Gremlin Nob","floor":7,"turns":3},{"damage":0,"enemies":"Blue Slaver","floor":10,"turns":2},{"damage":24,"enemies":"Lagavulin","floor":11,"turns":5},{"damage":11,"enemies":"Exordium Wildlife","floor":14,"turns":2},{"damage":44,"enemies":"Hexaghost","floor":16,"turns":10},{"damage":0,"enemies":"Chosen","floor":18,"turns":3},{"damage":0,"enemies":"Spheric Guardian","floor":19,"turns":1},{"damage":74,"enemies":"Slavers","floor":24,"turns":6}],"seed_played":"-4018619145901794057","potions_obtained":[{"floor":3,"key":"Block Potion"},{"floor":16,"key":"GamblersBrew"}],"is_trial":false,"path_per_floor":["M","M","M","?","$","R","E","R","T","M","E","?","R","M","R","B",null,"M","M","?","$","?","R","E"],"character_chosen":"DEFECT","items_purchased":["Dark Shackles","Apotheosis"],"campfire_rested":1,"item_purchase_floors":[5,21],"current_hp_per_floor":[60,59,57,57,57,57,59,59,59,59,35,35,35,24,48,4,62,62,62,56,56,56,56,0],"gold":94,"neow_bonus":"THREE_RARE_CARDS","is_prod":false,"is_daily":false,"chose_seed":false,"campfire_upgraded":4,"win_rate":0,"timestamp":1566597663,"path_taken":["M","M","M","?","$","R","E","R","T","M","E","?","R","M","R","BOSS","M","?","?","$","?","R","E"],"build_version":"2019-07-17","purchased_purges":1,"victory":false,"max_hp_per_floor":[71,71,71,71,71,71,81,81,81,81,81,81,81,81,81,81,81,81,81,56,56,56,56,56],"card_choices":[{"not_picked":["Echo Form","Rainbow"],"picked":"Hyperbeam","floor":0},{"not_picked":["Streamline","Gash"],"picked":"Steam","floor":1},{"not_picked":["Sweeping Beam","Lockon"],"picked":"Rebound","floor":2},{"not_picked":["Beam Cell","Stack"],"picked":"Streamline","floor":3},{"not_picked":["Rainbow","Stack"],"picked":"Compile Driver","floor":7},{"not_picked":["Redo","Steam Power"],"picked":"Coolheaded","floor":10},{"not_picked":["Beam Cell","Ball Lightning"],"picked":"FTL","floor":11},{"not_picked":["Scrape","Blizzard","All For One"],"picked":"SKIP","floor":14},{"not_picked":["Rainbow","Buffer"],"picked":"Core Surge","floor":16},{"not_picked":["Turbo","Hello World","Scrape"],"picked":"SKIP","floor":18},{"not_picked":["Steam","Redo"],"picked":"Leap+1","floor":19}],"player_experience":796163,"relics_obtained":[{"floor":7,"key":"Pear"},{"floor":9,"key":"Sundial"},{"floor":11,"key":"Happy Flower"}],"event_choices":[{"damage_healed":0,"gold_gain":150,"player_choice":"AGREE","damage_taken":0,"max_hp_gain":0,"max_hp_loss":0,"event_name":"Liars Game","floor":4,"gold_loss":0,"cards_obtained":["Doubt"]},{"damage_healed":0,"gold_gain":0,"cards_transformed":["Strike_B"],"player_choice":"Transformed","damage_taken":0,"max_hp_gain":0,"max_hp_loss":0,"event_name":"Transmorgrifier","floor":12,"gold_loss":0,"cards_obtained":["Glacier"]},{"damage_healed":0,"gold_gain":0,"player_choice":"Became a vampire","damage_taken":0,"max_hp_gain":0,"max_hp_loss":25,"event_name":"Vampires","floor":20,"gold_loss":0,"cards_obtained":["Bite","Bite","Bite","Bite","Bite"]},{"damage_healed":0,"gold_gain":50,"player_choice":"Pray","damage_taken":0,"max_hp_gain":0,"max_hp_loss":0,"event_name":"Golden Shrine","floor":22,"gold_loss":0}],"is_beta":false,"boss_relics":[{"not_picked":["Runic Pyramid","Busted Crown"],"picked":"Astrolabe"}],"items_purged_floors":[5],"is_endless":false,"potions_floor_spawned":[3,16],"killed_by":"Slavers","ascension_level":19}