{"gold_per_floor":[117,117,42,61,79,107,117,192,192,192,24,43,43,58,58,162,162,152,152,7,19,35,35,60,78,158,158,18,30,49,0,0,0],"floor_reached":33,"playtime":1943,"items_purged":["Normality","Strike_B"],"score":402,"play_id":"e4ea0f26-e1c4-418e-a3c8-19a986341d80","local_time":"20190810130156","is_ascension_mode":true,"campfire_choices":[{"data":"Zap","floor":10,"key":"SMITH"},{"data":"Glacier","floor":13,"key":"SMITH"},{"floor":15,"key":"REST"},{"floor":23,"key":"REST"},{"data":"Chaos","floor":27,"key":"SMITH"},{"floor":32,"key":"REST"}],"neow_cost":"CURSE","seed_source_timestamp":645568033548500,"circlet_count":0,"master_deck":["Strike_B","Defend_B","Defend_B","Defend_B","Defend_B","Zap+1","Dualcast+1","Core Surge","Leap","Sweeping Beam","Glacier+1","Coolheaded","Sweeping Beam","Coolheaded","Biased Cognition","Chaos+1","Turbo","Defragment","Leap","Redo+1","Cold Snap","Leap","Recycle","Coolheaded","FTL+1","Coolheaded+1"],"relics":["Cracked Core","Orichalcum","Bag of Marbles","PreservedInsect","Inserter","Darkstone Periapt","Gremlin Horn"],"potions_floor_usage":[6,16,16,16,18,24,25,33,33],"damage_taken":[{"damage":7,"enemies":"Jaw Worm","floor":1,"turns":3},{"damage":0,"enemies":"2 Louse","floor":4,"turns":1},{"damage":2,"enemies":"Small Slimes","floor":5,"turns":3},{"damage":11,"enemies":"3 Sentries","floor":6,"turns":3},{"damage":0,"enemies":"2 Fungi Beasts","floor":7,"turns":3},{"damage":9,"enemies":"Lots of Slimes","floor":12,"turns":2},{"damage":0,"enemies":"Red Slaver","floor":14,"turns":3},{"damage":22,"enemies":"Hexaghost","floor":16,"turns":15},{"damage":16,"enemies":"2 Thieves","floor":18,"turns":4},{"damage":8,"enemies":"Chosen","floor":21,"turns":7},{"damage":7,"enemies":"Snake Plant","floor":22,"turns":6},{"damage":21,"enemies":"Slavers","floor":24,"turns":7},{"damage":3,"enemies":"Cultist and Chosen","floor":25,"turns":7},{"damage":8,"enemies":"Centurion and Healer","floor":29,"turns":9},{"damage":6,"enemies":"Snecko","floor":30,"turns":8},{"damage":39,"enemies":"Automaton","floor":33,"turns":6}],"seed_played":"-8084501025001365065","potions_obtained":[{"floor":1,"key":"SteroidPotion"},{"floor":4,"key":"SkillPotion"},{"floor":6,"key":"AttackPotion"},{"floor":14,"key":"FocusPotion"},{"floor":16,"key":"EssenceOfSteel"},{"floor":18,"key":"Dexterity Potion"},{"floor":24,"key":"Strength Potion"},{"floor":30,"key":"SpeedPotion"}],"is_trial":false,"path_per_floor":["M","?","$","M","M","E","M","?","T","R","$","M","R","M","R","B",null,"M","?","$","M","M","R","E","M","T","R","$","M","M","?","R","B"],"character_chosen":"DEFECT","items_purchased":["PreservedInsect","Sweeping Beam","Leap","Recycle","Swift Potion","Coolheaded"],"campfire_rested":3,"item_purchase_floors":[11,11,20,28,28,28],"current_hp_per_floor":[61,61,61,61,59,48,48,37,37,37,37,28,28,28,50,28,63,47,47,47,39,32,54,33,30,30,30,30,22,16,16,38,0],"gold":0,"neow_bonus":"THREE_RARE_CARDS","is_prod":false,"is_daily":false,"chose_seed":false,"campfire_upgraded":3,"win_rate":0,"timestamp":1565409716,"path_taken":["M","?","$","M","M","E","M","?","T","R","?","M","R","M","R","BOSS","M","?","$","M","M","R","E","M","T","R","$","M","M","?","R","BOSS"],"build_version":"2019-07-17","purchased_purges":2,"victory":false,"max_hp_per_floor":[75,75,75,75,75,75,75,75,75,75,75,75,75,75,75,75,75,75,75,75,75,75,75,75,75,75,75,75,75,75,75,75,75],"card_choices":[{"not_picked":["Multi-Cast","Machine Learning"],"picked":"Core Surge","floor":0},{"not_picked":["Stack","Auto Shields"],"picked":"Leap","floor":1},{"not_picked":["Recycle","Lockon","Go for the Eyes"],"picked":"SKIP","floor":4},{"not_picked":["Auto Shields","Gash"],"picked":"Sweeping Beam","floor":5},{"not_picked":["Tempest","Force Field"],"picked":"Glacier","floor":6},{"not_picked":["Hologram","Steam"],"picked":"Coolheaded","floor":7},{"not_picked":["Turbo","Heatsinks"],"picked":"Coolheaded","floor":12},{"not_picked":["Sweeping Beam","Storm","Beam Cell"],"picked":"SKIP","floor":14},{"not_picked":["Meteor Strike","All For One"],"picked":"Biased Cognition","floor":16},{"not_picked":["FTL","Conserve Battery"],"picked":"Chaos","floor":18},{"not_picked":["Beam Cell+1","Hologram","Go for the Eyes"],"picked":"SKIP","floor":21},{"not_picked":["Rip and Tear+1","Auto Shields"],"picked":"Redo+1","floor":22},{"not_picked":["Gash","Conserve Battery"],"picked":"Cold Snap","floor":24},{"not_picked":["Capacitor","Steam Power+1"],"picked":"Leap","floor":25},{"not_picked":["Compile Driver","Ball Lightning+1"],"picked":"FTL+1","floor":29},{"not_picked":["Heatsinks","Cold Snap"],"picked":"Coolheaded+1","floor":30}],"player_experience":664783,"relics_obtained":[{"floor":6,"key":"Orichalcum"},{"floor":9,"key":"Bag of Marbles"},{"floor":24,"key":"Darkstone Periapt"},{"floor":26,"key":"Gremlin Horn"}],"event_choices":[{"damage_healed":0,"gold_gain":0,"player_choice":"Grow","damage_taken":0,"max_hp_gain":0,"max_hp_loss":0,"event_name":"Living Wall","floor":2,"gold_loss":0,"cards_upgraded":["Dualcast"]},{"damage_healed":0,"gold_gain":75,"player_choice":"Gather Gold","damage_taken":11,"max_hp_gain":0,"max_hp_loss":0,"event_name":"World of Goop","floor":8,"gold_loss":0},{"damage_healed":0,"gold_gain":0,"cards_transformed":["Strike_B","Strike_B"],"player_choice":"Became Test Subject","damage_taken":0,"max_hp_gain":0,"max_hp_loss":0,"event_name":"Drug Dealer","floor":19,"gold_loss":0,"cards_obtained":["Turbo","Defragment"]},{"damage_healed":0,"gold_gain":0,"player_choice":"Paid Fearfully","damage_taken":0,"max_hp_gain":0,"max_hp_loss":0,"event_name":"Masked Bandits","floor":31,"gold_loss":49}],"is_beta":false,"boss_relics":[{"not_picked":["Coffee Dripper","FrozenCore"],"picked":"Inserter"}],"items_purged_floors":[3,20],"is_endless":false,"potions_floor_spawned":[1,4,6,14,16,18,24,30],"killed_by":"Automaton","ascension_level":8}