{"gold_per_floor":[113,40,40,40,53,78,98,110,110,35,46,80,93,93,93,193,193,204,204,204,219,231,263,263,274,274,274,224,252,212,223,223,318,318,332,343,362,85,85,103,103,119,119,119,119,119,149,31,31,31],"floor_reached":51,"playtime":3964,"items_purged":["Regret","Doubt"],"score":1115,"play_id":"71a2341d-03c7-404b-b20c-e31dfeefb085","local_time":"20190725093307","is_ascension_mode":true,"campfire_choices":[{"data":"Well Laid Plans","floor":15,"key":"SMITH"},{"data":"After Image","floor":24,"key":"SMITH"},{"floor":32,"key":"REST"},{"data":"Apotheosis","floor":41,"key":"SMITH"},{"data":"Chrysalis","floor":49,"key":"SMITH"}],"neow_cost":"NONE","seed_source_timestamp":502370488411300,"circlet_count":0,"master_deck":["Strike_G+1","Strike_G+1","Strike_G+1","Defend_G+1","Defend_G+1","Defend_G+1","Defend_G+1","Defend_G+1","Neutralize+1","Skewer","Escape Plan","After Image+1","Well Laid Plans+1","Die Die Die","Flying Knee+1","Adrenaline+1","Glass Knife","Dash+1","Bane+1","Unload+1","Well Laid Plans","Noxious Fumes","Panacea","Apotheosis+1","Dodge and Roll+1","Sucker Punch+1","Chrysalis+1","Panacea","After Image+1"],"relics":["Ring of the Snake","NeowsBlessing","Happy Flower","Singing Bowl","Ancient Tea Set","Bottled Lightning","Busted Crown","Ginger","Lantern","Snake Skull","The Courier","Astrolabe","Strawberry","Pen Nib"],"potions_floor_usage":[8,12,16,18,22,23,29,33,42,47,50,50],"damage_taken":[{"damage":0,"enemies":"Jaw Worm","floor":1,"turns":1},{"damage":0,"enemies":"Small Slimes","floor":5,"turns":1},{"damage":0,"enemies":"Gremlin Nob","floor":6,"turns":1},{"damage":8,"enemies":"2 Louse","floor":7,"turns":3},{"damage":6,"enemies":"Red Slaver","floor":8,"turns":3},{"damage":9,"enemies":"3 Louse","floor":11,"turns":3},{"damage":18,"enemies":"3 Sentries","floor":12,"turns":12},{"damage":0,"enemies":"Looter","floor":13,"turns":3},{"damage":2,"enemies":"The Guardian","floor":16,"turns":18},{"damage":12,"enemies":"2 Thieves","floor":18,"turns":4},{"damage":0,"enemies":"Shell Parasite","floor":21,"turns":6},{"damage":14,"enemies":"Cultist and Chosen","floor":22,"turns":7},{"damage":20,"enemies":"Book of Stabbing","floor":23,"turns":10},{"damage":0,"enemies":"Snecko","floor":25,"turns":5},{"damage":0,"enemies":"Slavers","floor":29,"turns":5},{"damage":16,"enemies":"Snake Plant","floor":31,"turns":3},{"damage":31,"enemies":"Collector","floor":33,"turns":17},{"damage":4,"enemies":"3 Darklings","floor":35,"turns":4},{"damage":0,"enemies":"3 Shapes","floor":36,"turns":6},{"damage":19,"enemies":"Transient","floor":37,"turns":5},{"damage":5,"enemies":"Spire Growth","floor":40,"turns":6},{"damage":19,"enemies":"Jaw Worm Horde","floor":42,"turns":4},{"damage":14,"enemies":"Reptomancer","floor":47,"turns":8},{"damage":43,"enemies":"Donu and Deca","floor":50,"turns":8}],"seed_played":"-3504343601938043929","potions_obtained":[{"floor":5,"key":"AttackPotion"},{"floor":7,"key":"Weak Potion"},{"floor":11,"key":"Regen Potion"},{"floor":12,"key":"Dexterity Potion"},{"floor":16,"key":"Block Potion"},{"floor":18,"key":"Regen Potion"},{"floor":25,"key":"Energy Potion"},{"floor":33,"key":"GhostInAJar"},{"floor":35,"key":"GamblersBrew"},{"floor":36,"key":"LiquidBronze"},{"floor":42,"key":"PowerPotion"}],"is_trial":false,"path_per_floor":["M","$","?","?","M","E","M","M","T","$","M","E","M","?","R","B",null,"M","?","?","M","M","E","R","M","T","?","$","E","?","M","R","B",null,"M","M","M","$","?","M","R","M","T","?","?","?","E","$","R","B",null],"character_chosen":"THE_SILENT","items_purchased":["Skewer","Dexterity Potion","Noxious Fumes","Panacea","Apotheosis","Dexterity Potion"],"campfire_rested":1,"item_purchase_floors":[2,28,38,38,38,48],"current_hp_per_floor":[63,63,56,56,56,58,52,46,46,46,37,34,34,34,34,32,64,54,54,54,56,44,41,41,41,41,41,41,41,41,27,52,23,70,68,68,49,49,49,44,44,25,32,95,87,87,75,75,75,32],"gold":31,"neow_bonus":"THREE_ENEMY_KILL","is_prod":false,"is_daily":false,"chose_seed":false,"campfire_upgraded":4,"win_rate":0,"timestamp":1564014787,"path_taken":["M","$","?","?","M","E","M","M","T","$","M","E","M","?","R","BOSS","M","?","?","M","M","E","R","?","T","?","$","E","?","M","R","BOSS","M","M","M","$","?","M","R","M","T","?","?","?","E","$","R","BOSS"],"build_version":"2019-07-17","purchased_purges":2,"victory":true,"max_hp_per_floor":[70,70,70,70,70,72,74,74,74,74,74,74,74,74,74,74,74,76,76,76,78,80,82,82,82,82,82,82,82,82,84,84,86,86,88,88,88,88,88,88,88,88,95,95,97,97,99,99,99,99],"card_choices":[{"not_picked":["Outmaneuver","Poisoned Stab","Bane"],"picked":"SKIP","floor":1},{"not_picked":["Deadly Poison","Quick Slash","PiercingWail"],"picked":"SKIP","floor":5},{"not_picked":["Escape Plan","Sucker Punch","Endless Agony"],"picked":"Singing Bowl","floor":6},{"not_picked":["Concentrate","Acrobatics","Backflip"],"picked":"Singing Bowl","floor":7},{"not_picked":["Heel Hook","Deadly Poison"],"picked":"Escape Plan","floor":8},{"not_picked":["Backflip","Deflect"],"picked":"After Image","floor":11},{"not_picked":["Dodge and Roll","Escape Plan"],"picked":"Crippling Poison","floor":12},{"not_picked":["Deadly Poison","PiercingWail"],"picked":"Well Laid Plans","floor":13},{"not_picked":["Storm of Steel","Burst"],"picked":"Die Die Die","floor":16},{"not_picked":["Dodge and Roll"],"picked":"Singing Bowl","floor":18},{"not_picked":["Poisoned Stab"],"picked":"Singing Bowl","floor":21},{"not_picked":["Dodge and Roll"],"picked":"Singing Bowl","floor":22},{"not_picked":["Bane"],"picked":"Singing Bowl","floor":23},{"not_picked":[],"picked":"Flying Knee+1","floor":25},{"not_picked":[],"picked":"Glass Knife","floor":29},{"not_picked":["Deflect"],"picked":"Singing Bowl","floor":31},{"not_picked":["Storm of Steel"],"picked":"Singing Bowl","floor":33},{"not_picked":["Deflect"],"picked":"Singing Bowl","floor":35},{"not_picked":[],"picked":"Well Laid Plans","floor":36},{"not_picked":[],"picked":"Distraction","floor":37},{"not_picked":[],"picked":"Dodge and Roll+1","floor":40},{"not_picked":[],"picked":"Sucker Punch+1","floor":42},{"not_picked":[],"picked":"Chrysalis","floor":45},{"not_picked":[],"picked":"Panacea","floor":45},{"not_picked":["Jack Of All Trades"],"picked":"Singing Bowl","floor":45},{"not_picked":["Crippling Poison"],"picked":"Singing Bowl","floor":47}],"player_experience":446458,"relics_obtained":[{"floor":6,"key":"Singing Bowl"},{"floor":9,"key":"Ancient Tea Set"},{"floor":12,"key":"Bottled Lightning"},{"floor":23,"key":"Lantern"},{"floor":26,"key":"Snake Skull"},{"floor":29,"key":"The Courier"},{"floor":43,"key":"Strawberry"},{"floor":47,"key":"Pen Nib"}],"event_choices":[{"cards_removed":["Strike_G"],"damage_healed":0,"gold_gain":0,"player_choice":"Card Removal","damage_taken":7,"max_hp_gain":0,"max_hp_loss":0,"event_name":"Golden Wing","floor":3,"gold_loss":0},{"damage_healed":0,"gold_gain":0,"player_choice":"Box","damage_taken":0,"relics_obtained":["Happy Flower"],"max_hp_gain":0,"max_hp_loss":0,"event_name":"Big Fish","floor":4,"gold_loss":0,"cards_obtained":["Regret"]},{"damage_healed":0,"gold_gain":0,"player_choice":"Grow","damage_taken":0,"max_hp_gain":0,"max_hp_loss":0,"event_name":"Living Wall","floor":14,"gold_loss":0,"cards_upgraded":["Neutralize"]},{"damage_healed":0,"gold_gain":0,"player_choice":"Simplicity","damage_taken":0,"max_hp_gain":0,"max_hp_loss":0,"event_name":"Back to Basics","floor":19,"gold_loss":0,"cards_upgraded":["Strike_G","Strike_G","Strike_G","Strike_G","Defend_G","Defend_G","Defend_G","Defend_G","Defend_G"]},{"damage_healed":0,"gold_gain":0,"player_choice":"Opened","damage_taken":0,"relics_obtained":["Ginger"],"max_hp_gain":0,"max_hp_loss":0,"event_name":"The Mausoleum","floor":20,"gold_loss":0},{"damage_healed":0,"gold_gain":0,"player_choice":"Read","damage_taken":0,"max_hp_gain":0,"max_hp_loss":0,"event_name":"The Library","floor":27,"gold_loss":0,"cards_obtained":["Adrenaline"]},{"damage_healed":0,"gold_gain":0,"player_choice":"Upgrade","damage_taken":0,"max_hp_gain":0,"max_hp_loss":0,"event_name":"Designer","floor":30,"gold_loss":40,"cards_upgraded":["Adrenaline"]},{"cards_removed":["Distraction"],"damage_healed":0,"gold_gain":0,"player_choice":"Removed Skill","damage_taken":0,"max_hp_gain":0,"max_hp_loss":0,"event_name":"Falling","floor":39,"gold_loss":0},{"damage_healed":63,"gold_gain":0,"player_choice":"Heal","damage_taken":0,"max_hp_gain":0,"max_hp_loss":0,"event_name":"MindBloom","floor":44,"gold_loss":0,"cards_obtained":["Doubt"]},{"damage_healed":0,"gold_gain":0,"player_choice":"Memory 3","damage_taken":10,"max_hp_gain":0,"max_hp_loss":0,"event_name":"SensoryStone","floor":45,"gold_loss":0},{"damage_healed":0,"gold_gain":0,"player_choice":"Copied","damage_taken":0,"max_hp_gain":0,"max_hp_loss":0,"event_name":"Duplicator","floor":46,"gold_loss":0,"cards_obtained":["After Image"]}],"is_beta":false,"boss_relics":[{"not_picked":["Pandora\u0027s Box","HoveringKite"],"picked":"Busted Crown"},{"not_picked":["Velvet Choker","Snecko Eye"],"picked":"Astrolabe"}],"items_purged_floors":[10,48],"is_endless":false,"potions_floor_spawned":[5,7,11,12,16,18,25,33,35,36,42],"ascension_level":9}