{"gold_per_floor":[109,109,109,125,139,139,172,185,185,40,75,0,0,0,0,0],"floor_reached":16,"playtime":556,"items_purged":["Strike_G"],"score":184,"play_id":"cb1167f4-12de-4878-b12a-843833ac684a","local_time":"20190803082113","is_ascension_mode":true,"campfire_choices":[{"data":"Neutralize","floor":6,"key":"SMITH"},{"floor":15,"key":"REST"}],"neow_cost":"NONE","seed_source_timestamp":25304560362600,"circlet_count":0,"master_deck":["AscendersBane","Strike_G","Strike_G","Strike_G","Strike_G","Defend_G","Defend_G","Defend_G","Defend_G","Survivor","Neutralize+1","Backstab","Blur","Dagger Spray","Adrenaline","Footwork","Quick Slash"],"relics":["Ring of the Snake","NeowsBlessing","Bag of Marbles","Ornamental Fan","Dodecahedron","Golden Idol"],"potions_floor_usage":[7,7,7,11,11],"damage_taken":[{"damage":0,"enemies":"Small Slimes","floor":1,"turns":1},{"damage":0,"enemies":"Jaw Worm","floor":4,"turns":1},{"damage":0,"enemies":"Cultist","floor":5,"turns":1},{"damage":7,"enemies":"Gremlin Nob","floor":7,"turns":5},{"damage":0,"enemies":"Red Slaver","floor":8,"turns":4},{"damage":22,"enemies":"Lagavulin","floor":11,"turns":6},{"damage":46,"enemies":"Hexaghost","floor":16,"turns":14}],"seed_played":"531563419617218090","potions_obtained":[{"floor":1,"key":"LiquidBronze"},{"floor":3,"key":"Fire Potion"},{"floor":3,"key":"Swift Potion"},{"floor":5,"key":"EntropicBrew"},{"floor":7,"key":"Fire Potion"}],"is_trial":false,"path_per_floor":["M","?","?","M","M","R","E","M","T","$","E","$","?","$","R","B"],"character_chosen":"THE_SILENT","items_purchased":["Adrenaline","Footwork"],"campfire_rested":1,"item_purchase_floors":[10,10],"current_hp_per_floor":[59,52,52,52,52,52,45,45,45,45,23,23,23,23,41,0],"gold":0,"neow_bonus":"THREE_ENEMY_KILL","is_prod":false,"is_daily":false,"chose_seed":false,"campfire_upgraded":1,"win_rate":0,"timestamp":1564788073,"path_taken":["M","?","?","?","M","R","E","M","T","$","E","?","?","$","R","BOSS"],"build_version":"2019-07-17","purchased_purges":1,"victory":false,"max_hp_per_floor":[66,66,66,66,66,66,66,66,66,66,66,66,61,61,61,61],"card_choices":[{"not_picked":["Accuracy","Outmaneuver","Quick Slash"],"picked":"SKIP","floor":1},{"not_picked":["Reflex","Cloak And Dagger"],"picked":"Backstab","floor":4},{"not_picked":["Outmaneuver","Prepared","Underhanded Strike"],"picked":"SKIP","floor":5},{"not_picked":["Underhanded Strike","Deadly Poison"],"picked":"Blur","floor":7},{"not_picked":["PiercingWail","Underhanded Strike"],"picked":"Dagger Spray","floor":8},{"not_picked":["Finisher","Underhanded Strike"],"picked":"Quick Slash","floor":11}],"player_experience":539067,"relics_obtained":[{"floor":7,"key":"Bag of Marbles"},{"floor":9,"key":"Ornamental Fan"},{"floor":11,"key":"Dodecahedron"}],"event_choices":[{"cards_removed":["Defend_G"],"damage_healed":0,"gold_gain":0,"player_choice":"Card Removal","damage_taken":7,"max_hp_gain":0,"max_hp_loss":0,"event_name":"Golden Wing","floor":2,"gold_loss":0},{"damage_healed":0,"gold_gain":0,"player_choice":"Got Potions","damage_taken":0,"max_hp_gain":0,"max_hp_loss":0,"event_name":"Lab","floor":3,"gold_loss":0},{"damage_healed":0,"gold_gain":0,"player_choice":"Lose Max HP","damage_taken":0,"relics_obtained":["Golden Idol"],"max_hp_gain":0,"max_hp_loss":5,"event_name":"Golden Idol","floor":13,"gold_loss":0}],"is_beta":false,"boss_relics":[],"items_purged_floors":[12],"is_endless":false,"potions_floor_spawned":[1,5,7],"killed_by":"Hexaghost","ascension_level":14}