{"path_per_floor":["M","M","M","?","?","E","M","M","T","?","$","M","M","M","R","B",null,"M","M","?","?","$","R","?","$","T","E","?","E","M","M","R","B",null,"M","$","M","M","M","R","?","E","T","E","?","E","M","?","R","B"],"character_chosen":"IRONCLAD","items_purchased":["Flex","Gremlin Horn","Oddly Smooth Stone","Dream Catcher","Mummified Hand","Mango","Thread and Needle","Master of Strategy","Turnip","Dodecahedron","Torii","Whirlwind","Ancient Tea Set","Pantograph","Vajra"],"gold_per_floor":[409,714,909,909,859,1197,1447,1620,1620,1620,939,1105,1303,1618,1618,3517,3517,3707,3906,3906,3906,2781,2781,2704,1682,1706,2189,2189,2706,3011,3206,3206,4622,4622,4842,4131,4318,4498,4713,4713,4713,5074,5155,5667,5767,6126,6303,6303,6303,6303],"floor_reached":51,"campfire_rested":2,"playtime":2390,"current_hp_per_floor":[71,68,72,65,65,58,55,52,52,52,52,58,64,59,72,72,72,56,57,44,28,42,69,69,69,69,74,74,82,84,91,91,74,91,91,91,91,91,91,91,91,91,91,91,91,91,91,91,91,91],"items_purged":["Defend_R","Strike_R","Strike_R","Defend_R"],"gold":6303,"score":1318,"play_id":"44acdd09-9b09-4629-87df-ca032f6816ab","local_time":"20180509000813","is_prod":false,"is_daily":false,"chose_seed":false,"is_ascension_mode":true,"campfire_upgraded":1,"timestamp":1525795693,"path_taken":["M","M","M","?","?","E","M","M","T","?","$","M","M","M","R","BOSS","M","M","?","?","$","R","?","$","T","E","?","E","M","M","R","BOSS","M","$","M","M","M","R","?","E","T","E","?","E","M","?","R","BOSS"],"build_version":"2018-05-03","seed_source_timestamp":30792277599289,"purchased_purges":4,"victory":true,"master_deck":["Strike_R+1","Strike_R+1","Bash","Impervious","Flex","Seeing Red","Thunderclap+1","Flex","Limit Break+1","Inflame","Flex","Cleave+1","Double Tap","Master of Strategy","Inflame","J.A.X.","Whirlwind+1","Seeing Red","Offering+1","Flex+1","Limit Break","Limit Break","Impervious","Limit Break","Offering","Seeing Red+1","Whirlwind+1","Seeing Red+1"],"max_hp_per_floor":[72,72,72,72,72,72,72,72,72,72,72,72,72,72,72,72,72,72,72,77,77,91,91,91,91,91,91,91,91,91,91,91,91,91,91,91,91,91,91,91,91,91,91,91,91,91,91,91,91,91],"relics":["Burning Blood","Sundial","Whetstone","Molten Egg 2","Darkstone Periapt","Letter Opener","Pen Nib","Juzu Bracelet","Centennial Puzzle","Ginger","Mercury Hourglass","Gremlin Horn","Oddly Smooth Stone","Dream Catcher","Bottled Tornado","Omamori","Meat on the Bone","Shovel","Old Coin","Ice Cream","Mark of Pain","Magic Flower","Orichalcum","Necronomicon","Mummified Hand","Mango","Thread and Needle","Turnip","Dodecahedron","Torii","Prayer Wheel","Kunai","Frozen Egg 2","Unceasing Top","Calipers","Anchor","Shuriken","Red Skull","Charon\u0027s Ashes","Champion Belt","Sozu","Peace Pipe","Ancient Tea Set","Pantograph","Vajra","Happy Flower","Gambling Chip","Toolbox","Toxic Egg 2","Matryoshka","Bronze Scales","Regal Pillow","Paper Frog","Bottled Flame","Bird Faced Urn"],"card_choices":[{"not_picked":["Thunderclap","Armaments"],"picked":"Impervious","floor":1},{"not_picked":["Armaments","Clash"],"picked":"Flex","floor":1},{"not_picked":["Reckless Charge","Heavy Blade"],"picked":"Seeing Red","floor":6},{"not_picked":["Iron Wave","Headbutt"],"picked":"Thunderclap","floor":6},{"not_picked":["Battle Trance","Immolate"],"picked":"Flex","floor":6},{"not_picked":["Twin Strike","Flex"],"picked":"Limit Break","floor":7},{"not_picked":["Shrug It Off","Entrench"],"picked":"Inflame","floor":8},{"not_picked":["Reckless Charge","Intimidate"],"picked":"Cleave","floor":13},{"not_picked":["Berserk","Juggernaut"],"picked":"Double Tap","floor":16},{"not_picked":["Shrug It Off","Rage"],"picked":"Inflame","floor":23},{"not_picked":["Rampage","Cleave"],"picked":"Seeing Red","floor":27},{"not_picked":["Pommel Strike","Heavy Blade"],"picked":"Offering","floor":29},{"not_picked":["Sword Boomerang","Bloodletting"],"picked":"Flex","floor":30},{"not_picked":["Reaper","Barricade"],"picked":"Limit Break","floor":33},{"not_picked":["Berserk","Dark Embrace"],"picked":"Limit Break","floor":33},{"not_picked":["Barricade","Offering"],"picked":"Impervious","floor":33},{"not_picked":["Immolate","Double Tap"],"picked":"Limit Break","floor":33},{"not_picked":["Double Tap","Fiend Fire"],"picked":"Offering","floor":33},{"not_picked":["Cleave","Blood for Blood"],"picked":"Seeing Red","floor":38},{"not_picked":["Thunderclap","Burning Pact"],"picked":"Whirlwind","floor":44},{"not_picked":["Clothesline","Thunderclap"],"picked":"Seeing Red","floor":46}],"player_experience":31174,"potions_floor_usage":[6,6,6,7,12,13,16,16,16,27],"damage_taken":[{"damage":7,"enemies":"2 Louse","floor":1,"turns":3},{"damage":9,"enemies":"Jaw Worm","floor":2,"turns":3},{"damage":0,"enemies":"Small Slimes","floor":3,"turns":4},{"damage":13,"enemies":"3 Sentries","floor":6,"turns":6},{"damage":9,"enemies":"2 Fungi Beasts","floor":7,"turns":3},{"damage":9,"enemies":"Red Slaver","floor":8,"turns":3},{"damage":0,"enemies":"Lots of Slimes","floor":12,"turns":1},{"damage":0,"enemies":"2 Fungi Beasts","floor":13,"turns":2},{"damage":11,"enemies":"Looter","floor":14,"turns":2},{"damage":0,"enemies":"Slime Boss","floor":16,"turns":3},{"damage":22,"enemies":"2 Thieves","floor":18,"turns":2},{"damage":8,"enemies":"Shell Parasite","floor":19,"turns":2},{"damage":4,"enemies":"Book of Stabbing","floor":27,"turns":2},{"damage":1,"enemies":"Slavers","floor":29,"turns":2},{"damage":7,"enemies":"Snecko","floor":30,"turns":2},{"damage":0,"enemies":"Centurion and Healer","floor":31,"turns":1},{"damage":26,"enemies":"Collector","floor":33,"turns":3},{"damage":4,"enemies":"Flame Bruiser 1 Orb","floor":35,"turns":1},{"damage":4,"enemies":"3 Darklings","floor":37,"turns":1},{"damage":7,"enemies":"Maw","floor":38,"turns":1},{"damage":4,"enemies":"Spire Growth","floor":39,"turns":1},{"damage":4,"enemies":"2 Orb Walkers","floor":42,"turns":1},{"damage":7,"enemies":"Giant Head","floor":44,"turns":1},{"damage":4,"enemies":"2 Orb Walkers","floor":46,"turns":1},{"damage":0,"enemies":"3 Darklings","floor":47,"turns":1},{"damage":8,"enemies":"Awakened One","floor":50,"turns":2}],"event_choices":[{"event_name":"Scrap Ooze","player_choice":"success","floor":4,"damage_taken":7},{"event_name":"The Cleric","player_choice":"Card Removal","floor":5,"damage_taken":0},{"event_name":"Upgrade Shrine","player_choice":"Upgraded","floor":10,"damage_taken":0},{"event_name":"Forgotten Altar","player_choice":"Shed Blood","floor":20,"damage_taken":0},{"event_name":"Cursed Tome","player_choice":"Obtained Book","floor":21,"damage_taken":0},{"event_name":"Drug Dealer","player_choice":"Got JAXXED","floor":24,"damage_taken":0},{"event_name":"The Mausoleum","player_choice":"Yes","floor":28,"damage_taken":0},{"event_name":"Match and Keep!","player_choice":"0 cards matched","floor":41,"damage_taken":0},{"event_name":"Golden Shrine","player_choice":"Pray","floor":45,"damage_taken":0},{"event_name":"Tomb of Lord Red Mask","player_choice":"Ignored","floor":48,"damage_taken":0}],"boss_relics":[{"not_picked":["Runic Dome","Velvet Choker"],"picked":"Mark of Pain"},{"not_picked":["Eternal Feather","Orrery"],"picked":"Sozu"}],"potions_floor_spawned":[1,1,2,3,3,3,6,7,7,8,8,12,13,13,13,14,14,14,16,16,18,19,19,19,27,29,30,30,30,31,31,31,33,33,35,35,37,38,38,38,39,39,42,42,44,44,46,47,47],"seed_played":"-2785962168149392696","ascension_level":3,"is_trial":false}