{"gold_per_floor":[114,189,189,208,219,219,249,249,249,278,290,314,326,218,218,319,319,335,128,140,140,156,156,176,186,210,12,23,23,23,50,50,154,154,167,181,403,127,137,137,192,208,259,20,31,42,42,61,61,61],"floor_reached":51,"playtime":1000,"items_purged":["Strike_R","Strike_R"],"score":726,"play_id":"ec51ff97-a82b-4cd8-8152-59d8498f2489","local_time":"20190807021049","is_ascension_mode":false,"campfire_choices":[{"data":"Whirlwind","floor":6,"key":"SMITH"},{"data":"Whirlwind","floor":11,"key":"SMITH"},{"data":"Bash","floor":13,"key":"SMITH"},{"data":"Flex","floor":15,"key":"SMITH"},{"floor":23,"key":"REST"},{"floor":30,"key":"REST"},{"floor":32,"key":"REST"},{"floor":40,"key":"REST"},{"floor":47,"key":"REST"},{"floor":49,"key":"REST"}],"neow_cost":"NONE","seed_source_timestamp":6952048277004,"circlet_count":0,"master_deck":["Strike_R","Strike_R","Strike_R","Defend_R","Defend_R","Defend_R","Defend_R","Bash+1","Whirlwind+1","Headbutt","Thunderclap","Whirlwind+1","Flex+1","Clothesline+1","Shockwave+1","Headbutt","Offering","Armaments+1","Inflame+1","True Grit+1","Whirlwind+1"],"relics":["Burning Blood","NeowsBlessing","Blue Candle","FaceOfCleric","MawBank","Fusion Hammer","ClockworkSouvenir","Potion Belt","Brimstone","Red Mask","Runic Dome","Thread and Needle","PreservedInsect","Paper Frog"],"potions_floor_usage":[7,7,12,18,28,33,41,50,50,50,50,50],"damage_taken":[{"damage":0,"enemies":"Jaw Worm","floor":1,"turns":1},{"damage":0,"enemies":"2 Louse","floor":4,"turns":1},{"damage":0,"enemies":"Small Slimes","floor":5,"turns":1},{"damage":26,"enemies":"Lagavulin","floor":7,"turns":5},{"damage":0,"enemies":"Gremlin Gang","floor":10,"turns":2},{"damage":7,"enemies":"Exordium Thugs","floor":12,"turns":3},{"damage":16,"enemies":"Slime Boss","floor":16,"turns":6},{"damage":0,"enemies":"Spheric Guardian","floor":18,"turns":3},{"damage":0,"enemies":"Chosen","floor":20,"turns":3},{"damage":26,"enemies":"Shelled Parasite and Fungi","floor":22,"turns":5},{"damage":22,"enemies":"Snake Plant","floor":24,"turns":3},{"damage":6,"enemies":"Snecko","floor":25,"turns":3},{"damage":12,"enemies":"Cultist and Chosen","floor":28,"turns":3},{"damage":6,"enemies":"Masked Bandits","floor":31,"turns":3},{"damage":13,"enemies":"Collector","floor":33,"turns":5},{"damage":9,"enemies":"3 Darklings","floor":35,"turns":2},{"damage":28,"enemies":"3 Shapes","floor":36,"turns":2},{"damage":11,"enemies":"Maw","floor":39,"turns":4},{"damage":9,"enemies":"2 Orb Walkers","floor":41,"turns":2},{"damage":9,"enemies":"Spire Growth","floor":42,"turns":3},{"damage":26,"enemies":"Writhing Mass","floor":45,"turns":2},{"damage":14,"enemies":"Jaw Worm Horde","floor":46,"turns":3},{"damage":6,"enemies":"Sphere and 2 Shapes","floor":48,"turns":2},{"damage":10,"enemies":"Time Eater","floor":50,"turns":5}],"seed_played":"51458665564256262","potions_obtained":[{"floor":4,"key":"SteroidPotion"},{"floor":5,"key":"Strength Potion"},{"floor":10,"key":"Block Potion"},{"floor":16,"key":"SteroidPotion"},{"floor":25,"key":"AttackPotion"},{"floor":28,"key":"Weak Potion"},{"floor":31,"key":"AttackPotion"},{"floor":41,"key":"SpeedPotion"},{"floor":42,"key":"PowerPotion"}],"is_trial":false,"path_per_floor":["M","?","?","M","M","R","E","?","T","M","R","M","R","$","R","B",null,"M","$","M","$","M","R","M","M","T","$","M","?","R","?","R","B",null,"M","M","?","$","M","R","?","M","T","$","M","M","R","M","R","B",null],"character_chosen":"IRONCLAD","items_purchased":["Flex","ClockworkSouvenir","Brimstone","PowerPotion","FearPotion","GamblersBrew","Paper Frog"],"campfire_rested":6,"item_purchase_floors":[14,19,27,38,38,38,44],"current_hp_per_floor":[80,69,74,80,85,85,65,65,65,72,72,72,72,72,72,63,88,89,89,90,90,71,91,76,77,77,77,72,53,82,83,100,94,101,99,78,78,78,74,104,102,100,100,100,81,74,106,107,109,106],"gold":61,"neow_bonus":"THREE_ENEMY_KILL","is_prod":false,"is_daily":false,"chose_seed":false,"campfire_upgraded":4,"win_rate":0,"timestamp":1565165449,"path_taken":["M","?","?","M","M","R","E","?","T","M","R","?","R","?","R","BOSS","M","$","M","$","M","R","M","M","T","$","M","?","R","?","R","BOSS","M","M","?","$","M","R","?","M","T","$","M","M","R","M","R","BOSS"],"build_version":"2019-07-17","purchased_purges":2,"victory":true,"max_hp_per_floor":[80,80,85,85,85,85,85,85,85,86,86,87,87,87,87,88,88,89,89,90,90,91,91,92,93,93,93,94,99,99,100,100,101,101,102,103,103,103,104,104,105,106,106,106,107,108,108,109,109,110],"card_choices":[{"not_picked":["Clash","Rupture"],"picked":"Whirlwind","floor":1},{"not_picked":["Clothesline","Combust"],"picked":"Headbutt","floor":4},{"not_picked":["Shrug It Off","Seeing Red"],"picked":"Thunderclap","floor":5},{"not_picked":["Burning Pact","Infernal Blade"],"picked":"Whirlwind","floor":7},{"not_picked":["Ghostly Armor","Clash","Body Slam"],"picked":"SKIP","floor":10},{"not_picked":["Anger","True Grit","Cleave"],"picked":"SKIP","floor":12},{"not_picked":["Iron Wave","Thunderclap","Headbutt"],"picked":"SKIP","floor":18},{"not_picked":["Feel No Pain","Sentinel+1","Armaments"],"picked":"SKIP","floor":20},{"not_picked":["Combust","Anger+1","Body Slam"],"picked":"SKIP","floor":22},{"not_picked":["Thunderclap","Havoc"],"picked":"Clothesline+1","floor":24},{"not_picked":["Armaments","Perfected Strike+1"],"picked":"Shockwave+1","floor":25},{"not_picked":["Armaments","Iron Wave+1","Entrench"],"picked":"SKIP","floor":28},{"not_picked":["Fiend Fire","Pummel"],"picked":"Headbutt","floor":31},{"not_picked":["Brutality","Impervious"],"picked":"Offering","floor":33},{"not_picked":["Fire Breathing+1","Sword Boomerang+1"],"picked":"Armaments+1","floor":35},{"not_picked":["Power Through","Spot Weakness+1","Clash+1"],"picked":"SKIP","floor":36},{"not_picked":["Flex","Anger","Metallicize"],"picked":"SKIP","floor":39},{"not_picked":["True Grit","Shrug It Off","Body Slam+1"],"picked":"SKIP","floor":42},{"not_picked":["Reaper","Cleave+1"],"picked":"Inflame+1","floor":45},{"not_picked":["Wild Strike","Anger+1"],"picked":"True Grit+1","floor":46},{"not_picked":["Armaments+1","Intimidate+1"],"picked":"Whirlwind+1","floor":48}],"player_experience":1649121,"relics_obtained":[{"floor":7,"key":"Blue Candle"},{"floor":9,"key":"MawBank"},{"floor":26,"key":"Potion Belt"},{"floor":31,"key":"Red Mask"},{"floor":41,"key":"Thread and Needle"},{"floor":43,"key":"PreservedInsect"}],"event_choices":[{"damage_healed":0,"gold_gain":75,"player_choice":"Gather Gold","damage_taken":11,"max_hp_gain":0,"max_hp_loss":0,"event_name":"World of Goop","floor":2,"gold_loss":0},{"damage_healed":0,"gold_gain":0,"player_choice":"Donut","damage_taken":0,"max_hp_gain":5,"max_hp_loss":0,"event_name":"Big Fish","floor":3,"gold_loss":0},{"damage_healed":0,"gold_gain":0,"player_choice":"Trade","damage_taken":0,"relics_obtained":["FaceOfCleric"],"max_hp_gain":0,"max_hp_loss":0,"event_name":"FaceTrader","floor":8,"gold_loss":0},{"damage_healed":0,"gold_gain":0,"player_choice":"Shed Blood","damage_taken":24,"max_hp_gain":5,"max_hp_loss":0,"event_name":"Forgotten Altar","floor":29,"gold_loss":0},{"damage_healed":0,"gold_gain":0,"player_choice":"Fought Bandits","damage_taken":0,"max_hp_gain":0,"max_hp_loss":0,"event_name":"Masked Bandits","floor":31,"gold_loss":0},{"damage_healed":0,"gold_gain":222,"player_choice":"Wore Mask","damage_taken":0,"max_hp_gain":0,"max_hp_loss":0,"event_name":"Tomb of Lord Red Mask","floor":37,"gold_loss":0},{"damage_healed":0,"gold_gain":0,"player_choice":"Fight","damage_taken":0,"max_hp_gain":0,"max_hp_loss":0,"event_name":"Mysterious Sphere","floor":41,"gold_loss":0}],"is_beta":false,"boss_relics":[{"not_picked":["Snecko Eye","Tiny House"],"picked":"Fusion Hammer"},{"not_picked":["Pandora\u0027s Box","Empty Cage"],"picked":"Runic Dome"}],"items_purged_floors":[14,38],"is_endless":false,"potions_floor_spawned":[4,5,10,16,25,28,31,41,42,48],"ascension_level":0}