{"gold_per_floor":[99,99,24,24,24,24,24,24,24,24],"floor_reached":10,"playtime":6573,"items_purged":["Strike_B"],"score":73,"play_id":"a601b37f-742e-45b2-bb51-e84a27c41dbd","local_time":"20190704231452","is_ascension_mode":true,"campfire_choices":[{"data":"Coolheaded","floor":6,"key":"SMITH"},{"floor":8,"key":"REST"}],"neow_cost":"NONE","seed_source_timestamp":294780828486500,"circlet_count":0,"master_deck":["Strike_B","Strike_B","Strike_B","Defend_B","Defend_B","Defend_B","Defend_B","Zap","Dualcast","White Noise+1","Coolheaded+1","White Noise"],"relics":["Ectoplasm","Ancient Tea Set","Juzu Bracelet"],"potions_floor_usage":[10],"damage_taken":[{"damage":9,"enemies":"2 Louse","floor":1,"turns":3},{"damage":1,"enemies":"Cultist","floor":4,"turns":4},{"damage":7,"enemies":"Small Slimes","floor":5,"turns":3},{"damage":48,"enemies":"3 Sentries","floor":7,"turns":11},{"damage":33,"enemies":"The Mushroom Lair","floor":10,"turns":8}],"seed_played":"-8963375621907999448","potions_obtained":[{"floor":5,"key":"Strength Potion"}],"is_trial":false,"path_per_floor":["M","?","$","M","M","R","E","R","T","?"],"character_chosen":"DEFECT","items_purchased":[],"campfire_rested":1,"item_purchase_floors":[],"current_hp_per_floor":[66,66,66,65,58,58,10,32,32,0],"gold":24,"neow_bonus":"BOSS_RELIC","is_prod":false,"is_daily":false,"chose_seed":false,"campfire_upgraded":1,"win_rate":0,"timestamp":1562249692,"path_taken":["M","?","$","?","M","R","E","R","T","?"],"build_version":"2019-07-01","purchased_purges":1,"victory":false,"max_hp_per_floor":[75,75,75,75,75,75,75,75,75,75],"card_choices":[{"not_picked":["Gash","Rebound"],"picked":"White Noise","floor":1},{"not_picked":["Redo","Lockon","Stack"],"picked":"SKIP","floor":4},{"not_picked":["Scrape","Steam Power"],"picked":"Coolheaded","floor":5},{"not_picked":["Steam","Stack"],"picked":"White Noise","floor":7}],"player_experience":197566,"relics_obtained":[{"floor":7,"key":"Ancient Tea Set"},{"floor":9,"key":"Juzu Bracelet"}],"event_choices":[{"damage_healed":0,"gold_gain":0,"player_choice":"Upgraded","damage_taken":0,"max_hp_gain":0,"max_hp_loss":0,"event_name":"Upgrade Shrine","floor":2,"gold_loss":0,"cards_upgraded":["White Noise"]},{"damage_healed":0,"gold_gain":0,"player_choice":"Fought Mushrooms","damage_taken":0,"max_hp_gain":0,"max_hp_loss":0,"event_name":"Mushrooms","floor":10,"gold_loss":0}],"is_beta":false,"boss_relics":[],"items_purged_floors":[3],"is_endless":false,"potions_floor_spawned":[5],"killed_by":"The Mushroom Lair","ascension_level":2}