{"gold_per_floor":[359,310,6,26,26,26,26,38,38,69,69,100,115,133,133,229,229,229],"floor_reached":18,"playtime":899,"items_purged":["Strike_G"],"score":221,"play_id":"9998ab0c-dd45-448b-9e19-d82e729f5d2f","local_time":"20190721083148","is_ascension_mode":true,"campfire_choices":[{"floor":6,"key":"REST"},{"floor":11,"key":"REST"},{"floor":15,"key":"REST"}],"neow_cost":"PERCENT_DAMAGE","seed_source_timestamp":156159829140400,"circlet_count":0,"master_deck":["Strike_G","Strike_G","Strike_G","Strike_G","Defend_G","Defend_G","Defend_G","Defend_G","Defend_G","Survivor","Neutralize+1","Backstab","Dagger Throw","Dagger Throw","Noxious Fumes","Backflip","Deadly Poison","Night Terror"],"relics":["Ring of the Snake","Anchor","NlothsMask","The Specimen","Darkstone Periapt","HoveringKite"],"potions_floor_usage":[12,12,16],"damage_taken":[{"damage":7,"enemies":"Small Slimes","floor":1,"turns":4},{"damage":0,"enemies":"2 Louse","floor":4,"turns":2},{"damage":0,"enemies":"Cultist","floor":8,"turns":4},{"damage":34,"enemies":"3 Sentries","floor":10,"turns":15},{"damage":14,"enemies":"Lagavulin","floor":12,"turns":8},{"damage":0,"enemies":"Exordium Wildlife","floor":13,"turns":3},{"damage":0,"enemies":"Looter","floor":14,"turns":3},{"damage":15,"enemies":"Hexaghost","floor":16,"turns":9},{"damage":14,"enemies":"Spheric Guardian","floor":18,"turns":4}],"seed_played":"5267036475030601071","potions_obtained":[{"floor":4,"key":"Block Potion"},{"floor":10,"key":"Explosive Potion"},{"floor":13,"key":"Poison Potion"}],"is_trial":false,"path_per_floor":["M","?","$","M","?","R","?","M","T","E","R","E","M","M","R","B",null,"M"],"character_chosen":"THE_SILENT","items_purchased":["Backstab","Anchor"],"campfire_rested":3,"item_purchase_floors":[3,3],"current_hp_per_floor":[38,38,38,38,38,59,59,59,59,25,46,32,32,32,53,38,62,48],"gold":229,"neow_bonus":"TWO_FIFTY_GOLD","is_prod":false,"is_daily":false,"chose_seed":false,"campfire_upgraded":0,"win_rate":0,"timestamp":1563665508,"path_taken":["M","?","$","M","?","R","?","?","T","E","R","E","M","M","R","BOSS","M"],"build_version":"2019-07-17","purchased_purges":1,"victory":false,"max_hp_per_floor":[70,70,70,70,70,70,70,70,70,70,70,70,70,70,70,70,70,70],"card_choices":[{"not_picked":["Flying Knee","Poisoned Stab","Underhanded Strike"],"picked":"SKIP","floor":1},{"not_picked":["Bane","Poisoned Stab"],"picked":"Dagger Throw","floor":4},{"not_picked":["Dodge and Roll","Deflect","Slice"],"picked":"SKIP","floor":8},{"not_picked":["Envenom","Cloak And Dagger"],"picked":"Dagger Throw","floor":10},{"not_picked":["A Thousand Cuts","Heel Hook"],"picked":"Noxious Fumes","floor":12},{"not_picked":["Underhanded Strike","Concentrate"],"picked":"Backflip","floor":13},{"not_picked":["Blade Dance","Tactician"],"picked":"Deadly Poison","floor":14},{"not_picked":["Corpse Explosion","Phantasmal Killer"],"picked":"Night Terror","floor":16}],"player_experience":380253,"relics_obtained":[{"floor":10,"key":"The Specimen"},{"floor":12,"key":"Darkstone Periapt"}],"event_choices":[{"damage_healed":0,"gold_gain":0,"player_choice":"Left Gold","damage_taken":0,"max_hp_gain":0,"max_hp_loss":0,"event_name":"World of Goop","floor":2,"gold_loss":49},{"damage_healed":0,"gold_gain":0,"player_choice":"Grow","damage_taken":0,"max_hp_gain":0,"max_hp_loss":0,"event_name":"Living Wall","floor":5,"gold_loss":0,"cards_upgraded":["Neutralize"]},{"damage_healed":0,"gold_gain":0,"player_choice":"Trade","damage_taken":0,"relics_obtained":["NlothsMask"],"max_hp_gain":0,"max_hp_loss":0,"event_name":"FaceTrader","floor":7,"gold_loss":0}],"is_beta":false,"boss_relics":[{"not_picked":["Runic Dome","Ectoplasm"],"picked":"HoveringKite"}],"items_purged_floors":[3],"is_endless":false,"potions_floor_spawned":[4,10,13],"killed_by":"Spheric Guardian","ascension_level":6}