{"gold_per_floor":[114,126,144,29,43,77,94,94,94,113,140,140,160,180,180,276,276,293,233,16,29,41,41],"floor_reached":23,"playtime":1511,"items_purged":["Strike_B","Strike_B"],"score":207,"play_id":"161aee6e-a349-42ca-a855-99c65bd7a220","local_time":"20190825115826","is_ascension_mode":true,"campfire_choices":[{"floor":8,"key":"REST"},{"floor":15,"key":"REST"}],"neow_cost":"NONE","seed_source_timestamp":745437054230700,"circlet_count":0,"master_deck":["Strike_B","Strike_B","Defend_B","Defend_B","Defend_B","Defend_B","Zap+1","Dualcast","Storm","Barrage","Force Field","Capacitor","Hello World","Electrodynamics","Cold Snap","Auto Shields","Ball Lightning","Cold Snap","Leap","Multi-Cast","Force Field+1","Compile Driver","Loop","Conserve Battery","Go for the Eyes","Go for the Eyes+1"],"relics":["Cracked Core","Bottled Tornado","Kunai","Odd Mushroom","Fusion Hammer"],"potions_floor_usage":[6,13,13,16,16,23,23],"damage_taken":[{"damage":1,"enemies":"Jaw Worm","floor":1,"turns":3},{"damage":0,"enemies":"Small Slimes","floor":2,"turns":4},{"damage":4,"enemies":"Cultist","floor":3,"turns":4},{"damage":16,"enemies":"3 Louse","floor":5,"turns":3},{"damage":12,"enemies":"Gremlin Nob","floor":6,"turns":4},{"damage":12,"enemies":"2 Fungi Beasts","floor":7,"turns":2},{"damage":14,"enemies":"Exordium Wildlife","floor":10,"turns":3},{"damage":7,"enemies":"The Mushroom Lair","floor":11,"turns":5},{"damage":6,"enemies":"Large Slime","floor":13,"turns":4},{"damage":10,"enemies":"Looter","floor":14,"turns":3},{"damage":27,"enemies":"Hexaghost","floor":16,"turns":10},{"damage":0,"enemies":"3 Byrds","floor":18,"turns":4},{"damage":8,"enemies":"2 Thieves","floor":19,"turns":4},{"damage":24,"enemies":"Snake Plant","floor":21,"turns":5},{"damage":9,"enemies":"Chosen and Byrds","floor":22,"turns":5},{"damage":40,"enemies":"Slavers","floor":23,"turns":3}],"seed_played":"4125045794707691020","potions_obtained":[{"floor":1,"key":"Block Potion"},{"floor":6,"key":"Ancient Potion"},{"floor":11,"key":"Poison Potion"},{"floor":12,"key":"EssenceOfSteel"},{"floor":14,"key":"FearPotion"},{"floor":21,"key":"Strength Potion"},{"floor":22,"key":"Ancient Potion"}],"is_trial":false,"path_per_floor":["M","M","M","$","M","E","M","R","T","M","?","?","M","M","R","B",null,"M","M","$","M","M","E"],"character_chosen":"DEFECT","items_purchased":["Capacitor","Loop","Conserve Battery"],"campfire_rested":2,"item_purchase_floors":[4,20,20],"current_hp_per_floor":[74,74,70,70,54,42,30,52,52,38,31,31,25,15,37,10,75,75,67,67,43,34,0],"gold":41,"neow_bonus":"UPGRADE_CARD","is_prod":false,"is_daily":false,"chose_seed":false,"campfire_upgraded":0,"win_rate":0,"timestamp":1566727106,"path_taken":["M","M","M","$","M","E","M","R","T","M","?","?","?","M","R","BOSS","M","M","$","M","M","E"],"build_version":"2019-07-17","purchased_purges":2,"victory":false,"max_hp_per_floor":[75,75,75,75,75,75,75,75,75,75,75,75,75,75,75,75,75,75,75,75,75,75,75],"card_choices":[{"not_picked":["Coolheaded","Stack"],"picked":"Storm","floor":1},{"not_picked":["Leap","Compile Driver"],"picked":"Barrage","floor":2},{"not_picked":["Consume","Compile Driver"],"picked":"Force Field","floor":3},{"not_picked":["Fission","Redo"],"picked":"Hello World","floor":5},{"not_picked":["Go for the Eyes","Redo"],"picked":"Electrodynamics","floor":6},{"not_picked":["Stack","Melter"],"picked":"Cold Snap","floor":7},{"not_picked":["Gash","Force Field"],"picked":"Auto Shields","floor":10},{"not_picked":["Barrage","Streamline"],"picked":"Ball Lightning","floor":11},{"not_picked":["Beam Cell","Barrage"],"picked":"Cold Snap","floor":13},{"not_picked":["Barrage","Coolheaded"],"picked":"Leap","floor":14},{"not_picked":["Thunder Strike","Reboot"],"picked":"Multi-Cast","floor":16},{"not_picked":["Compile Driver","Blizzard"],"picked":"Force Field+1","floor":18},{"not_picked":["Rebound+1","Steam Power"],"picked":"Compile Driver","floor":19},{"not_picked":["Stack","Heatsinks"],"picked":"Go for the Eyes","floor":21},{"not_picked":["Beam Cell","Barrage+1"],"picked":"Go for the Eyes+1","floor":22}],"player_experience":60040,"relics_obtained":[{"floor":6,"key":"Bottled Tornado"},{"floor":9,"key":"Kunai"},{"floor":11,"key":"Odd Mushroom"}],"event_choices":[{"damage_healed":0,"gold_gain":0,"player_choice":"Fought Mushrooms","damage_taken":0,"max_hp_gain":0,"max_hp_loss":0,"event_name":"Mushrooms","floor":11,"gold_loss":0},{"damage_healed":0,"gold_gain":0,"player_choice":"Got Potions","damage_taken":0,"max_hp_gain":0,"max_hp_loss":0,"event_name":"Lab","floor":12,"gold_loss":0}],"is_beta":false,"boss_relics":[{"not_picked":["Astrolabe","Calling Bell"],"picked":"Fusion Hammer"}],"items_purged_floors":[4,20],"is_endless":false,"potions_floor_spawned":[1,6,11,14,21,22],"killed_by":"Slavers","ascension_level":1}