{"gold_per_floor":[115,125,136,311,311,311,327,9,9,29,29,57,57],"floor_reached":13,"playtime":389,"items_purged":[],"score":106,"play_id":"a25ded1e-d0b8-4b6b-9818-ad2db6af5982","local_time":"20190826055309","is_ascension_mode":true,"campfire_choices":[{"floor":6,"key":"REST"}],"neow_cost":"NONE","seed_source_timestamp":89387885025100,"circlet_count":0,"master_deck":["Strike_B","Strike_B","Strike_B","Strike_B","Defend_B","Defend_B","Defend_B","Defend_B","Zap","Dualcast","Stack","Conserve Battery","Chaos","Doubt","Electrodynamics","Good Instincts","Scrape","FTL","All For One"],"relics":["Cracked Core","Orichalcum","StoneCalendar","Regal Pillow","Toxic Egg 2","NlothsMask","Art of War"],"potions_floor_usage":[12],"damage_taken":[{"damage":10,"enemies":"Small Slimes","floor":1,"turns":4},{"damage":1,"enemies":"Cultist","floor":2,"turns":3},{"damage":11,"enemies":"2 Louse","floor":3,"turns":3},{"damage":6,"enemies":"Blue Slaver","floor":7,"turns":5},{"damage":5,"enemies":"Looter","floor":10,"turns":3},{"damage":29,"enemies":"Lagavulin","floor":12,"turns":7},{"damage":10,"enemies":"3 Louse","floor":13,"turns":1}],"seed_played":"4980436897489775530","potions_obtained":[{"floor":2,"key":"Regen Potion"}],"is_trial":false,"path_per_floor":["M","M","M","?","?","R","M","$","T","M","?","E","M"],"character_chosen":"DEFECT","items_purchased":["Regal Pillow","Good Instincts","Scrape"],"campfire_rested":1,"item_purchase_floors":[8,8,8],"current_hp_per_floor":[65,64,53,53,11,33,27,27,27,22,22,7,0],"gold":57,"neow_bonus":"RANDOM_COMMON_RELIC","is_prod":false,"is_daily":false,"chose_seed":false,"campfire_upgraded":0,"win_rate":0,"timestamp":1566766389,"path_taken":["M","M","M","?","?","R","M","$","T","M","?","E","?"],"build_version":"2019-07-17","purchased_purges":0,"victory":false,"max_hp_per_floor":[75,75,75,75,75,75,75,75,75,75,75,75,75],"card_choices":[{"not_picked":["Turbo","Compile Driver"],"picked":"Stack","floor":1},{"not_picked":["Redo","Compile Driver"],"picked":"Conserve Battery","floor":2},{"not_picked":["Conserve Battery","Rebound"],"picked":"Chaos","floor":3},{"not_picked":["Scrape","Ball Lightning"],"picked":"Electrodynamics","floor":7},{"not_picked":["Streamline","Stack+1"],"picked":"FTL","floor":10},{"not_picked":["Rebound","Gash"],"picked":"All For One","floor":12}],"player_experience":703301,"relics_obtained":[{"floor":9,"key":"Toxic Egg 2"},{"floor":12,"key":"Art of War"}],"event_choices":[{"damage_healed":0,"gold_gain":175,"player_choice":"AGREE","damage_taken":0,"max_hp_gain":0,"max_hp_loss":0,"event_name":"Liars Game","floor":4,"gold_loss":0,"cards_obtained":["Doubt"]},{"damage_healed":0,"gold_gain":0,"player_choice":"Success","damage_taken":42,"relics_obtained":["StoneCalendar"],"max_hp_gain":0,"max_hp_loss":0,"event_name":"Scrap Ooze","floor":5,"gold_loss":0},{"damage_healed":0,"gold_gain":0,"player_choice":"Trade","damage_taken":0,"relics_obtained":["NlothsMask"],"max_hp_gain":0,"max_hp_loss":0,"event_name":"FaceTrader","floor":11,"gold_loss":0}],"is_beta":false,"boss_relics":[],"items_purged_floors":[],"is_endless":false,"potions_floor_spawned":[2],"killed_by":"3 Louse","ascension_level":5}