{"gold_per_floor":[113,125,145,295,370,404,404,418,442,442,455,63,63,91,91,164,164,182,200,250,261,361,361,376,410,410,410,425,425,425,459,459,459],"floor_reached":33,"playtime":3827,"items_purged":[],"score":516,"play_id":"7cbd2d4d-aca9-4228-8165-980208cdc404","local_time":"20181209010047","is_ascension_mode":true,"campfire_choices":[{"floor":10.0,"key":"REST"},{"data":"Intimidate","floor":13.0,"key":"SMITH"},{"data":"Infernal Blade","floor":15.0,"key":"SMITH"},{"data":"Battle Trance","floor":23.0,"key":"SMITH"},{"floor":27,"key":"REST"},{"data":"Armaments","floor":30,"key":"SMITH"},{"data":"Bloodletting","floor":32,"key":"SMITH"}],"neow_cost":"NONE","seed_source_timestamp":485829441493500,"circlet_count":0,"master_deck":["AscendersBane","Strike_R","Strike_R","Strike_R","Strike_R","Strike_R","Defend_R","Defend_R","Defend_R+1","Defend_R","Bash","Rage+1","Spot Weakness","Intimidate+1","Reaper","Battle Trance+1","Iron Wave","Infernal Blade+1","Impervious","Bloodletting+1","Armaments+1","Fire Breathing+1","Reaper","Power Through","Second Wind+1","Shrug It Off","Headbutt"],"special_seed":0,"relics":["Burning Blood","Regal Pillow","War Paint","Potion Belt","PreservedInsect","Toy Ornithopter","Bronze Scales","Lizard Tail","WingedGreaves","Bottled Lightning","Smiling Mask","Pocketwatch","Meat on the Bone"],"potions_floor_usage":[25],"damage_taken":[{"damage":16.0,"enemies":"2 Louse","floor":1.0,"turns":4.0},{"damage":3.0,"enemies":"Small Slimes","floor":2.0,"turns":5.0},{"damage":3.0,"enemies":"Cultist","floor":3.0,"turns":4.0},{"damage":42.0,"enemies":"3 Sentries","floor":6.0,"turns":8.0},{"damage":0.0,"enemies":"3 Louse","floor":8.0,"turns":3.0},{"damage":14.0,"enemies":"Large Slime","floor":11.0,"turns":7.0},{"damage":20.0,"enemies":"Lagavulin","floor":14.0,"turns":7.0},{"damage":60.0,"enemies":"Slime Boss","floor":16.0,"turns":14.0},{"damage":13.0,"enemies":"Chosen","floor":18.0,"turns":6.0},{"damage":20.0,"enemies":"Shell Parasite","floor":19.0,"turns":5.0},{"damage":21.0,"enemies":"Shelled Parasite and Fungi","floor":21.0,"turns":9.0},{"damage":19.0,"enemies":"Colosseum Slavers","floor":22.0,"turns":5.0},{"damage":14.0,"enemies":"Colosseum Nobs","floor":22.0,"turns":3.0},{"damage":31.0,"enemies":"Snake Plant","floor":24.0,"turns":5.0},{"damage":45,"enemies":"Book of Stabbing","floor":25,"turns":5},{"damage":18,"enemies":"Centurion and Healer","floor":28,"turns":9},{"damage":20,"enemies":"Slavers","floor":31,"turns":7},{"damage":150,"enemies":"Champ","floor":33,"turns":17}],"seed_played":"4765608396702308922","potions_obtained":[{"floor":1.0,"key":"LiquidBronze"},{"floor":2.0,"key":"Energy Potion"},{"floor":6.0,"key":"Energy Potion"},{"floor":8.0,"key":"Strength Potion"},{"floor":16.0,"key":"Fruit Juice"},{"floor":21.0,"key":"Energy Potion"},{"floor":22.0,"key":"Fruit Juice"},{"floor":24.0,"key":"FearPotion"}],"is_trial":false,"path_per_floor":["M","M","M","?","?","E","?","M","T","R","M","$","R","E","R","B",null,"M","M","?","M","?","R","M","E","T","R","M","?","R","E","R","B"],"character_chosen":"IRONCLAD","items_purchased":["PreservedInsect","PowerPotion","Toy Ornithopter"],"campfire_rested":2,"item_purchase_floors":[12,12,12],"current_hp_per_floor":[58,61,64,64,53,17,10,30,30,67,69,69,69,69,69,37,69,62,48,48,46,51,51,43,11,11,51,67,67,67,68,68,0],"gold":459,"neow_bonus":"RANDOM_COMMON_RELIC","is_prod":false,"is_daily":false,"chose_seed":false,"campfire_upgraded":5,"win_rate":0,"timestamp":1544284847,"path_taken":["M","M","M","?","?","E","?","M","T","R","M","$","R","E","R","BOSS","M","M","?","?","?","R","M","E","T","R","M","?","R","E","R","BOSS"],"build_version":"2018-12-06","purchased_purges":0,"victory":false,"max_hp_per_floor":[75,75,75,75,75,75,75,75,75,75,75,75,75,75,75,80,80,80,80,80,80,80,80,85,85,85,85,85,85,85,85,85,85],"card_choices":[{"not_picked":["Fire Breathing","Searing Blow"],"picked":"Rage","floor":1.0},{"not_picked":["Feel No Pain","Burning Pact"],"picked":"Spot Weakness","floor":2.0},{"not_picked":["Rage","Sever Soul"],"picked":"Intimidate","floor":3.0},{"not_picked":["Sword Boomerang","Shockwave"],"picked":"Reaper","floor":6.0},{"not_picked":["Intimidate","Searing Blow"],"picked":"Battle Trance","floor":8.0},{"not_picked":["Pommel Strike","True Grit"],"picked":"Iron Wave","floor":11.0},{"not_picked":["Pummel","Carnage"],"picked":"Infernal Blade","floor":14.0},{"not_picked":["Demon Form","Double Tap"],"picked":"Impervious","floor":16.0},{"not_picked":["Headbutt+1","Sword Boomerang"],"picked":"Bloodletting","floor":18.0},{"not_picked":["Rupture","Infernal Blade"],"picked":"Armaments","floor":19.0},{"not_picked":["Iron Wave","Evolve"],"picked":"Fire Breathing+1","floor":21.0},{"not_picked":["Body Slam","Reckless Charge"],"picked":"Reaper","floor":22.0},{"not_picked":["Dual Wield","Body Slam"],"picked":"Power Through","floor":24.0},{"not_picked":["Sword Boomerang","Clothesline"],"picked":"Second Wind+1","floor":25},{"not_picked":["Armaments","Corruption"],"picked":"Shrug It Off","floor":28},{"not_picked":["Cleave","Body Slam"],"picked":"Headbutt","floor":31}],"player_experience":647716,"relics_obtained":[{"floor":6.0,"key":"War Paint"},{"floor":9.0,"key":"Potion Belt"},{"floor":14.0,"key":"Bronze Scales"},{"floor":22.0,"key":"WingedGreaves"},{"floor":22.0,"key":"Bottled Lightning"},{"floor":25,"key":"Smiling Mask"},{"floor":26,"key":"Pocketwatch"},{"floor":31,"key":"Meat on the Bone"}],"event_choices":[{"damage_healed":0.0,"max_hp_gain":0.0,"max_hp_loss":0.0,"gold_gain":150.0,"event_name":"Liars Game","player_choice":"AGREE","floor":4.0,"gold_loss":0.0,"damage_taken":0.0,"cards_obtained":["Doubt"]},{"damage_healed":0.0,"max_hp_gain":0.0,"max_hp_loss":0.0,"gold_gain":75.0,"event_name":"World of Goop","player_choice":"Gather Gold","floor":5.0,"gold_loss":0.0,"damage_taken":11.0},{"cards_removed":["Doubt"],"damage_healed":0.0,"max_hp_gain":0.0,"max_hp_loss":0.0,"gold_gain":0.0,"event_name":"Golden Wing","player_choice":"Card Removal","floor":7.0,"gold_loss":0.0,"damage_taken":7.0},{"damage_healed":0.0,"max_hp_gain":0.0,"max_hp_loss":0.0,"gold_gain":100.0,"event_name":"The Joust","player_choice":"Bet on Murderer","floor":20.0,"gold_loss":50.0,"damage_taken":0.0},{"damage_healed":0.0,"max_hp_gain":0.0,"max_hp_loss":0.0,"gold_gain":0.0,"event_name":"Colosseum","player_choice":"Fight","floor":22.0,"gold_loss":0.0,"damage_taken":0.0},{"damage_healed":0.0,"max_hp_gain":0.0,"max_hp_loss":0.0,"gold_gain":0.0,"event_name":"Colosseum","player_choice":"Fought Nobs","floor":22.0,"gold_loss":0.0,"damage_taken":0.0},{"damage_healed":0,"gold_gain":0,"player_choice":"Ignored","damage_taken":0,"max_hp_gain":0,"max_hp_loss":0,"event_name":"Ghosts","floor":29,"gold_loss":0}],"is_beta":false,"boss_relics":[{"not_picked":["Ectoplasm","Sozu"],"picked":"Lizard Tail"}],"items_purged_floors":[],"is_endless":false,"potions_floor_spawned":[1,2,6,8,16,21,22,24],"killed_by":"Champ","ascension_level":15}