{"gold_per_floor":[111,130,141,141,195,195,210,210,210,228,238,313,613,641,641,744,744,764,441,541,561,561,561,561,571,626,637,653,653,688,688],"floor_reached":31,"playtime":4576,"items_purged":["Regret"],"score":257,"play_id":"d8eb87b8-334b-426d-854f-4a049c8e115d","local_time":"20180829013232","is_ascension_mode":false,"campfire_choices":[{"data":"Sunder","floor":6,"key":"SMITH"},{"data":"Zap","floor":8,"key":"SMITH"},{"data":"Dualcast","floor":15,"key":"SMITH"},{"data":"Electrodynamics","floor":23,"key":"SMITH"},{"floor":29,"key":"REST"}],"neow_cost":"NONE","seed_source_timestamp":997717862790853,"circlet_count":0,"master_deck":["Strike_B","Strike_B","Strike_B","Defend_B","Defend_B","Defend_B","Defend_B","Zap+1","Dualcast+1","Sunder+1","Streamline","All For One","Hello World","Scrape","Steam","Gash","Electrodynamics+1","Enlightenment","Conserve Battery","Go for the Eyes","White Noise","Beam Cell","Sweeping Beam"],"relics":["Velvet Choker","Vajra","Dream Catcher","Old Coin","Dodecahedron","Busted Crown","Potion Belt","Tiny Chest","Orichalcum"],"potions_floor_usage":[14,16,16,27,28,30,30],"damage_taken":[{"damage":2,"enemies":"2 Louse","floor":1,"turns":2},{"damage":5,"enemies":"Cultist","floor":2,"turns":4},{"damage":6,"enemies":"Jaw Worm","floor":3,"turns":3},{"damage":6,"enemies":"Exordium Wildlife","floor":7,"turns":2},{"damage":0,"enemies":"Large Slime","floor":10,"turns":3},{"damage":0,"enemies":"2 Fungi Beasts","floor":11,"turns":2},{"damage":4,"enemies":"Lagavulin","floor":14,"turns":5},{"damage":29,"enemies":"Hexaghost","floor":16,"turns":7},{"damage":7,"enemies":"Chosen","floor":18,"turns":4},{"damage":17,"enemies":"Spheric Guardian","floor":21,"turns":4},{"damage":24,"enemies":"Colosseum Slavers","floor":24,"turns":4},{"damage":5,"enemies":"Snecko","floor":25,"turns":4},{"damage":13,"enemies":"Centurion and Healer","floor":27,"turns":4},{"damage":5,"enemies":"Cultist and Chosen","floor":28,"turns":5},{"damage":20,"enemies":"Gremlin Leader","floor":30,"turns":6},{"damage":7,"enemies":"Shelled Parasite and Fungi","floor":31,"turns":1}],"seed_played":"-7500211646744855036","potions_obtained":[{"floor":3,"key":"Weak Potion"},{"floor":7,"key":"SteroidPotion"},{"floor":11,"key":"Explosive Potion"},{"floor":14,"key":"Fire Potion"},{"floor":18,"key":"Weak Potion"},{"floor":25,"key":"SneckoOil"},{"floor":28,"key":"LiquidBronze"}],"is_trial":false,"path_per_floor":["M","M","M","?","T","R","M","R","T","M","M","?","?","E","R","B",null,"M","$","?","M","?","R","?","M","T","M","M","R","E"],"character_chosen":"DEFECT","items_purchased":["Potion Belt","Enlightenment"],"campfire_rested":1,"item_purchase_floors":[19,19],"current_hp_per_floor":[73,68,62,62,62,62,56,56,56,56,56,45,45,41,41,12,75,68,68,68,51,51,51,27,22,22,9,4,26,6,0],"gold":688,"neow_bonus":"BOSS_RELIC","is_prod":false,"is_daily":false,"chose_seed":false,"campfire_upgraded":4,"win_rate":0.0,"timestamp":1535473952,"path_taken":["M","M","M","?","?","R","M","R","T","M","M","?","?","E","R","BOSS","M","$","?","M","?","R","?","M","T","M","M","R","E","?"],"build_version":"2018-08-23v2","purchased_purges":1,"victory":false,"max_hp_per_floor":[75,75,75,75,75,75,75,75,75,75,75,75,75,75,75,75,75,75,75,75,75,75,75,75,75,75,75,75,75,75,75],"card_choices":[{"not_picked":["Ball Lightning","Chill"],"picked":"Sunder","floor":1},{"not_picked":["Leap","Stack"],"picked":"Streamline","floor":2},{"not_picked":["Redo","Loop"],"picked":"All For One","floor":3},{"not_picked":["Chaos","Cold Snap"],"picked":"Hello World","floor":7},{"not_picked":["Coolheaded","Hologram"],"picked":"Scrape","floor":10},{"not_picked":["Streamline","Turbo"],"picked":"Steam","floor":11},{"not_picked":["Stack","Leap"],"picked":"Gash","floor":14},{"not_picked":["Fission","Multi-Cast"],"picked":"Electrodynamics","floor":16},{"not_picked":["Compile Driver"],"picked":"SKIP","floor":18},{"not_picked":[],"picked":"Conserve Battery","floor":21},{"not_picked":[],"picked":"White Noise","floor":25},{"not_picked":[],"picked":"Beam Cell","floor":27},{"not_picked":[],"picked":"Sweeping Beam","floor":28},{"not_picked":["Lockon"],"picked":"SKIP","floor":30}],"player_experience":344755,"relics_obtained":[{"floor":5,"key":"Vajra"},{"floor":9,"key":"Dream Catcher"},{"floor":14,"key":"Dodecahedron"},{"floor":26,"key":"Tiny Chest"},{"floor":30,"key":"Orichalcum"}],"event_choices":[{"event_name":"Purifier","player_choice":"One Purge","floor":4,"damage_taken":0},{"event_name":"World of Goop","player_choice":"Gather Gold","floor":12,"damage_taken":0},{"event_name":"Big Fish","player_choice":"Box","floor":13,"damage_taken":0},{"event_name":"Golden Shrine","player_choice":"Pray","floor":20,"damage_taken":0},{"event_name":"The Library","player_choice":"Read","floor":22,"damage_taken":0},{"event_name":"Colosseum","player_choice":"Fight","floor":24,"damage_taken":0},{"event_name":"Colosseum","player_choice":"Fled From Nobs","floor":24,"damage_taken":0}],"is_beta":false,"boss_relics":[{"not_picked":["Fusion Hammer","White Beast Statue"],"picked":"Busted Crown"}],"items_purged_floors":[19],"is_endless":false,"potions_floor_spawned":[3,7,11,14,18,25,28],"killed_by":"Shelled Parasite and Fungi","ascension_level":0}