{"gold_per_floor":[114,114,129,60,75,75,105,105,105,120,135,150,165,180,180,280,330,345,345,50,125,140,140,170,170,220,220,235,235,250,250,250,350,350,365,465,36,0,0,0],"floor_reached":40,"playtime":3656,"items_purged":[],"score":431,"play_id":"21176528-d25a-46aa-80a6-6bcc555db5e3","local_time":"20181031040351","daily_mods":["Chimera","Green Cards","Careless"],"is_ascension_mode":false,"campfire_choices":[{"data":"Anger","floor":6,"key":"SMITH"},{"data":"Crippling Poison","floor":8,"key":"SMITH"},{"data":"Corruption","floor":15,"key":"SMITH"},{"data":"Hemokinesis","floor":23,"key":"SMITH"},{"data":"Backflip","floor":25,"key":"SMITH"},{"data":"Inflame","floor":29,"key":"SMITH"},{"floor":32,"key":"REST"}],"neow_cost":"","seed_source_timestamp":0,"circlet_count":0,"master_deck":["Bash","Survivor","Zap","Strike_R","Strike_G","Defend_R","Defend_G","Defend_B","Anger+1","Backflip+1","Distraction","Reaper+1","Dagger Throw","Crippling Poison+1","Fiend Fire","Inflame+1","Corruption+1","Deflect","Heavy Blade","Corpse Explosion","Dagger Spray","Hemokinesis+1","Swift Strike","Noxious Fumes+1","Sucker Punch+1","Demon Form","Terror","Corpse Explosion","Bash","Berserk","Doppelganger","Iron Wave","Backflip"],"special_seed":17834,"relics":["Burning Blood","Lantern","Blue Candle","Tiny House","Strange Spoon","Question Card","Kunai","Juzu Bracelet","PreservedInsect","Black Star","Ice Cream","Unceasing Top","Red Mask"],"potions_floor_usage":[7,12,16,18,24,24,33,40,40,40,40],"damage_taken":[{"damage":10,"enemies":"Small Slimes","floor":1,"turns":3},{"damage":1,"enemies":"Cultist","floor":3,"turns":3},{"damage":0,"enemies":"2 Louse","floor":5,"turns":2},{"damage":11,"enemies":"3 Sentries","floor":7,"turns":7},{"damage":13,"enemies":"Lots of Slimes","floor":10,"turns":3},{"damage":4,"enemies":"Gremlin Gang","floor":11,"turns":3},{"damage":0,"enemies":"Large Slime","floor":12,"turns":5},{"damage":3,"enemies":"2 Fungi Beasts","floor":13,"turns":3},{"damage":0,"enemies":"Looter","floor":14,"turns":3},{"damage":67,"enemies":"Hexaghost","floor":16,"turns":10},{"damage":21,"enemies":"Spheric Guardian","floor":18,"turns":5},{"damage":0,"enemies":"3 Byrds","floor":22,"turns":2},{"damage":8,"enemies":"Slavers","floor":24,"turns":4},{"damage":22,"enemies":"Centurion and Healer","floor":28,"turns":4},{"damage":16,"enemies":"Chosen and Byrds","floor":30,"turns":4},{"damage":44,"enemies":"Collector","floor":33,"turns":6},{"damage":46,"enemies":"3 Darklings","floor":35,"turns":5},{"damage":41,"enemies":"Mind Bloom Boss Battle","floor":36,"turns":8},{"damage":60,"enemies":"Reptomancer","floor":40,"turns":5}],"seed_played":"-1635922721403175301","potions_obtained":[{"floor":1,"key":"GamblersBrew"},{"floor":5,"key":"SteroidPotion"},{"floor":10,"key":"Ancient Potion"},{"floor":12,"key":"AttackPotion"},{"floor":16,"key":"EssenceOfSteel"},{"floor":17,"key":"AttackPotion"},{"floor":18,"key":"LiquidBronze"},{"floor":22,"key":"SkillPotion"},{"floor":28,"key":"GamblersBrew"},{"floor":39,"key":"EntropicBrew"},{"floor":39,"key":"Weak Potion"}],"is_trial":false,"path_per_floor":["M","?","M","$","M","R","E","R","T","M","M","M","M","M","R","B",null,"M","?","$","T","M","R","E","R","T","?","M","R","M","?","R","B",null,"M","?","$","?","?"],"character_chosen":"IRONCLAD","items_purchased":["Reaper","Strange Spoon","Swift Strike","Unceasing Top","BloodPotion","Backflip"],"campfire_rested":1,"item_purchase_floors":[4,20,20,37,37,37],"current_hp_per_floor":[76,76,80,80,80,80,77,77,77,73,80,80,80,80,80,19,85,77,61,61,61,82,82,80,80,80,80,69,69,66,66,90,52,90,66,49,49,49,49,0],"gold":0,"neow_bonus":"","is_prod":false,"is_daily":true,"chose_seed":false,"campfire_upgraded":6,"win_rate":0,"timestamp":1540926231,"path_taken":["M","?","M","$","M","R","E","R","T","M","?","?","M","?","R","BOSS","M","?","$","?","M","R","E","R","T","?","M","R","M","?","R","BOSS","M","?","$","?","?","E"],"build_version":"2018-10-25v2","purchased_purges":0,"victory":false,"max_hp_per_floor":[80,80,80,80,80,80,80,80,80,80,80,80,80,80,80,80,85,85,90,90,90,90,90,90,90,90,90,90,90,90,90,90,90,90,90,90,90,90,90,90],"card_choices":[{"not_picked":["Reflex","Bane"],"picked":"Anger","floor":1},{"not_picked":["Wild Strike","Second Wind"],"picked":"Distraction","floor":3},{"not_picked":["Blade Dance","Twin Strike"],"picked":"Dagger Throw","floor":5},{"not_picked":["Noxious Fumes","Havoc"],"picked":"Crippling Poison","floor":7},{"not_picked":["Poisoned Stab","Cloak And Dagger"],"picked":"Fiend Fire","floor":10},{"not_picked":["Sucker Punch","Poisoned Stab"],"picked":"Inflame","floor":11},{"not_picked":["Twin Strike","Flex"],"picked":"Corruption","floor":12},{"not_picked":["Flex","Evolve"],"picked":"Deflect","floor":13},{"not_picked":["Backflip","PiercingWail"],"picked":"Heavy Blade","floor":14},{"not_picked":["Bludgeon","Doppelganger"],"picked":"Corpse Explosion","floor":16},{"not_picked":["Outmaneuver","Riddle With Holes"],"picked":"Dagger Spray","floor":17},{"not_picked":["Headbutt","Thunderclap"],"picked":"Hemokinesis","floor":18},{"not_picked":["Havoc+1","Heel Hook","Deflect"],"picked":"Noxious Fumes+1","floor":22},{"not_picked":["Sever Soul","Footwork","Flying Knee"],"picked":"Sucker Punch+1","floor":24},{"not_picked":["Prepared+1","Cleave","Wild Strike"],"picked":"Demon Form","floor":28},{"not_picked":["Iron Wave+1","Heavy Blade","Cleave"],"picked":"Terror","floor":30},{"not_picked":["Night Terror","Burst","Unload"],"picked":"Berserk","floor":33},{"not_picked":["Prepared+1","Pommel Strike","Clash+1"],"picked":"Doppelganger","floor":35},{"not_picked":["Sucker Punch+1","PiercingWail","Uppercut+1"],"picked":"Iron Wave","floor":36}],"player_experience":356486,"relics_obtained":[{"floor":7,"key":"Lantern"},{"floor":9,"key":"Blue Candle"},{"floor":21,"key":"Question Card"},{"floor":24,"key":"Kunai"},{"floor":26,"key":"Juzu Bracelet"},{"floor":36,"key":"Ice Cream"}],"event_choices":[{"damage_healed":0,"gold_gain":0,"cards_transformed":["Strike_B"],"player_choice":"Transformed","damage_taken":0,"max_hp_gain":0,"max_hp_loss":0,"event_name":"Transmorgrifier","floor":2,"gold_loss":0,"cards_obtained":["Backflip"]},{"damage_healed":0,"gold_gain":0,"player_choice":"Shed Blood","damage_taken":21,"max_hp_gain":5,"max_hp_loss":0,"event_name":"Forgotten Altar","floor":19,"gold_loss":0},{"damage_healed":0,"gold_gain":0,"player_choice":"Gave Potion","damage_taken":0,"relics_obtained":["PreservedInsect"],"max_hp_gain":0,"max_hp_loss":0,"event_name":"WeMeetAgain","floor":27,"gold_loss":0},{"damage_healed":0,"gold_gain":0,"player_choice":"2 cards matched","damage_taken":0,"max_hp_gain":0,"max_hp_loss":0,"event_name":"Match and Keep!","floor":31,"gold_loss":0,"cards_obtained":["Corpse Explosion","Bash"]},{"damage_healed":0,"gold_gain":0,"player_choice":"Fight","damage_taken":0,"max_hp_gain":0,"max_hp_loss":0,"event_name":"MindBloom","floor":36,"gold_loss":0},{"damage_healed":0,"gold_gain":0,"player_choice":"Paid","damage_taken":0,"relics_obtained":["Red Mask"],"max_hp_gain":0,"max_hp_loss":0,"event_name":"Tomb of Lord Red Mask","floor":38,"gold_loss":36},{"damage_healed":0,"gold_gain":0,"player_choice":"Got Potions","damage_taken":0,"max_hp_gain":0,"max_hp_loss":0,"event_name":"The Lab","floor":39,"gold_loss":0}],"is_beta":false,"boss_relics":[{"not_picked":["Fusion Hammer","Philosopher\u0027s Stone"],"picked":"Tiny House"},{"not_picked":["Runic Pyramid","Eternal Feather"],"picked":"Black Star"}],"items_purged_floors":[],"is_endless":false,"potions_floor_spawned":[1,5,10,12,16,18,22,28],"killed_by":"Reptomancer","ascension_level":0}