{"gold_per_floor":[112,187,187,204,215,215,233,233,233,233,246,277,306,318,318,417,717,744,756,785,797,809],"floor_reached":22,"playtime":2669,"items_purged":[],"score":186,"play_id":"79748e9a-0d9f-4340-8d9f-9c3882f8f1ed","local_time":"20181127231646","is_ascension_mode":false,"campfire_choices":[{"data":"Zap","floor":6,"key":"SMITH"},{"floor":8,"key":"REST"},{"floor":15,"key":"REST"}],"neow_cost":"NONE","seed_source_timestamp":1053713368300,"circlet_count":0,"master_deck":["Strike_B","Strike_B","Strike_B","Strike_B","Defend_B","Defend_B","Defend_B","Zap+1","Dualcast","Leap","Cold Snap","Sweeping Beam","Melter","Beam Cell","Auto Shields","Turbo","Fission","Electrodynamics","Parasite","Pain","Writhe","Defragment","Compile Driver+1","Decay"],"relics":["Philosopher\u0027s Stone","Mummified Hand","Odd Mushroom","Calling Bell","MawBank","The Courier","Old Coin"],"potions_floor_usage":[12,16,16,16,16,16,18,19,19],"damage_taken":[{"damage":5,"enemies":"Cultist","floor":1,"turns":4},{"damage":5,"enemies":"Jaw Worm","floor":4,"turns":4},{"damage":0,"enemies":"Small Slimes","floor":5,"turns":3},{"damage":6,"enemies":"Red Slaver","floor":7,"turns":3},{"damage":5,"enemies":"Blue Slaver","floor":11,"turns":3},{"damage":13,"enemies":"Lagavulin","floor":12,"turns":6},{"damage":13,"enemies":"The Mushroom Lair","floor":13,"turns":4},{"damage":0,"enemies":"Large Slime","floor":14,"turns":5},{"damage":36,"enemies":"Hexaghost","floor":16,"turns":11},{"damage":29,"enemies":"3 Byrds","floor":18,"turns":4},{"damage":48,"enemies":"Colosseum Slavers","floor":19,"turns":5},{"damage":2,"enemies":"Spheric Guardian","floor":20,"turns":3},{"damage":15,"enemies":"Centurion and Healer","floor":22,"turns":1}],"seed_played":"-8146983874784824447","potions_obtained":[{"floor":4,"key":"FocusPotion"},{"floor":5,"key":"Swift Potion"},{"floor":7,"key":"Dexterity Potion"},{"floor":10,"key":"Energy Potion"},{"floor":10,"key":"EntropicBrew"},{"floor":12,"key":"FocusPotion"},{"floor":16,"key":"Regen Potion"},{"floor":18,"key":"Strength Potion"}],"is_trial":false,"path_per_floor":["M","?","?","M","M","R","M","R","T","?","M","E","?","M","R","B",null,"M","?","M","?","M"],"character_chosen":"DEFECT","items_purchased":[],"campfire_rested":2,"item_purchase_floors":[],"current_hp_per_floor":[70,59,52,47,47,47,41,63,63,63,58,45,32,32,54,18,75,46,12,10,10,0],"gold":809,"neow_bonus":"BOSS_RELIC","is_prod":false,"is_daily":false,"chose_seed":false,"campfire_upgraded":1,"win_rate":0,"timestamp":1543328206,"path_taken":["M","?","?","M","M","R","M","R","T","?","?","E","?","M","R","BOSS","M","?","M","?","M"],"build_version":"2018-11-15","purchased_purges":0,"victory":false,"max_hp_per_floor":[75,75,75,75,75,75,75,75,75,75,75,75,75,75,75,75,75,75,75,75,75,75],"card_choices":[{"not_picked":["Gash","Stack"],"picked":"Leap","floor":1},{"not_picked":["Aggregate","Force Field"],"picked":"Cold Snap","floor":4},{"not_picked":["Redo","Gash"],"picked":"Sweeping Beam","floor":5},{"not_picked":["Sweeping Beam","Echo Form"],"picked":"Melter","floor":7},{"not_picked":["Gash","Sweeping Beam"],"picked":"Beam Cell","floor":11},{"not_picked":["Leap","Steam"],"picked":"Auto Shields","floor":12},{"not_picked":["Fusion","Sweeping Beam"],"picked":"Turbo","floor":13},{"not_picked":["Gash","Genetic Algorithm"],"picked":"Fission","floor":14},{"not_picked":["All For One","Amplify"],"picked":"Electrodynamics","floor":16},{"not_picked":["Reprogram","Leap"],"picked":"Defragment","floor":18},{"not_picked":["Beam Cell","Loop"],"picked":"Compile Driver+1","floor":20}],"player_experience":501501,"relics_obtained":[{"floor":12,"key":"Mummified Hand"},{"floor":13,"key":"Odd Mushroom"},{"floor":17,"key":"MawBank"},{"floor":17,"key":"The Courier"},{"floor":17,"key":"Old Coin"}],"event_choices":[{"damage_healed":0,"gold_gain":75,"player_choice":"Gather Gold","damage_taken":11,"max_hp_gain":0,"max_hp_loss":0,"event_name":"World of Goop","floor":2,"gold_loss":0},{"cards_removed":["Defend_B"],"damage_healed":0,"gold_gain":0,"player_choice":"Card Removal","damage_taken":7,"max_hp_gain":0,"max_hp_loss":0,"event_name":"Golden Wing","floor":3,"gold_loss":0},{"damage_healed":0,"gold_gain":0,"player_choice":"Got Potions","damage_taken":0,"max_hp_gain":0,"max_hp_loss":0,"event_name":"Lab","floor":10,"gold_loss":0},{"damage_healed":0,"gold_gain":0,"player_choice":"Fought Mushrooms","damage_taken":0,"max_hp_gain":0,"max_hp_loss":0,"event_name":"Mushrooms","floor":13,"gold_loss":0},{"damage_healed":0,"gold_gain":0,"player_choice":"Fight","damage_taken":0,"max_hp_gain":0,"max_hp_loss":0,"event_name":"Colosseum","floor":19,"gold_loss":0},{"damage_healed":0,"gold_gain":0,"player_choice":"Fled From Nobs","damage_taken":0,"max_hp_gain":0,"max_hp_loss":0,"event_name":"Colosseum","floor":19,"gold_loss":0},{"damage_healed":0,"gold_gain":0,"player_choice":"Smashed Altar","damage_taken":0,"max_hp_gain":0,"max_hp_loss":0,"event_name":"Forgotten Altar","floor":21,"gold_loss":0,"cards_obtained":["Decay"]}],"is_beta":false,"boss_relics":[{"not_picked":["Runic Pyramid","Tiny House"],"picked":"Calling Bell"}],"items_purged_floors":[],"is_endless":false,"potions_floor_spawned":[4,5,7,12,16,18],"killed_by":"Centurion and Healer","ascension_level":0}