{"gold_per_floor":[119,130,141,159,174,206,206,216,216,233,233,264,68,19,19,117,117,135,135,146,46,64,64,83,83,83,112,139,150,150,166,166,269,269,288,288,5,105,118,118,136,136,136,136,154,169,169,187,187,187],"floor_reached":51,"playtime":9242,"items_purged":["Strike_B","Strike_B","Strike_B"],"score":733,"play_id":"97c29e95-4f5b-4f1e-ad4d-e4902e634839","local_time":"20190630083747","is_ascension_mode":false,"campfire_choices":[{"data":"Chaos","floor":7,"key":"SMITH"},{"floor":11,"key":"REST"},{"data":"Chill","floor":15,"key":"SMITH"},{"data":"Fission","floor":23,"key":"SMITH"},{"floor":25,"key":"REST"},{"floor":30,"key":"REST"},{"data":"Go for the Eyes","floor":32,"key":"SMITH"},{"floor":40,"key":"REST"},{"data":"Double Energy","floor":42,"key":"SMITH"},{"floor":47,"key":"REST"},{"floor":49,"key":"REST"}],"neow_cost":"NONE","seed_source_timestamp":85802976457300,"circlet_count":0,"master_deck":["Strike_B","Defend_B","Defend_B","Defend_B","Defend_B","Zap","Dualcast","Barrage","Chaos+1","Cold Snap","Barrage","Gash","Compile Driver","Gash","Leap","Chill+1","Leap","All For One","Fission+1","Coolheaded","Turbo","Leap+1","Go for the Eyes+1","Leap+1","Go for the Eyes+1","Melter","Capacitor","Reprogram","Beam Cell+1","Barrage+1","Double Energy+1","Go for the Eyes","Impatience","FTL","Steam Power","Compile Driver+1","Compile Driver"],"relics":["Cracked Core","Ancient Tea Set","Mango","Orichalcum","Nuclear Battery","Meat on the Bone","Pear","Pen Nib","White Beast Statue","Nunchaku","Bronze Scales"],"potions_floor_usage":[6,12,16,16,27,33,33,38,41,45,46,50],"damage_taken":[{"damage":0,"enemies":"Cultist","floor":1,"turns":4},{"damage":0,"enemies":"Small Slimes","floor":2,"turns":3},{"damage":1,"enemies":"Jaw Worm","floor":3,"turns":3},{"damage":17,"enemies":"Exordium Wildlife","floor":4,"turns":5},{"damage":5,"enemies":"Blue Slaver","floor":5,"turns":3},{"damage":10,"enemies":"3 Sentries","floor":6,"turns":7},{"damage":11,"enemies":"Large Slime","floor":8,"turns":3},{"damage":8,"enemies":"Red Slaver","floor":10,"turns":3},{"damage":6,"enemies":"Lagavulin","floor":12,"turns":6},{"damage":26,"enemies":"Hexaghost","floor":16,"turns":8},{"damage":1,"enemies":"Shell Parasite","floor":18,"turns":3},{"damage":3,"enemies":"3 Byrds","floor":20,"turns":5},{"damage":8,"enemies":"Sentry and Sphere","floor":22,"turns":5},{"damage":27,"enemies":"Snake Plant","floor":24,"turns":6},{"damage":50,"enemies":"Gremlin Leader","floor":27,"turns":7},{"damage":6,"enemies":"Chosen and Byrds","floor":29,"turns":6},{"damage":4,"enemies":"Centurion and Healer","floor":31,"turns":5},{"damage":34,"enemies":"Automaton","floor":33,"turns":10},{"damage":42,"enemies":"3 Shapes","floor":35,"turns":7},{"damage":15,"enemies":"Mind Bloom Boss Battle","floor":38,"turns":10},{"damage":0,"enemies":"Orb Walker","floor":39,"turns":2},{"damage":0,"enemies":"Transient","floor":41,"turns":5},{"damage":7,"enemies":"Jaw Worm Horde","floor":45,"turns":5},{"damage":28,"enemies":"Spire Growth","floor":46,"turns":4},{"damage":6,"enemies":"Transient","floor":48,"turns":5},{"damage":67,"enemies":"Awakened One","floor":50,"turns":17}],"seed_played":"-6508741251273621874","potions_obtained":[{"floor":1,"key":"SneckoOil"},{"floor":2,"key":"PowerPotion"},{"floor":6,"key":"SteroidPotion"},{"floor":10,"key":"Ancient Potion"},{"floor":12,"key":"PowerPotion"},{"floor":24,"key":"PowerPotion"},{"floor":27,"key":"Strength Potion"},{"floor":29,"key":"Swift Potion"},{"floor":35,"key":"AttackPotion"},{"floor":38,"key":"Fire Potion"},{"floor":39,"key":"Poison Potion"},{"floor":41,"key":"GamblersBrew"},{"floor":45,"key":"GamblersBrew"},{"floor":46,"key":"Ancient Potion"}],"is_trial":false,"path_per_floor":["M","M","M","M","M","E","R","M","T","M","R","E","$","?","R","B",null,"M","?","M","$","M","R","M","R","T","E","T","M","R","M","R","B",null,"M","?","$","?","M","R","M","R","T","?","M","M","R","M","R","B",null],"character_chosen":"DEFECT","items_purchased":["Leap","All For One","Capacitor","Reprogram"],"campfire_rested":6,"item_purchase_floors":[13,13,37,37],"current_hp_per_floor":[82,82,81,64,59,49,49,38,52,44,72,66,66,66,66,40,96,95,95,92,92,84,84,57,85,85,57,57,63,94,90,90,56,106,64,64,64,61,61,92,92,92,92,92,85,57,88,82,106,51],"gold":187,"neow_bonus":"TEN_PERCENT_HP_BONUS","is_prod":false,"is_daily":false,"chose_seed":false,"campfire_upgraded":5,"win_rate":1,"timestamp":1561851467,"path_taken":["M","?","?","M","M","E","R","M","T","M","R","E","$","?","R","BOSS","M","?","M","$","M","R","M","R","T","E","?","M","R","M","R","BOSS","M","?","$","?","M","R","M","R","T","?","M","M","R","M","R","BOSS"],"build_version":"2019-01-23","purchased_purges":3,"victory":true,"max_hp_per_floor":[82,82,82,82,82,82,82,82,96,96,96,96,96,96,96,96,96,96,96,96,96,96,96,96,96,96,106,106,106,106,106,106,106,106,106,106,106,106,106,106,106,106,106,106,106,106,106,106,106,106],"card_choices":[{"not_picked":["Skim","Compile Driver"],"picked":"Barrage","floor":1},{"not_picked":["Conserve Battery","Barrage"],"picked":"Chaos","floor":2},{"not_picked":["Sunder","Compile Driver"],"picked":"Cold Snap","floor":3},{"not_picked":["Ball Lightning","Undo"],"picked":"Barrage","floor":4},{"not_picked":["Doom and Gloom","Rip and Tear"],"picked":"Gash","floor":5},{"not_picked":["Echo Form","Barrage"],"picked":"Compile Driver","floor":6},{"not_picked":["Skim","Leap"],"picked":"Gash","floor":8},{"not_picked":["Blizzard","Hello World"],"picked":"Leap","floor":10},{"not_picked":["Compile Driver","Sunder"],"picked":"Chill","floor":12},{"not_picked":["All For One","Rainbow"],"picked":"Fission","floor":16},{"not_picked":["Redo","Chaos"],"picked":"Coolheaded","floor":18},{"not_picked":["Steam","White Noise"],"picked":"Turbo","floor":20},{"not_picked":["Streamline","Ball Lightning"],"picked":"Leap+1","floor":22},{"not_picked":["Compile Driver","Lockon+1","Thunder Strike"],"picked":"SKIP","floor":24},{"not_picked":["Tempest","Doom and Gloom"],"picked":"Go for the Eyes+1","floor":27},{"not_picked":["Blizzard","Conserve Battery"],"picked":"Leap+1","floor":29},{"not_picked":["Stack","Conserve Battery"],"picked":"Go for the Eyes","floor":31},{"not_picked":["Amplify","Multi-Cast"],"picked":"Creative AI","floor":33},{"not_picked":["Chaos+1","Sunder+1"],"picked":"Melter","floor":35},{"not_picked":["Reprogram+1","Cold Snap+1"],"picked":"Beam Cell+1","floor":38},{"not_picked":["Undo+1","Rebound+1"],"picked":"Barrage+1","floor":39},{"not_picked":["Doom and Gloom+1","Cold Snap"],"picked":"Double Energy","floor":41},{"not_picked":["Genetic Algorithm","BootSequence"],"picked":"Steam Power","floor":45},{"not_picked":["Genetic Algorithm","Doom and Gloom"],"picked":"Compile Driver+1","floor":46},{"not_picked":["Turbo+1","Go for the Eyes+1"],"picked":"Compile Driver","floor":48}],"player_experience":56674,"relics_obtained":[{"floor":6,"key":"Ancient Tea Set"},{"floor":9,"key":"Mango"},{"floor":12,"key":"Orichalcum"},{"floor":26,"key":"Meat on the Bone"},{"floor":27,"key":"Pear"},{"floor":28,"key":"Pen Nib"},{"floor":38,"key":"Nunchaku"},{"floor":43,"key":"Bronze Scales"}],"event_choices":[{"damage_healed":0,"gold_gain":0,"player_choice":"Left Gold","damage_taken":0,"max_hp_gain":0,"max_hp_loss":0,"event_name":"World of Goop","floor":14,"gold_loss":49},{"damage_healed":0,"gold_gain":0,"player_choice":"Ignored","damage_taken":0,"max_hp_gain":0,"max_hp_loss":0,"event_name":"Vampires","floor":19,"gold_loss":0},{"cards_removed":["Creative AI"],"damage_healed":0,"gold_gain":0,"player_choice":"Removed Power","damage_taken":0,"max_hp_gain":0,"max_hp_loss":0,"event_name":"Falling","floor":36,"gold_loss":0},{"damage_healed":0,"gold_gain":0,"player_choice":"Fight","damage_taken":0,"max_hp_gain":0,"max_hp_loss":0,"event_name":"MindBloom","floor":38,"gold_loss":0},{"damage_healed":0,"gold_gain":0,"player_choice":"3 cards matched","damage_taken":0,"max_hp_gain":0,"max_hp_loss":0,"event_name":"Match and Keep!","floor":44,"gold_loss":0,"cards_obtained":["Go for the Eyes","Impatience","FTL"]},{"damage_healed":0,"gold_gain":0,"player_choice":"3 cards matched","damage_taken":0,"max_hp_gain":0,"max_hp_loss":0,"event_name":"Match and Keep!","floor":44,"gold_loss":0,"cards_obtained":["Go for the Eyes","Impatience","FTL"]}],"is_beta":false,"boss_relics":[{"not_picked":["Velvet Choker","Snecko Eye"],"picked":"Nuclear Battery"},{"not_picked":["Runic Dome","Tiny House"],"picked":"White Beast Statue"}],"items_purged_floors":[13,21,37],"is_endless":false,"potions_floor_spawned":[1,2,6,10,12,24,27,29,35,38,39,41,45,46,48],"ascension_level":0}