{"gold_per_floor":[109,120,134,144,74,108,128,143,214,214],"floor_reached":10,"playtime":563,"items_purged":[],"score":101,"play_id":"304691e2-83df-470d-9559-7a801a3dda97","local_time":"20181211010303","is_ascension_mode":true,"campfire_choices":[],"neow_cost":"NONE","seed_source_timestamp":621989910626989,"circlet_count":0,"master_deck":["Defend_G","Defend_G","Defend_G","Defend_G","Defend_G","Strike_G","Strike_G","Strike_G","Strike_G","Strike_G","Survivor","Neutralize","Crippling Poison","Bouncing Flask","PiercingWail","Quick Slash","Noxious Fumes","Blur","Phantasmal Killer","Acrobatics"],"relics":["Ring of the Snake","NeowsBlessing","Frozen Egg 2","Bottled Lightning"],"potions_floor_usage":[6],"damage_taken":[{"damage":0,"enemies":"Cultist","floor":1,"turns":1},{"damage":0,"enemies":"Small Slimes","floor":2,"turns":1},{"damage":0,"enemies":"Jaw Worm","floor":3,"turns":1},{"damage":2,"enemies":"2 Fungi Beasts","floor":4,"turns":3},{"damage":31,"enemies":"3 Sentries","floor":6,"turns":8},{"damage":16,"enemies":"Exordium Thugs","floor":7,"turns":6},{"damage":7,"enemies":"3 Louse","floor":8,"turns":4},{"damage":11,"enemies":"Exordium Wildlife","floor":10,"turns":1}],"seed_played":"3802957861052983022","potions_obtained":[{"floor":3,"key":"SkillPotion"},{"floor":7,"key":"LiquidBronze"}],"is_trial":false,"path_per_floor":["M","M","M","M","$","E","M","M","T","M"],"character_chosen":"THE_SILENT","items_purchased":["Noxious Fumes"],"campfire_rested":0,"item_purchase_floors":[5],"current_hp_per_floor":[63,63,63,61,61,30,14,7,7,0],"gold":214,"neow_bonus":"THREE_ENEMY_KILL","is_prod":false,"is_daily":false,"chose_seed":false,"campfire_upgraded":0,"win_rate":0,"timestamp":1544518983,"path_taken":["M","M","M","M","$","E","M","?","T","M"],"build_version":"2018-12-06","purchased_purges":0,"victory":false,"max_hp_per_floor":[70,70,70,70,70,70,70,70,70,70],"card_choices":[{"not_picked":["Prepared","Dodge and Roll"],"picked":"Crippling Poison","floor":1},{"not_picked":["Infinite Blades","Deadly Poison"],"picked":"Bouncing Flask","floor":2},{"not_picked":["Slice","Outmaneuver"],"picked":"PiercingWail","floor":3},{"not_picked":["Dagger Spray","Calculated Gamble"],"picked":"Quick Slash","floor":4},{"not_picked":["All Out Attack","Predator"],"picked":"Blur","floor":6},{"not_picked":["Eviscerate","Slice"],"picked":"Phantasmal Killer","floor":7},{"not_picked":["Prepared","Slice"],"picked":"Acrobatics","floor":8}],"player_experience":405564,"relics_obtained":[{"floor":6,"key":"Frozen Egg 2"},{"floor":9,"key":"Bottled Lightning"}],"event_choices":[],"is_beta":false,"boss_relics":[],"items_purged_floors":[],"is_endless":false,"potions_floor_spawned":[3,7],"killed_by":"Exordium Wildlife","ascension_level":8}