{"gold_per_floor":[14,32,46,60,235,235,111,124,171,186,186],"floor_reached":11,"playtime":352,"items_purged":["Doubt"],"score":107,"play_id":"2cc852ae-7ce4-4213-a046-f2bd1ca155e4","local_time":"20190814060033","is_ascension_mode":true,"campfire_choices":[{"floor":6,"key":"REST"}],"neow_cost":"NO_GOLD","seed_source_timestamp":312883726048900,"circlet_count":0,"master_deck":["AscendersBane","Strike_B","Strike_B","Defend_B","Defend_B","Defend_B","Defend_B","Zap","Dualcast","Streamline","Storm","Coolheaded","Melter","Hologram","Chill","Rebound"],"relics":["Cracked Core","Smiling Mask"],"potions_floor_usage":[],"damage_taken":[{"damage":7,"enemies":"Jaw Worm","floor":1,"turns":3},{"damage":5,"enemies":"Small Slimes","floor":2,"turns":3},{"damage":4,"enemies":"Cultist","floor":3,"turns":4},{"damage":26,"enemies":"Exordium Thugs","floor":4,"turns":6},{"damage":37,"enemies":"Gremlin Gang","floor":8,"turns":5},{"damage":7,"enemies":"Blue Slaver","floor":10,"turns":3},{"damage":0,"enemies":"Exordium Thugs","floor":11,"turns":1}],"seed_played":"-629804097855020445","potions_obtained":[{"floor":3,"key":"Ancient Potion"}],"is_trial":false,"path_per_floor":["M","M","M","M","?","R","$","M","T","M","M"],"character_chosen":"DEFECT","items_purchased":["Weak Potion"],"campfire_rested":1,"item_purchase_floors":[7],"current_hp_per_floor":[61,56,52,26,26,48,48,11,11,4,4],"gold":186,"neow_bonus":"TRANSFORM_TWO_CARDS","is_prod":false,"is_daily":false,"chose_seed":false,"campfire_upgraded":0,"win_rate":0,"timestamp":1565730033,"path_taken":["M","M","M","M","?","R","$","M","T","M","M"],"build_version":"2019-07-17","purchased_purges":1,"victory":false,"max_hp_per_floor":[75,75,75,75,75,75,75,75,75,75,75],"card_choices":[{"not_picked":["Beam Cell","Lockon","Steam Power"],"picked":"SKIP","floor":1},{"not_picked":["Hologram","Loop"],"picked":"Coolheaded","floor":2},{"not_picked":["Go for the Eyes","Compile Driver"],"picked":"Melter","floor":3},{"not_picked":["Turbo","Barrage"],"picked":"Hologram","floor":4},{"not_picked":["Tempest","Beam Cell"],"picked":"Chill","floor":8},{"not_picked":["Storm","Capacitor"],"picked":"Rebound","floor":10}],"player_experience":700689,"relics_obtained":[{"floor":9,"key":"Smiling Mask"}],"event_choices":[{"damage_healed":0,"gold_gain":175,"player_choice":"AGREE","damage_taken":0,"max_hp_gain":0,"max_hp_loss":0,"event_name":"Liars Game","floor":5,"gold_loss":0,"cards_obtained":["Doubt"]}],"is_beta":false,"boss_relics":[],"items_purged_floors":[7],"is_endless":false,"potions_floor_spawned":[3,8,10],"killed_by":"Exordium Thugs","ascension_level":12}