{"gold_per_floor":[109,109,109,34,52,83,83,101,101,101,112,12,39,57,57,135,135,149,149],"floor_reached":19,"playtime":877,"items_purged":["Regret","Strike_G"],"score":394,"play_id":"d90ba763-43f5-4c4a-bc70-d27c86174180","local_time":"20190806150133","is_ascension_mode":true,"campfire_choices":[{"data":"Predator","floor":7,"key":"SMITH"},{"data":"Survivor","floor":10,"key":"SMITH"},{"data":"Sucker Punch","floor":15,"key":"SMITH"}],"neow_cost":"NONE","seed_source_timestamp":308205753222900,"circlet_count":0,"master_deck":["AscendersBane","Strike_G","Strike_G","Strike_G","Strike_G","Defend_G","Defend_G","Defend_G","Defend_G","Defend_G","Survivor+1","Neutralize+1","Flying Knee","Predator+1","Well Laid Plans","Die Die Die","Sucker Punch+1","Burst","Deadly Poison+1"],"relics":["Ring of the Snake","NeowsBlessing","Singing Bowl","Tough Bandages","Sundial","Calipers","Black Star"],"potions_floor_usage":[13,13,16],"damage_taken":[{"damage":0,"enemies":"Small Slimes","floor":1,"turns":1},{"damage":0,"enemies":"2 Louse","floor":5,"turns":1},{"damage":0,"enemies":"Gremlin Nob","floor":6,"turns":1},{"damage":0,"enemies":"Cultist","floor":8,"turns":3},{"damage":6,"enemies":"Exordium Thugs","floor":11,"turns":5},{"damage":5,"enemies":"Lagavulin","floor":13,"turns":4},{"damage":0,"enemies":"Gremlin Gang","floor":14,"turns":2},{"damage":41,"enemies":"Slime Boss","floor":16,"turns":14},{"damage":28,"enemies":"Shell Parasite","floor":18,"turns":10},{"damage":1,"enemies":"Spheric Guardian","floor":19,"turns":3}],"seed_played":"-8537424532750911790","potions_obtained":[{"floor":6,"key":"AttackPotion"},{"floor":11,"key":"SteroidPotion"},{"floor":13,"key":"AttackPotion"},{"floor":18,"key":"Poison Potion"}],"is_trial":false,"path_per_floor":["M","?","?","$","M","E","R","M","T","R","M","$","E","M","R","B",null,"M","M"],"character_chosen":"THE_SILENT","items_purchased":[],"campfire_rested":0,"item_purchase_floors":[],"current_hp_per_floor":[59,59,59,59,61,61,61,63,63,63,57,57,52,52,52,11,55,27,26],"gold":149,"neow_bonus":"THREE_ENEMY_KILL","is_prod":false,"is_daily":false,"chose_seed":false,"campfire_upgraded":3,"win_rate":0,"timestamp":1565071293,"path_taken":["M","?","?","$","?","E","R","M","T","R","M","?","E","M","R","BOSS","M","?"],"build_version":"2019-07-17","purchased_purges":2,"victory":false,"max_hp_per_floor":[66,66,66,66,68,68,68,70,70,70,70,70,70,70,70,70,70,70,70],"card_choices":[{"not_picked":["Infinite Blades","Dagger Throw"],"picked":"Flying Knee","floor":1},{"not_picked":["Outmaneuver","Poisoned Stab","Underhanded Strike"],"picked":"Singing Bowl","floor":5},{"not_picked":["Outmaneuver","PiercingWail"],"picked":"Predator","floor":6},{"not_picked":["Underhanded Strike","Accuracy","Infinite Blades"],"picked":"Singing Bowl","floor":8},{"not_picked":["Reflex","Bouncing Flask"],"picked":"Well Laid Plans","floor":11},{"not_picked":["Distraction","Prepared"],"picked":"Die Die Die","floor":13},{"not_picked":["Distraction","Riddle With Holes"],"picked":"Sucker Punch","floor":14},{"not_picked":["Phantasmal Killer","Night Terror"],"picked":"Burst","floor":16},{"not_picked":["Bane","Accuracy"],"picked":"Deadly Poison+1","floor":18}],"player_experience":591231,"relics_obtained":[{"floor":6,"key":"Tough Bandages"},{"floor":9,"key":"Sundial"},{"floor":13,"key":"Calipers"}],"event_choices":[{"damage_healed":0,"gold_gain":0,"player_choice":"Box","damage_taken":0,"relics_obtained":["Singing Bowl"],"max_hp_gain":0,"max_hp_loss":0,"event_name":"Big Fish","floor":2,"gold_loss":0,"cards_obtained":["Regret"]},{"damage_healed":0,"gold_gain":0,"player_choice":"Forge","damage_taken":0,"max_hp_gain":0,"max_hp_loss":0,"event_name":"Accursed Blacksmith","floor":3,"gold_loss":0,"cards_upgraded":["Neutralize"]}],"is_beta":false,"boss_relics":[{"not_picked":["Eternal Feather","Lizard Tail"],"picked":"Black Star"}],"items_purged_floors":[4,12],"is_endless":false,"potions_floor_spawned":[6,11,13,18],"killed_by":"Spheric Guardian","ascension_level":19}