{"gold_per_floor":[110,122,140,140,164,207,236,248,260,297,309,354,51,68,68,164,164,179,148,165,181,181,181,206,206,206,206,238,253,280,280,280,382,382,400,400,419,35,47,47,76,94,94,108,108,137,137,148,148,148],"floor_reached":51,"playtime":4641,"items_purged":["Regret","Clash+1"],"score":1203,"play_id":"731298b0-4677-49a7-b031-d5cda3f0e741","local_time":"20190827025447","is_ascension_mode":true,"campfire_choices":[{"floor":8,"key":"REST"},{"floor":11,"key":"REST"},{"floor":15,"key":"REST"},{"data":"Corruption","floor":23,"key":"SMITH"},{"data":"Barricade","floor":25,"key":"SMITH"},{"data":"Bash","floor":27,"key":"SMITH"},{"data":"Evolve","floor":32,"key":"SMITH"},{"floor":40,"key":"REST"},{"data":"True Grit","floor":45,"key":"SMITH"},{"data":"Ghostly","floor":47,"key":"SMITH"},{"data":"Ghostly","floor":49,"key":"SMITH"}],"neow_cost":"NONE","seed_source_timestamp":501485375987300,"circlet_count":0,"master_deck":["AscendersBane","Strike_R+1","Strike_R","Strike_R+1","Strike_R","Strike_R","Defend_R","Defend_R","Defend_R","Defend_R","Bash+1","Wild Strike","Shrug It Off","Power Through+1","Shrug It Off","Sentinel+1","Heavy Blade","Corruption+1","Feed","Evolve+1","Master of Strategy","Clothesline","Barricade+1","Spot Weakness","Reaper","Armaments+1","Ghostly+1","Ghostly+1","Ghostly","Ghostly","Ghostly","Whirlwind+1","Body Slam+1","Pommel Strike+1","RitualDagger+1","Limit Break","Whirlwind+1","Pain","Flex+1","Exhume","Bludgeon+1","Rupture","Inflame","Demon Form","Bloodletting+1","True Grit+1","Power Through+1","Battle Trance"],"relics":["Burning Blood","Whetstone","MawBank","Letter Opener","Shuriken","Paper Frog","War Paint","Runic Cube","Red Mask","Molten Egg 2","Vajra","Turnip","Snecko Eye","WarpedTongs","Blood Vial","Red Skull","Du-Vu Doll"],"potions_floor_usage":[6,10,14,16,18,21,33,33,39,44,50],"damage_taken":[{"damage":3,"enemies":"Jaw Worm","floor":1,"turns":4},{"damage":1,"enemies":"2 Louse","floor":2,"turns":2},{"damage":7,"enemies":"Small Slimes","floor":3,"turns":3},{"damage":11,"enemies":"Looter","floor":5,"turns":3},{"damage":16,"enemies":"Gremlin Nob","floor":6,"turns":3},{"damage":33,"enemies":"Gremlin Gang","floor":7,"turns":6},{"damage":43,"enemies":"Lagavulin","floor":10,"turns":7},{"damage":48,"enemies":"Gremlin Nob","floor":12,"turns":6},{"damage":2,"enemies":"Lots of Slimes","floor":14,"turns":4},{"damage":49,"enemies":"Hexaghost","floor":16,"turns":12},{"damage":0,"enemies":"Spheric Guardian","floor":18,"turns":6},{"damage":33,"enemies":"2 Thieves","floor":19,"turns":5},{"damage":0,"enemies":"Snecko","floor":20,"turns":3},{"damage":37,"enemies":"Snake Plant","floor":21,"turns":5},{"damage":5,"enemies":"Masked Bandits","floor":24,"turns":7},{"damage":12,"enemies":"Slavers","floor":28,"turns":7},{"damage":8,"enemies":"Sentry and Sphere","floor":29,"turns":6},{"damage":2,"enemies":"Book of Stabbing","floor":30,"turns":6},{"damage":2,"enemies":"Champ","floor":33,"turns":8},{"damage":6,"enemies":"3 Darklings","floor":35,"turns":5},{"damage":12,"enemies":"Orb Walker","floor":37,"turns":2},{"damage":45,"enemies":"Transient","floor":39,"turns":5},{"damage":5,"enemies":"Nemesis","floor":41,"turns":7},{"damage":15,"enemies":"Sphere and 2 Shapes","floor":42,"turns":5},{"damage":16,"enemies":"Writhing Mass","floor":44,"turns":5},{"damage":10,"enemies":"Reptomancer","floor":46,"turns":5},{"damage":17,"enemies":"Maw","floor":48,"turns":4},{"damage":16,"enemies":"Awakened One","floor":50,"turns":5}],"seed_played":"-8963254516331016872","potions_obtained":[{"floor":1,"key":"Dexterity Potion"},{"floor":3,"key":"Regen Potion"},{"floor":5,"key":"Fire Potion"},{"floor":12,"key":"Dexterity Potion"},{"floor":14,"key":"Energy Potion"},{"floor":16,"key":"EssenceOfSteel"},{"floor":19,"key":"Poison Potion"},{"floor":28,"key":"GamblersBrew"},{"floor":29,"key":"Weak Potion"},{"floor":33,"key":"Poison Potion"},{"floor":39,"key":"Swift Potion"},{"floor":41,"key":"Block Potion"},{"floor":42,"key":"SteroidPotion"},{"floor":44,"key":"Strength Potion"}],"is_trial":false,"path_per_floor":["M","M","M","?","M","E","M","R","T","E","R","E","$","M","R","B",null,"M","M","M","M","?","R","?","R","T","R","E","M","E","?","R","B",null,"M","?","M","$","M","R","E","M","T","M","R","E","R","M","R","B",null],"character_chosen":"IRONCLAD","items_purchased":["Evolve","Master of Strategy","Exhume","Bludgeon+1","Rupture"],"campfire_rested":4,"item_purchase_floors":[13,13,38,38,38],"current_hp_per_floor":[75,80,79,79,74,64,37,61,61,39,63,21,21,28,52,9,65,71,44,50,28,28,28,34,34,34,34,38,42,46,40,40,44,46,46,46,46,46,7,20,22,15,15,26,26,46,46,46,46,36],"gold":148,"neow_bonus":"RANDOM_COMMON_RELIC","is_prod":false,"is_daily":false,"chose_seed":false,"campfire_upgraded":7,"win_rate":0,"timestamp":1566842087,"path_taken":["M","M","M","?","M","E","M","R","T","E","R","E","$","M","R","BOSS","M","M","M","M","?","R","?","R","T","R","E","M","E","?","R","BOSS","M","?","?","$","M","R","E","M","T","?","R","E","R","M","R","BOSS"],"build_version":"2019-07-17","purchased_purges":2,"victory":true,"max_hp_per_floor":[80,80,80,80,80,80,80,80,80,80,80,80,80,83,83,83,83,83,83,83,86,43,43,43,43,43,43,46,46,46,46,46,46,46,46,46,46,46,46,46,46,46,46,46,46,46,46,46,46,46],"card_choices":[{"not_picked":["Dropkick","Perfected Strike"],"picked":"Wild Strike","floor":1},{"not_picked":["True Grit","Bloodletting"],"picked":"Shrug It Off","floor":2},{"not_picked":["Blood for Blood","Iron Wave"],"picked":"Power Through","floor":3},{"not_picked":["Sentinel","Pommel Strike"],"picked":"Shrug It Off","floor":5},{"not_picked":["Iron Wave","Anger"],"picked":"Sentinel","floor":6},{"not_picked":["Anger","Headbutt"],"picked":"Heavy Blade","floor":7},{"not_picked":["Perfected Strike","Twin Strike"],"picked":"Corruption","floor":10},{"not_picked":["Pommel Strike","Shrug It Off"],"picked":"Feed","floor":12},{"not_picked":["Iron Wave","Havoc"],"picked":"Clothesline","floor":14},{"not_picked":["Juggernaut","Brutality"],"picked":"Barricade","floor":16},{"not_picked":["Perfected Strike","Heavy Blade"],"picked":"Spot Weakness","floor":18},{"not_picked":["Intimidate","Thunderclap+1"],"picked":"Clash+1","floor":19},{"not_picked":["Pummel+1","Clash"],"picked":"Reaper","floor":20},{"not_picked":["Anger","True Grit"],"picked":"Armaments+1","floor":21},{"not_picked":["Brutality","Perfected Strike+1"],"picked":"Whirlwind+1","floor":28},{"not_picked":["Anger+1","Warcry"],"picked":"Body Slam+1","floor":29},{"not_picked":["Reckless Charge+1","Barricade"],"picked":"Pommel Strike+1","floor":30},{"not_picked":["Barricade","Feed+1"],"picked":"Limit Break","floor":33},{"not_picked":["Clothesline+1","Sword Boomerang+1"],"picked":"Whirlwind+1","floor":35},{"not_picked":["Shrug It Off","Clothesline+1"],"picked":"Flex+1","floor":37},{"not_picked":["True Grit+1","Whirlwind+1"],"picked":"Inflame","floor":39},{"not_picked":["Disarm+1","Headbutt+1"],"picked":"Demon Form","floor":41},{"not_picked":["Cleave+1","Armaments"],"picked":"Bloodletting+1","floor":42},{"not_picked":["Anger+1","Armaments"],"picked":"True Grit","floor":44},{"not_picked":["Sword Boomerang+1","Wild Strike+1"],"picked":"Power Through+1","floor":46},{"not_picked":["Searing Blow+1","Armaments"],"picked":"Battle Trance","floor":48}],"player_experience":844214,"relics_obtained":[{"floor":6,"key":"Letter Opener"},{"floor":9,"key":"Shuriken"},{"floor":10,"key":"Paper Frog"},{"floor":12,"key":"War Paint"},{"floor":24,"key":"Red Mask"},{"floor":26,"key":"Molten Egg 2"},{"floor":28,"key":"Vajra"},{"floor":30,"key":"Turnip"},{"floor":41,"key":"Blood Vial"},{"floor":43,"key":"Red Skull"},{"floor":46,"key":"Du-Vu Doll"}],"event_choices":[{"damage_healed":0,"gold_gain":0,"player_choice":"Box","damage_taken":0,"relics_obtained":["MawBank"],"max_hp_gain":0,"max_hp_loss":0,"event_name":"Big Fish","floor":4,"gold_loss":0,"cards_obtained":["Regret"]},{"damage_healed":0,"gold_gain":0,"player_choice":"Became a Ghost","damage_taken":0,"max_hp_gain":0,"max_hp_loss":43,"event_name":"Ghosts","floor":22,"gold_loss":0,"cards_obtained":["Ghostly","Ghostly","Ghostly","Ghostly","Ghostly"]},{"damage_healed":0,"gold_gain":0,"player_choice":"Fought Bandits","damage_taken":0,"max_hp_gain":0,"max_hp_loss":0,"event_name":"Masked Bandits","floor":24,"gold_loss":0},{"damage_healed":0,"gold_gain":0,"player_choice":"Joined the Cult","damage_taken":6,"max_hp_gain":0,"max_hp_loss":0,"event_name":"Nest","floor":31,"gold_loss":0,"cards_obtained":["RitualDagger"]},{"damage_healed":0,"gold_gain":0,"player_choice":"Rummage","damage_taken":0,"relics_obtained":["WarpedTongs"],"max_hp_gain":0,"max_hp_loss":0,"event_name":"Accursed Blacksmith","floor":36,"gold_loss":0,"cards_obtained":["Pain"]}],"is_beta":false,"boss_relics":[{"not_picked":["Ectoplasm","Tiny House"],"picked":"Runic Cube"},{"not_picked":["Coffee Dripper","Velvet Choker"],"picked":"Snecko Eye"}],"items_purged_floors":[13,38],"is_endless":false,"potions_floor_spawned":[1,3,5,12,14,16,19,28,29,30,33,39,41,42,44],"ascension_level":11}