{"gold_per_floor":[118,118,92,106,156,488,488,500,500,520,520,554,42,62,62,136,136,156,176,194,194,194],"floor_reached":22,"playtime":1568,"items_purged":[],"score":382,"play_id":"2d8fd9c3-7224-4793-92d5-663305d2d078","local_time":"20190823075109","is_ascension_mode":true,"campfire_choices":[{"data":"Coolheaded","floor":7,"key":"SMITH"},{"floor":15,"key":"REST"}],"neow_cost":"CURSE","seed_source_timestamp":176750276442400,"circlet_count":0,"master_deck":["AscendersBane","Strike_B","Strike_B","Strike_B","Defend_B","Defend_B","Defend_B","Defend_B","Zap","Dualcast","Electrodynamics","Ball Lightning","Coolheaded+1","Coolheaded","Ball Lightning","Core Surge","Tempest","Streamline","White Noise","Seek","Machine Learning","Consume","Double Energy","Auto Shields","Seek"],"relics":["Cracked Core","Old Coin","Blue Candle","Regal Pillow","Dead Branch","Eternal Feather"],"potions_floor_usage":[6,12,12,16,22],"damage_taken":[{"damage":0,"enemies":"2 Louse","floor":1,"turns":1},{"damage":1,"enemies":"Cultist","floor":4,"turns":3},{"damage":6,"enemies":"Gremlin Nob","floor":6,"turns":3},{"damage":7,"enemies":"Jaw Worm","floor":8,"turns":2},{"damage":10,"enemies":"Gremlin Gang","floor":10,"turns":2},{"damage":12,"enemies":"3 Sentries","floor":12,"turns":5},{"damage":0,"enemies":"Lots of Slimes","floor":14,"turns":1},{"damage":31,"enemies":"Slime Boss","floor":16,"turns":6},{"damage":27,"enemies":"Shell Parasite","floor":18,"turns":9},{"damage":8,"enemies":"Chosen","floor":19,"turns":7},{"damage":26,"enemies":"Centurion and Healer","floor":20,"turns":8},{"damage":1,"enemies":"Snecko","floor":22,"turns":2}],"seed_played":"-7401483210406540074","potions_obtained":[{"floor":1,"key":"Fire Potion"},{"floor":8,"key":"Block Potion"},{"floor":10,"key":"Block Potion"},{"floor":12,"key":"SteroidPotion"},{"floor":20,"key":"Block Potion"}],"is_trial":false,"path_per_floor":["M","?","$","M","?","E","R","M","T","M","?","E","$","M","R","B",null,"M","M","M","?","M"],"character_chosen":"DEFECT","items_purchased":["Coolheaded","Dead Branch","Seek"],"campfire_rested":1,"item_purchase_floors":[3,13,13],"current_hp_per_floor":[64,64,64,63,63,57,57,50,50,40,40,28,28,28,64,33,62,35,27,1,1,0],"gold":194,"neow_bonus":"THREE_RARE_CARDS","is_prod":false,"is_daily":false,"chose_seed":false,"campfire_upgraded":1,"win_rate":0,"timestamp":1566514269,"path_taken":["M","?","$","M","?","E","R","M","T","?","?","E","$","?","R","BOSS","M","M","?","?","?"],"build_version":"2019-07-17","purchased_purges":0,"victory":false,"max_hp_per_floor":[71,71,71,71,71,71,71,71,71,71,71,71,71,71,71,71,71,71,71,71,71,71],"card_choices":[{"not_picked":["Biased Cognition","Creative AI"],"picked":"Electrodynamics","floor":0},{"not_picked":["Stack","Conserve Battery"],"picked":"Ball Lightning","floor":1},{"not_picked":["Compile Driver","Gash"],"picked":"Coolheaded","floor":4},{"not_picked":["Capacitor","Force Field"],"picked":"Ball Lightning","floor":6},{"not_picked":["Sweeping Beam","Redo"],"picked":"Core Surge","floor":8},{"not_picked":["Heatsinks","Coolheaded"],"picked":"Tempest","floor":10},{"not_picked":["Skim","Hologram"],"picked":"White Noise","floor":12},{"not_picked":["Sunder","Steam","Go for the Eyes"],"picked":"SKIP","floor":14},{"not_picked":["Sunder","Steam","Go for the Eyes"],"picked":"SKIP","floor":14},{"not_picked":["All For One","Meteor Strike"],"picked":"Machine Learning","floor":16},{"not_picked":["Aggregate","Hello World+1"],"picked":"Consume","floor":18},{"not_picked":["Force Field","Chaos"],"picked":"Double Energy","floor":19},{"not_picked":["Sweeping Beam","Hologram"],"picked":"Auto Shields","floor":20}],"player_experience":759399,"relics_obtained":[{"floor":6,"key":"Old Coin"},{"floor":9,"key":"Blue Candle"},{"floor":12,"key":"Regal Pillow"}],"event_choices":[{"cards_removed":["Doubt"],"damage_healed":0,"gold_gain":0,"player_choice":"Forget","damage_taken":0,"max_hp_gain":0,"max_hp_loss":0,"event_name":"Living Wall","floor":2,"gold_loss":0},{"damage_healed":0,"gold_gain":50,"player_choice":"Pray","damage_taken":0,"max_hp_gain":0,"max_hp_loss":0,"event_name":"Golden Shrine","floor":5,"gold_loss":0},{"damage_healed":0,"gold_gain":0,"cards_transformed":["Strike_B"],"player_choice":"Transformed","damage_taken":0,"max_hp_gain":0,"max_hp_loss":0,"event_name":"Transmorgrifier","floor":11,"gold_loss":0,"cards_obtained":["Streamline"]},{"damage_healed":0,"gold_gain":0,"player_choice":"Copied","damage_taken":0,"max_hp_gain":0,"max_hp_loss":0,"event_name":"Duplicator","floor":21,"gold_loss":0,"cards_obtained":["Seek"]}],"is_beta":false,"boss_relics":[{"not_picked":["Black Star","Tiny House"],"picked":"Eternal Feather"}],"items_purged_floors":[],"is_endless":false,"potions_floor_spawned":[1,8,10,12,20],"killed_by":"Snecko","ascension_level":19}