{"gold_per_floor":[110,110,124,124,124,124,154,188,268,268,38,51,86,86,86,183,183,202,202,220,70,70,70,102,102,126,126],"floor_reached":27,"playtime":1056,"items_purged":["Strike_R"],"score":401,"play_id":"b47c371b-e8ef-4f1a-9ee2-11fefffc8c38","local_time":"20190827012137","is_ascension_mode":true,"campfire_choices":[{"data":"Rampage","floor":6,"key":"SMITH"},{"data":"Bash","floor":10,"key":"SMITH"},{"data":"Armaments","floor":15,"key":"SMITH"},{"data":"Limit Break","floor":23,"key":"SMITH"},{"floor":25,"key":"REST"}],"neow_cost":"PERCENT_DAMAGE","seed_source_timestamp":115564623405200,"circlet_count":0,"master_deck":["AscendersBane","Defend_R","Defend_R","Defend_R","Defend_R","Bash+1","Armaments+1","Rampage+1","Twin Strike","Shrug It Off","Flame Barrier","Juggernaut","Inflame","Rampage+1","Iron Wave","Limit Break+1","Bite","Bite","Bite","Bite","Bite"],"relics":["Burning Blood","Regal Pillow","Nunchaku","Centennial Puzzle","Question Card","PreservedInsect","Mango","Eternal Feather","Orichalcum","Ancient Tea Set"],"potions_floor_usage":[16,16,24,27],"damage_taken":[{"damage":6,"enemies":"Cultist","floor":1,"turns":4},{"damage":7,"enemies":"Jaw Worm","floor":3,"turns":4},{"damage":23,"enemies":"Lagavulin","floor":8,"turns":9},{"damage":8,"enemies":"Small Slimes","floor":12,"turns":4},{"damage":20,"enemies":"3 Sentries","floor":13,"turns":10},{"damage":55,"enemies":"Hexaghost","floor":16,"turns":12},{"damage":32,"enemies":"Spheric Guardian","floor":18,"turns":7},{"damage":11,"enemies":"Shell Parasite","floor":20,"turns":7},{"damage":75,"enemies":"Gremlin Leader","floor":24,"turns":8},{"damage":71,"enemies":"Slavers","floor":27,"turns":5}],"seed_played":"-466601941269010291","potions_obtained":[{"floor":8,"key":"SpeedPotion"},{"floor":12,"key":"Weak Potion"},{"floor":16,"key":"PowerPotion"},{"floor":20,"key":"SteroidPotion"}],"is_trial":false,"path_per_floor":["M","?","M","?","T","R","?","E","T","R","$","M","E","$","R","B",null,"M","?","M","$","?","R","E","R","T","E"],"character_chosen":"IRONCLAD","items_purchased":["PreservedInsect","Limit Break"],"campfire_rested":1,"item_purchase_floors":[11,21],"current_hp_per_floor":[67,67,66,96,96,96,96,79,79,79,79,77,77,77,77,28,90,64,64,59,59,59,71,15,65,65,0],"gold":126,"neow_bonus":"TWENTY_PERCENT_HP_BONUS","is_prod":false,"is_daily":false,"chose_seed":false,"campfire_upgraded":4,"win_rate":0,"timestamp":1566883297,"path_taken":["M","?","?","?","?","R","?","E","T","R","$","M","E","$","R","BOSS","M","?","M","?","?","R","E","R","T","E"],"build_version":"2019-07-17","purchased_purges":1,"victory":false,"max_hp_per_floor":[96,96,96,96,96,96,96,96,96,96,96,96,110,110,110,110,110,110,110,110,110,77,77,77,77,77,77],"card_choices":[{"not_picked":["Sever Soul","Flame Barrier"],"picked":"Armaments","floor":1},{"not_picked":["Cleave","Warcry"],"picked":"Rampage","floor":3},{"not_picked":["Flex","Perfected Strike"],"picked":"Twin Strike","floor":8},{"not_picked":["Sword Boomerang","Clothesline","Power Through"],"picked":"Shrug It Off","floor":12},{"not_picked":["Barricade","Headbutt","Heavy Blade"],"picked":"Flame Barrier","floor":13},{"not_picked":["Impervious","Berserk","Immolate"],"picked":"Juggernaut","floor":16},{"not_picked":["Pommel Strike","Sever Soul","Twin Strike"],"picked":"Inflame","floor":18},{"not_picked":["Twin Strike","True Grit","Armaments"],"picked":"Iron Wave","floor":20},{"not_picked":["Immolate","True Grit","Hemokinesis","Cleave"],"picked":"SKIP","floor":24}],"player_experience":4118490,"relics_obtained":[{"floor":5,"key":"Regal Pillow"},{"floor":8,"key":"Centennial Puzzle"},{"floor":9,"key":"Question Card"},{"floor":13,"key":"Mango"},{"floor":24,"key":"Orichalcum"},{"floor":26,"key":"Ancient Tea Set"}],"event_choices":[{"damage_healed":0,"gold_gain":0,"player_choice":"Bought 0 Potions","damage_taken":0,"max_hp_gain":0,"max_hp_loss":0,"event_name":"The Woman in Blue","floor":2,"gold_loss":0},{"damage_healed":32,"gold_gain":0,"player_choice":"Banana","damage_taken":0,"max_hp_gain":0,"max_hp_loss":0,"event_name":"Big Fish","floor":4,"gold_loss":0},{"damage_healed":0,"gold_gain":30,"player_choice":"Searched \u00272\u0027 times","damage_taken":0,"relics_obtained":["Nunchaku"],"max_hp_gain":0,"max_hp_loss":0,"event_name":"Dead Adventurer","floor":7,"gold_loss":0},{"damage_healed":0,"gold_gain":0,"player_choice":"Copied","damage_taken":0,"max_hp_gain":0,"max_hp_loss":0,"event_name":"Duplicator","floor":19,"gold_loss":0,"cards_obtained":["Rampage"]},{"damage_healed":0,"gold_gain":0,"player_choice":"Became a vampire","damage_taken":0,"max_hp_gain":0,"max_hp_loss":33,"event_name":"Vampires","floor":22,"gold_loss":0,"cards_obtained":["Bite","Bite","Bite","Bite","Bite"]}],"is_beta":false,"boss_relics":[{"not_picked":["Runic Cube","White Beast Statue"],"picked":"Eternal Feather"}],"items_purged_floors":[11],"is_endless":false,"potions_floor_spawned":[8,12,16,20],"killed_by":"Slavers","ascension_level":12}