{"gold_per_floor":[116,116,191,208,208,208,219,248,248,260,272,272,20,39,39,39],"floor_reached":16,"playtime":544,"items_purged":[],"score":102,"play_id":"bd4c8875-5f1c-4d71-bc34-93d2f701ba38","local_time":"20181127235018","is_ascension_mode":false,"campfire_choices":[{"data":"Zap","floor":6,"key":"SMITH"},{"floor":12,"key":"REST"},{"data":"Sunder","floor":15,"key":"SMITH"}],"neow_cost":"NONE","seed_source_timestamp":5192904561800,"circlet_count":0,"master_deck":["Strike_B","Strike_B","Strike_B","Defend_B","Defend_B","Defend_B","Defend_B","Zap+1","Dualcast","Sweeping Beam","Regret","FTL","Sweeping Beam","Aggregate","Storm","Loop","Sunder+1","Go for the Eyes"],"relics":["Lizard Tail","Ornamental Fan","Mummified Hand","Matryoshka","Mercury Hourglass"],"potions_floor_usage":[8,16],"damage_taken":[{"damage":6,"enemies":"Jaw Worm","floor":1,"turns":5},{"damage":2,"enemies":"Small Slimes","floor":4,"turns":3},{"damage":0,"enemies":"2 Louse","floor":7,"turns":2},{"damage":30,"enemies":"Gremlin Nob","floor":8,"turns":5},{"damage":11,"enemies":"Blue Slaver","floor":10,"turns":4},{"damage":23,"enemies":"Large Slime","floor":11,"turns":5},{"damage":0,"enemies":"2 Fungi Beasts","floor":14,"turns":2},{"damage":55,"enemies":"The Guardian","floor":16,"turns":10}],"seed_played":"7783692215117557196","potions_obtained":[{"floor":1,"key":"FocusPotion"},{"floor":8,"key":"GamblersBrew"},{"floor":11,"key":"SteroidPotion"}],"is_trial":false,"path_per_floor":["M","?","?","M","?","R","M","E","T","M","M","R","$","M","R","B"],"character_chosen":"DEFECT","items_purchased":["Mercury Hourglass"],"campfire_rested":1,"item_purchase_floors":[13],"current_hp_per_floor":[69,69,58,56,56,56,56,26,26,15,33,55,55,55,55,0],"gold":39,"neow_bonus":"BOSS_RELIC","is_prod":false,"is_daily":false,"chose_seed":false,"campfire_upgraded":2,"win_rate":0,"timestamp":1543330218,"path_taken":["M","?","?","M","?","R","M","E","T","M","M","R","?","M","R","BOSS"],"build_version":"2018-11-15","purchased_purges":0,"victory":false,"max_hp_per_floor":[75,75,75,75,75,75,75,75,75,75,75,75,75,75,75,75],"card_choices":[{"not_picked":["Reinforced Body","Stack"],"picked":"Sweeping Beam","floor":1},{"not_picked":["Doom and Gloom","Scrape"],"picked":"FTL","floor":4},{"not_picked":["White Noise","Force Field"],"picked":"Aggregate","floor":7},{"not_picked":["Conserve Battery","Static Discharge"],"picked":"Storm","floor":8},{"not_picked":["Barrage","Rebound"],"picked":"Loop","floor":10},{"not_picked":["Fusion","Gash"],"picked":"Sunder","floor":11},{"not_picked":["Compile Driver","Coolheaded"],"picked":"Go for the Eyes","floor":14}],"player_experience":505463,"relics_obtained":[{"floor":8,"key":"Mummified Hand"},{"floor":9,"key":"Matryoshka"}],"event_choices":[{"damage_healed":0,"gold_gain":0,"player_choice":"Box","damage_taken":0,"relics_obtained":["Ornamental Fan"],"max_hp_gain":0,"max_hp_loss":0,"event_name":"Big Fish","floor":2,"gold_loss":0,"cards_obtained":["Regret"]},{"damage_healed":0,"gold_gain":75,"player_choice":"Gather Gold","damage_taken":11,"max_hp_gain":0,"max_hp_loss":0,"event_name":"World of Goop","floor":3,"gold_loss":0},{"damage_healed":0,"gold_gain":0,"cards_transformed":["Strike_B"],"player_choice":"Change","damage_taken":0,"max_hp_gain":0,"max_hp_loss":0,"event_name":"Living Wall","floor":5,"gold_loss":0,"cards_obtained":["Sweeping Beam"]}],"is_beta":false,"boss_relics":[],"items_purged_floors":[],"is_endless":false,"potions_floor_spawned":[1,8,11],"killed_by":"The Guardian","ascension_level":0}