{"path_per_floor":["M","M","M","M","M","E","R","E","T","$","?","M","?","M","R","B",null,"M","?","$","?","M"],"character_chosen":"IRONCLAD","items_purchased":["Bird Faced Urn","Evolve","Toxic Egg 2"],"gold_per_floor":[144,189,234,279,324,414,414,504,504,126,126,171,171,216,216,516,516,561,561,311,211,256,256],"floor_reached":23,"campfire_rested":2,"playtime":16759,"current_hp_per_floor":[80,80,80,73,67,69,80,79,79,79,79,80,80,80,80,35,80,75,60,60,60,24,0],"items_purged":[],"gold":256,"score":203,"play_id":"17a38983-ea2d-4719-bd8b-385c7386f90a","local_time":"20180419222401","daily_mods":["Draft","Midas","Lethality"],"is_prod":false,"is_daily":true,"chose_seed":false,"is_ascension_mode":false,"campfire_upgraded":0,"timestamp":1524144241,"path_taken":["M","M","M","M","M","E","R","E","T","$","?","?","?","M","R","BOSS","M","?","$","?","M","E"],"build_version":"2018-04-12","seed_source_timestamp":0,"purchased_purges":1,"victory":false,"master_deck":["Cleave","Clash","Headbutt","True Grit","Uppercut","Cleave","Iron Wave","Hemokinesis","Thunderclap","Pommel Strike","Spot Weakness","True Grit","Iron Wave","Armaments+1","Havoc+1","Carnage","Shockwave","Combust","Pommel Strike","Iron Wave","Carnage","Wild Strike+1","Evolve","Whirlwind+1","Rupture","Feed+1","Flex","J.A.X.+1"],"max_hp_per_floor":[80,80,80,80,80,80,80,80,80,80,80,80,80,80,80,80,80,80,85,85,85,89,89],"relics":["Burning Blood","Ice Cream","Molten Egg 2","Paper Frog","Bird Faced Urn","Philosopher\u0027s Stone","Toxic Egg 2"],"card_choices":[{"not_picked":["Warcry","Flex"],"picked":"Cleave","floor":0},{"not_picked":["Sword Boomerang","Havoc"],"picked":"Clash","floor":0},{"not_picked":["Warcry","Intimidate"],"picked":"Headbutt","floor":0},{"not_picked":["Anger","Havoc"],"picked":"True Grit","floor":0},{"not_picked":["Sword Boomerang","Armaments"],"picked":"Uppercut","floor":0},{"not_picked":["Uppercut","Sword Boomerang"],"picked":"Cleave","floor":0},{"not_picked":["Evolve","Cleave"],"picked":"Iron Wave","floor":0},{"not_picked":["Combust","Rupture"],"picked":"Hemokinesis","floor":0},{"not_picked":["Dual Wield","Inflame"],"picked":"Thunderclap","floor":0},{"not_picked":["Dropkick","Searing Blow"],"picked":"Pommel Strike","floor":0},{"not_picked":["Sever Soul","Body Slam"],"picked":"Spot Weakness","floor":0},{"not_picked":["Twin Strike","Anger"],"picked":"True Grit","floor":0},{"not_picked":["Pummel","Spot Weakness"],"picked":"Iron Wave","floor":0},{"not_picked":["Iron Wave","Body Slam"],"picked":"Armaments","floor":0},{"not_picked":["Anger","Perfected Strike"],"picked":"Havoc","floor":0},{"not_picked":["Headbutt","Bloodletting"],"picked":"Carnage","floor":1},{"not_picked":["Perfected Strike","Dropkick"],"picked":"Shockwave","floor":2},{"not_picked":["Reckless Charge","Dropkick"],"picked":"Combust","floor":3},{"not_picked":["Headbutt","Sword Boomerang"],"picked":"Pommel Strike","floor":4},{"not_picked":["Body Slam","Thunderclap"],"picked":"Iron Wave","floor":5},{"not_picked":["Havoc","Reckless Charge"],"picked":"Carnage","floor":6},{"not_picked":["True Grit","Havoc"],"picked":"Wild Strike","floor":8},{"not_picked":["Evolve","Uppercut"],"picked":"Whirlwind","floor":12},{"not_picked":["Intimidate","Reckless Charge"],"picked":"Rupture","floor":14},{"not_picked":["Immolate","Double Tap"],"picked":"Feed","floor":16},{"not_picked":["Sword Boomerang","Headbutt"],"picked":"Flex","floor":18}],"player_experience":440352,"potions_floor_usage":[18,22,23,23],"damage_taken":[{"damage":3,"enemies":"Jaw Worm","floor":1,"turns":2},{"damage":3,"enemies":"Cultist","floor":2,"turns":2},{"damage":6,"enemies":"Small Slimes","floor":3,"turns":2},{"damage":13,"enemies":"Exordium Thugs","floor":4,"turns":3},{"damage":12,"enemies":"2 Fungi Beasts","floor":5,"turns":2},{"damage":4,"enemies":"Gremlin Nob","floor":6,"turns":3},{"damage":7,"enemies":"Lagavulin","floor":8,"turns":4},{"damage":6,"enemies":"Red Slaver","floor":12,"turns":2},{"damage":5,"enemies":"Exordium Wildlife","floor":14,"turns":3},{"damage":53,"enemies":"The Guardian","floor":16,"turns":7},{"damage":13,"enemies":"Shell Parasite","floor":18,"turns":3},{"damage":48,"enemies":"3 Byrds","floor":22,"turns":3},{"damage":27,"enemies":"Slavers","floor":23,"turns":2}],"event_choices":[{"event_name":"Upgrade Shrine","player_choice":"Upgraded","floor":11,"damage_taken":0},{"event_name":"Accursed Blacksmith","player_choice":"Forge","floor":13,"damage_taken":0},{"event_name":"Forgotten Altar","player_choice":"Shed Blood","floor":19,"damage_taken":0},{"event_name":"Drug Dealer","player_choice":"Got JAXXED","floor":21,"damage_taken":0}],"boss_relics":[{"not_picked":["Black Star","Black Blood"],"picked":"Philosopher\u0027s Stone"}],"potions_floor_spawned":[4,8,12,14,22],"seed_played":"8716809714031627175","killed_by":"Slavers","ascension_level":0,"is_trial":false}