{"gold_per_floor":[360,73,111,165,198,198,232,278,358,358,358,391,422,422,422,525,525,536,536,559,45,45,45,59,91,91,103,103,118,41,76,76,173,173,186,186,186,186,67,98,198,213,213,223,239,239,254,254],"floor_reached":48,"playtime":2166,"items_purged":["Pain","Strike_R+1"],"score":901,"play_id":"26c8c960-aeb3-4d9f-8061-5cb835180619","local_time":"20190825204702","is_ascension_mode":true,"campfire_choices":[{"data":"True Grit","floor":6,"key":"SMITH"},{"data":"Shockwave","floor":10,"key":"SMITH"},{"floor":15,"key":"REST"},{"data":"Combust","floor":23,"key":"SMITH"},{"floor":28,"key":"REST"},{"data":"Bash","floor":32,"key":"SMITH"}],"neow_cost":"CURSE","seed_source_timestamp":901616907276300,"circlet_count":0,"master_deck":["AscendersBane","Strike_R+1","Strike_R+1","Strike_R+1","Strike_R+1","Defend_R+1","Defend_R+1","Defend_R+1","Defend_R+1","Bash+1","True Grit+1","Shrug It Off","Pommel Strike","Anger","Shockwave+1","Combust+1","Demon Form+1","Shockwave+1","Metamorphosis","Evolve+1","Impervious","Ghostly Armor","Immolate","Pommel Strike+1","Spot Weakness","Corruption+1","Metallicize+1","Fire Breathing+1","Twin Strike+1","Parasite","Metallicize+1","Trip","Entrench+1","Parasite"],"relics":["Burning Blood","Pocketwatch","Mummified Hand","Frozen Egg 2","Sozu","Strawberry","Happy Flower","Torii","Champion Belt","Velvet Choker","Orichalcum","Calipers","Pen Nib"],"potions_floor_usage":[8,8,16,16,16,18,31,33],"damage_taken":[{"damage":8,"enemies":"Cultist","floor":1,"turns":3},{"damage":7,"enemies":"Jaw Worm","floor":3,"turns":3},{"damage":0,"enemies":"Small Slimes","floor":4,"turns":3},{"damage":13,"enemies":"Blue Slaver","floor":5,"turns":3},{"damage":2,"enemies":"3 Louse","floor":7,"turns":3},{"damage":26,"enemies":"Gremlin Nob","floor":8,"turns":4},{"damage":14,"enemies":"Large Slime","floor":12,"turns":5},{"damage":9,"enemies":"2 Fungi Beasts","floor":13,"turns":3},{"damage":5,"enemies":"Slime Boss","floor":16,"turns":7},{"damage":11,"enemies":"3 Byrds","floor":18,"turns":3},{"damage":5,"enemies":"Shell Parasite","floor":24,"turns":3},{"damage":18,"enemies":"Book of Stabbing","floor":25,"turns":4},{"damage":21,"enemies":"Snake Plant","floor":27,"turns":5},{"damage":14,"enemies":"Snecko","floor":29,"turns":5},{"damage":4,"enemies":"3 Cultists","floor":31,"turns":5},{"damage":5,"enemies":"Automaton","floor":33,"turns":8},{"damage":8,"enemies":"Orb Walker","floor":35,"turns":3},{"damage":34,"enemies":"Nemesis","floor":40,"turns":7},{"damage":1,"enemies":"Mind Bloom Boss Battle","floor":41,"turns":6},{"damage":7,"enemies":"3 Shapes","floor":42,"turns":3},{"damage":8,"enemies":"Writhing Mass","floor":44,"turns":7},{"damage":24,"enemies":"Spire Growth","floor":45,"turns":5},{"damage":22,"enemies":"Sphere and 2 Shapes","floor":47,"turns":5},{"damage":42,"enemies":"Writhing Mass","floor":48,"turns":6}],"seed_played":"6339886234359654104","potions_obtained":[{"floor":3,"key":"PowerPotion"},{"floor":4,"key":"Strength Potion"},{"floor":11,"key":"Explosive Potion"},{"floor":11,"key":"EntropicBrew"},{"floor":11,"key":"LiquidBronze"},{"floor":16,"key":"PowerPotion"}],"is_trial":false,"path_per_floor":["M","$","M","M","M","R","M","E","T","R","?","M","M","T","R","B",null,"M","?","T","$","?","R","M","E","T","M","R","M","$","M","R","B",null,"M","?","?","?","$","E","?","M","T","M","M","?","M","M"],"character_chosen":"IRONCLAD","items_purchased":["Shrug It Off","HandOfGreed","Happy Flower","Metamorphosis","Evolve+1","Ghostly Armor","Spot Weakness","Corruption+1"],"campfire_rested":2,"item_purchase_floors":[2,2,21,21,21,30,39,39],"current_hp_per_floor":[70,70,69,75,68,68,72,52,52,52,52,44,41,41,65,66,77,72,72,79,79,79,79,80,68,68,53,79,71,71,73,73,74,84,82,82,82,82,82,54,59,58,58,56,38,38,22,0],"gold":254,"neow_bonus":"TWO_FIFTY_GOLD","is_prod":false,"is_daily":false,"chose_seed":false,"campfire_upgraded":4,"win_rate":0,"timestamp":1566733622,"path_taken":["M","$","M","?","M","R","M","E","T","R","?","?","M","?","R","BOSS","M","?","?","$","?","R","M","E","T","M","R","M","$","M","R","BOSS","M","?","?","?","$","E","?","M","T","M","M","?","?","M"],"build_version":"2019-07-17","purchased_purges":2,"victory":false,"max_hp_per_floor":[80,80,80,80,80,80,80,80,80,80,80,80,80,80,80,80,80,80,80,87,87,87,87,87,87,87,87,87,87,87,87,87,87,87,87,87,87,83,83,83,83,83,83,83,83,83,83,83],"card_choices":[{"not_picked":["Warcry","Thunderclap"],"picked":"True Grit","floor":1},{"not_picked":["Warcry","Power Through"],"picked":"Pommel Strike","floor":3},{"not_picked":["Rupture","True Grit","Warcry"],"picked":"SKIP","floor":4},{"not_picked":["Burning Pact","Dual Wield"],"picked":"Anger","floor":5},{"not_picked":["Entrench","Perfected Strike","Anger"],"picked":"SKIP","floor":7},{"not_picked":["Dual Wield","Cleave"],"picked":"Shockwave","floor":8},{"not_picked":["Flex","Second Wind","Body Slam"],"picked":"SKIP","floor":12},{"not_picked":["Seeing Red","Infernal Blade"],"picked":"Combust","floor":13},{"not_picked":["Exhume","Bludgeon"],"picked":"Demon Form+1","floor":16},{"not_picked":["Sword Boomerang","Twin Strike"],"picked":"Shockwave+1","floor":18},{"not_picked":["True Grit+1","Anger","Iron Wave+1"],"picked":"SKIP","floor":24},{"not_picked":["Thunderclap","Searing Blow"],"picked":"Impervious","floor":25},{"not_picked":["Body Slam","Cleave","True Grit"],"picked":"SKIP","floor":27},{"not_picked":["Entrench","Sword Boomerang","Anger+1"],"picked":"SKIP","floor":29},{"not_picked":["Wild Strike","Sever Soul","Rage+1"],"picked":"SKIP","floor":31},{"not_picked":["Double Tap","Berserk+1"],"picked":"Immolate","floor":33},{"not_picked":["True Grit+1","Cleave+1"],"picked":"Pommel Strike+1","floor":35},{"not_picked":["Double Tap","Shrug It Off"],"picked":"Metallicize+1","floor":40},{"not_picked":["Flex","Perfected Strike+1"],"picked":"Fire Breathing+1","floor":41},{"not_picked":["Sever Soul","Sword Boomerang+1"],"picked":"Twin Strike+1","floor":42},{"not_picked":["Anger+1","Warcry","Bloodletting+1"],"picked":"SKIP","floor":44},{"not_picked":["Seeing Red+1","Power Through+1"],"picked":"Metallicize+1","floor":45},{"not_picked":["Dramatic Entrance","Jack Of All Trades"],"picked":"Trip","floor":46},{"not_picked":["Warcry+1","Shrug It Off"],"picked":"Entrench+1","floor":47}],"player_experience":211613,"relics_obtained":[{"floor":8,"key":"Pocketwatch"},{"floor":9,"key":"Mummified Hand"},{"floor":14,"key":"Frozen Egg 2"},{"floor":20,"key":"Strawberry"},{"floor":25,"key":"Torii"},{"floor":26,"key":"Champion Belt"},{"floor":40,"key":"Orichalcum"},{"floor":41,"key":"Calipers"},{"floor":43,"key":"Pen Nib"}],"event_choices":[{"damage_healed":0,"gold_gain":0,"player_choice":"Got Potions","damage_taken":0,"max_hp_gain":0,"max_hp_loss":0,"event_name":"Lab","floor":11,"gold_loss":0},{"damage_healed":0,"gold_gain":0,"player_choice":"Simplicity","damage_taken":0,"max_hp_gain":0,"max_hp_loss":0,"event_name":"Back to Basics","floor":19,"gold_loss":0,"cards_upgraded":["Strike_R","Strike_R","Strike_R","Strike_R","Strike_R","Defend_R","Defend_R","Defend_R","Defend_R"]},{"damage_healed":0,"gold_gain":0,"player_choice":"Ignored","damage_taken":0,"max_hp_gain":0,"max_hp_loss":0,"event_name":"Tomb of Lord Red Mask","floor":36,"gold_loss":0},{"cards_removed":["HandOfGreed"],"damage_healed":0,"gold_gain":0,"player_choice":"Removed Attack","damage_taken":0,"max_hp_gain":0,"max_hp_loss":0,"event_name":"Falling","floor":37,"gold_loss":0},{"damage_healed":0,"gold_gain":0,"player_choice":"Max HP","damage_taken":0,"max_hp_gain":0,"max_hp_loss":4,"event_name":"Winding Halls","floor":38,"gold_loss":0},{"damage_healed":0,"gold_gain":0,"player_choice":"Fight","damage_taken":0,"max_hp_gain":0,"max_hp_loss":0,"event_name":"MindBloom","floor":41,"gold_loss":0},{"damage_healed":0,"gold_gain":0,"player_choice":"Memory 1","damage_taken":0,"max_hp_gain":0,"max_hp_loss":0,"event_name":"SensoryStone","floor":46,"gold_loss":0}],"is_beta":false,"boss_relics":[{"not_picked":["Empty Cage","Fusion Hammer"],"picked":"Sozu"},{"not_picked":["Eternal Feather","Astrolabe"],"picked":"Velvet Choker"}],"items_purged_floors":[2,21],"is_endless":false,"potions_floor_spawned":[3,4,12,16,29,31,33,35,41,42,47],"killed_by":"Writhing Mass","ascension_level":10}