{"gold_per_floor":[117,136,136,311,311,337,355,373,398,415,415,415,441,454,454,454],"floor_reached":16,"playtime":699,"items_purged":[],"score":171,"play_id":"d0bf4584-55cf-4cbf-a4bd-3aa82136a958","local_time":"20190810000815","is_ascension_mode":true,"campfire_choices":[{"data":"Dualcast","floor":12,"key":"SMITH"},{"data":"Glacier","floor":15,"key":"SMITH"}],"neow_cost":"NONE","seed_source_timestamp":600390599923000,"circlet_count":0,"master_deck":["Strike_B","Strike_B","Strike_B","Defend_B","Defend_B","Defend_B","Defend_B","Zap+1","Dualcast+1","Rip and Tear","Self Repair+1","BootSequence","Self Repair","Glacier+1","Reprogram","Seek","Capacitor"],"relics":["Cracked Core","NeowsBlessing","Anchor","Art of War","Smiling Mask"],"potions_floor_usage":[8,13,16],"damage_taken":[{"damage":0,"enemies":"Small Slimes","floor":1,"turns":1},{"damage":0,"enemies":"2 Louse","floor":2,"turns":1},{"damage":0,"enemies":"Lagavulin","floor":6,"turns":1},{"damage":0,"enemies":"Jaw Worm","floor":7,"turns":3},{"damage":8,"enemies":"3 Louse","floor":8,"turns":4},{"damage":0,"enemies":"Looter","floor":10,"turns":3},{"damage":40,"enemies":"3 Sentries","floor":13,"turns":7},{"damage":7,"enemies":"Exordium Wildlife","floor":14,"turns":6},{"damage":52,"enemies":"Slime Boss","floor":16,"turns":16}],"seed_played":"-3123197218568151008","potions_obtained":[{"floor":6,"key":"FearPotion"},{"floor":7,"key":"LiquidBronze"},{"floor":8,"key":"Fruit Juice"},{"floor":13,"key":"Energy Potion"}],"is_trial":false,"path_per_floor":["M","M","?","?","?","E","M","M","T","M","?","R","E","M","R","B"],"character_chosen":"DEFECT","items_purchased":[],"campfire_rested":0,"item_purchase_floors":[],"current_hp_per_floor":[75,75,68,68,68,68,75,80,80,80,64,64,41,51,51,0],"gold":454,"neow_bonus":"THREE_ENEMY_KILL","is_prod":false,"is_daily":false,"chose_seed":false,"campfire_upgraded":2,"win_rate":0,"timestamp":1565363295,"path_taken":["M","M","?","?","?","E","M","?","T","M","?","R","E","M","R","BOSS"],"build_version":"2019-07-17","purchased_purges":0,"victory":false,"max_hp_per_floor":[75,75,75,75,75,75,75,80,80,80,80,80,80,80,80,80],"card_choices":[{"not_picked":["Leap","White Noise"],"picked":"Rip and Tear","floor":1},{"not_picked":["Rebound","Hello World"],"picked":"Self Repair","floor":2},{"not_picked":["Hologram","Compile Driver"],"picked":"BootSequence","floor":6},{"not_picked":["Static Discharge","Go for the Eyes"],"picked":"Self Repair","floor":7},{"not_picked":["Hello World","Redo"],"picked":"Glacier","floor":8},{"not_picked":["Hologram","Sweeping Beam"],"picked":"Reprogram","floor":10},{"not_picked":["Hello World","Streamline"],"picked":"Seek","floor":13},{"not_picked":["Loop","Steam"],"picked":"Capacitor","floor":14}],"player_experience":651916,"relics_obtained":[{"floor":6,"key":"Anchor"},{"floor":9,"key":"Art of War"},{"floor":13,"key":"Smiling Mask"}],"event_choices":[{"cards_removed":["Strike_B"],"damage_healed":0,"gold_gain":0,"player_choice":"Card Removal","damage_taken":7,"max_hp_gain":0,"max_hp_loss":0,"event_name":"Golden Wing","floor":3,"gold_loss":0},{"damage_healed":0,"gold_gain":175,"player_choice":"AGREE","damage_taken":0,"max_hp_gain":0,"max_hp_loss":0,"event_name":"Liars Game","floor":4,"gold_loss":0,"cards_obtained":["Doubt"]},{"cards_removed":["Doubt"],"damage_healed":0,"gold_gain":0,"player_choice":"Forget","damage_taken":0,"max_hp_gain":0,"max_hp_loss":0,"event_name":"Living Wall","floor":5,"gold_loss":0},{"damage_healed":0,"gold_gain":0,"player_choice":"Entered Light","damage_taken":16,"max_hp_gain":0,"max_hp_loss":0,"event_name":"Shining Light","floor":11,"gold_loss":0,"cards_upgraded":["Zap","Self Repair"]}],"is_beta":false,"boss_relics":[],"items_purged_floors":[],"is_endless":false,"potions_floor_spawned":[6,7,8,13],"killed_by":"Slime Boss","ascension_level":5}