{"gold_per_floor":[113,123,123,134,34,34,34,48,48,48,123,123,135,135,135,233,233,233,233,233,233,233],"floor_reached":22,"playtime":953,"items_purged":["Strike_R"],"score":238,"play_id":"d6704c9d-c03c-4af5-8f66-2a6d83090ee1","local_time":"20190105103450","is_ascension_mode":true,"campfire_choices":[{"data":"Whirlwind","floor":6,"key":"SMITH"},{"data":"Shrug It Off","floor":10,"key":"SMITH"},{"data":"Shrug It Off","floor":15,"key":"SMITH"}],"neow_cost":"TEN_PERCENT_HP_LOSS","seed_source_timestamp":522513657620889,"circlet_count":0,"master_deck":["Strike_R","Defend_R","Defend_R","Defend_R","Bash+1","Shrug It Off+1","Whirlwind+1","Shrug It Off+1","Inflame","Brutality","Offering","Thunderclap+1"],"relics":["Burning Blood","Letter Opener","Ectoplasm"],"potions_floor_usage":[16,20,21,22],"damage_taken":[{"damage":7,"enemies":"Small Slimes","floor":1,"turns":4},{"damage":11,"enemies":"2 Louse","floor":2,"turns":3},{"damage":2,"enemies":"Cultist","floor":4,"turns":4},{"damage":6,"enemies":"Looter","floor":8,"turns":3},{"damage":22,"enemies":"Large Slime","floor":13,"turns":5},{"damage":33,"enemies":"Slime Boss","floor":16,"turns":9},{"damage":9,"enemies":"Spheric Guardian","floor":18,"turns":4},{"damage":0,"enemies":"3 Byrds","floor":20,"turns":3},{"damage":37,"enemies":"Cultist and Chosen","floor":21,"turns":7},{"damage":30,"enemies":"Snake Plant","floor":22,"turns":1}],"seed_played":"262162780927055878","potions_obtained":[{"floor":1,"key":"Regen Potion"},{"floor":8,"key":"Energy Potion"},{"floor":18,"key":"GamblersBrew"},{"floor":21,"key":"FearPotion"}],"is_trial":false,"path_per_floor":["M","M","?","M","$","R","?","M","T","R","?","?","M","?","R","B",null,"M","?","M","M","M"],"character_chosen":"IRONCLAD","items_purchased":["Shrug It Off"],"campfire_rested":0,"item_purchase_floors":[5],"current_hp_per_floor":[71,66,59,63,63,63,63,63,63,63,52,52,36,60,60,48,66,63,50,56,25,0],"gold":233,"neow_bonus":"REMOVE_TWO","is_prod":false,"is_daily":false,"chose_seed":false,"campfire_upgraded":3,"win_rate":0,"timestamp":1546652090,"path_taken":["M","M","?","M","$","R","?","?","T","R","?","?","?","?","R","BOSS","M","?","M","M","M"],"build_version":"2019-01-03v3","purchased_purges":1,"victory":false,"max_hp_per_floor":[72,72,72,72,72,72,72,72,72,72,72,72,72,72,72,72,72,72,77,77,77,77],"card_choices":[{"not_picked":["Corruption","Sentinel","Havoc"],"picked":"SKIP","floor":1},{"not_picked":["Thunderclap","Feel No Pain"],"picked":"Shrug It Off","floor":2},{"not_picked":["Thunderclap","Twin Strike"],"picked":"Whirlwind","floor":4},{"not_picked":["Iron Wave","Fire Breathing"],"picked":"Inflame","floor":8},{"not_picked":["Body Slam","Headbutt","Carnage"],"picked":"SKIP","floor":13},{"not_picked":["Impervious","Reaper"],"picked":"Offering","floor":16},{"not_picked":["Havoc+1","Perfected Strike"],"picked":"Thunderclap+1","floor":18},{"not_picked":["Warcry","Headbutt","Cleave"],"picked":"SKIP","floor":20},{"not_picked":["Warcry","Clash","Heavy Blade"],"picked":"SKIP","floor":21}],"player_experience":154341,"relics_obtained":[{"floor":9,"key":"Letter Opener"}],"event_choices":[{"cards_removed":["Strike_R"],"damage_healed":0,"gold_gain":0,"player_choice":"Card Removal","damage_taken":7,"max_hp_gain":0,"max_hp_loss":0,"event_name":"Golden Wing","floor":3,"gold_loss":0},{"damage_healed":0,"gold_gain":0,"player_choice":"Upgraded","damage_taken":0,"max_hp_gain":0,"max_hp_loss":0,"event_name":"Upgrade Shrine","floor":7,"gold_loss":0,"cards_upgraded":["Bash"]},{"damage_healed":0,"gold_gain":75,"player_choice":"Gather Gold","damage_taken":11,"max_hp_gain":0,"max_hp_loss":0,"event_name":"World of Goop","floor":11,"gold_loss":0},{"damage_healed":0,"gold_gain":0,"cards_transformed":["Strike_R"],"player_choice":"Transformed","damage_taken":0,"max_hp_gain":0,"max_hp_loss":0,"event_name":"Transmorgrifier","floor":12,"gold_loss":0,"cards_obtained":["Brutality"]},{"damage_healed":24,"gold_gain":0,"player_choice":"Banana","damage_taken":0,"max_hp_gain":0,"max_hp_loss":0,"event_name":"Big Fish","floor":14,"gold_loss":0},{"damage_healed":0,"gold_gain":0,"player_choice":"Shed Blood","damage_taken":18,"max_hp_gain":5,"max_hp_loss":0,"event_name":"Forgotten Altar","floor":19,"gold_loss":0}],"is_beta":false,"boss_relics":[{"not_picked":["Sozu","Coffee Dripper"],"picked":"Ectoplasm"}],"items_purged_floors":[5],"is_endless":false,"potions_floor_spawned":[1,8,18,21],"killed_by":"Snake Plant","ascension_level":7}