{"gold_per_floor":[116,291,65,82,82,116,133,133,133,133,163,90,90,103,103,200,200,215,140,215,231,30,30,0,25,76,94,94,112,112,127,127,230,230,242,242,259,86,86,86,86,86,86,164,264,264,283,92,92,92,92,92,54,88,88],"floor_reached":55,"playtime":24318,"items_purged":["Doubt","Strike_G"],"score":752,"play_id":"f69558cf-f3d5-498c-8496-77441bf1eaca","local_time":"20190706065811","is_ascension_mode":true,"campfire_choices":[{"data":"Neutralize","floor":8.0,"key":"SMITH"},{"data":"Sucker Punch","floor":13.0,"key":"SMITH"},{"data":"Blur","floor":15.0,"key":"SMITH"},{"data":"Venomology","floor":23.0,"key":"SMITH"},{"floor":28.0,"key":"REST"},{"data":"Die Die Die","floor":30.0,"key":"SMITH"},{"floor":32.0,"key":"REST"},{"data":"Burst","floor":40,"key":"SMITH"},{"data":"Footwork","floor":42,"key":"SMITH"},{"floor":46,"key":"RECALL"},{"floor":49,"key":"REST"},{"data":"Defend_G","floor":52,"key":"PURGE"}],"neow_cost":"NONE","seed_source_timestamp":0,"circlet_count":0,"master_deck":["Defend_G","Defend_G","Defend_G","Defend_G","Survivor","Neutralize+1","Deadly Poison","Sucker Punch+1","Dash","Bane","Noxious Fumes","Blur+1","Venomology+1","Backflip+1","Die Die Die+1","Backstab+1","Dagger Spray+1","Burst+1","Masterful Stab+1","Predator+1","Distraction+1","Prepared+1","Chrysalis","Metamorphosis","Acrobatics+1","Footwork+1","Backflip+1","Noxious Fumes","Leg Sweep"],"special_seed":0,"relics":["Ring of the Snake","NeowsBlessing","Juzu Bracelet","Mummified Hand","Bird Faced Urn","Bag of Marbles","Odd Mushroom","WristBlade","Lee\u0027s Waffle","Regal Pillow","Strawberry","Astrolabe","Kunai","Peace Pipe","Frozen Eye","Lantern"],"potions_floor_usage":[37,37,50,50,50,54,54,54,55,55],"damage_taken":[{"damage":0.0,"enemies":"Jaw Worm","floor":1.0,"turns":1.0},{"damage":0.0,"enemies":"2 Louse","floor":4.0,"turns":1.0},{"damage":0.0,"enemies":"3 Sentries","floor":6.0,"turns":1.0},{"damage":4.0,"enemies":"Cultist","floor":7.0,"turns":4.0},{"damage":0.0,"enemies":"The Mushroom Lair","floor":11.0,"turns":5.0},{"damage":2.0,"enemies":"Exordium Thugs","floor":14.0,"turns":4.0},{"damage":2.0,"enemies":"The Guardian","floor":16.0,"turns":11.0},{"damage":16.0,"enemies":"Chosen","floor":18.0,"turns":5.0},{"damage":17.0,"enemies":"Spheric Guardian","floor":21.0,"turns":4.0},{"damage":45.0,"enemies":"Gremlin Leader","floor":25.0,"turns":9.0},{"damage":4.0,"enemies":"Snecko","floor":27.0,"turns":5.0},{"damage":10.0,"enemies":"Snake Plant","floor":29.0,"turns":5.0},{"damage":7.0,"enemies":"3 Cultists","floor":31.0,"turns":5.0},{"damage":23.0,"enemies":"Collector","floor":33.0,"turns":10.0},{"damage":0,"enemies":"3 Shapes","floor":35,"turns":1},{"damage":23,"enemies":"3 Darklings","floor":37,"turns":7},{"damage":0,"enemies":"Mind Bloom Boss Battle","floor":45,"turns":7},{"damage":0,"enemies":"Sphere and 2 Shapes","floor":47,"turns":5},{"damage":42,"enemies":"Awakened One","floor":50,"turns":19},{"damage":55,"enemies":"Shield and Spear","floor":54,"turns":6},{"damage":34,"enemies":"The Heart","floor":55,"turns":8}],"seed_played":"6826387492766114938","potions_obtained":[{"floor":7.0,"key":"Dexterity Potion"},{"floor":14.0,"key":"SkillPotion"},{"floor":16.0,"key":"Poison Potion"},{"floor":21.0,"key":"GhostInAJar"},{"floor":27.0,"key":"PowerPotion"},{"floor":33.0,"key":"SteroidPotion"},{"floor":35,"key":"Energy Potion"}],"is_trial":false,"path_per_floor":["M","?","$","M","?","E","M","R","T","?","?","$","R","M","R","B",null,"M","?","?","M","$","R","?","E","T","M","R","M","R","M","R","B",null,"M","?","M","$","?","R","?","R","T","T","?","R","M","$","R","B",null,"R","$","E","B"],"character_chosen":"THE_SILENT","items_purchased":["Juzu Bracelet","Noxious Fumes","Lee\u0027s Waffle","Footwork","Frozen Eye","Noxious Fumes"],"campfire_rested":3,"item_purchase_floors":[3,12,22,38,48,53],"current_hp_per_floor":[70,70,70,70,63,63,59,59,59,70,70,70,70,68,68,68,70,56,56,49,34,77,77,77,32,39,37,77,71,71,64,84,63,84,84,74,51,51,51,51,51,51,51,51,55,55,59,59,84,46,84,84,84,29,0],"gold":88,"neow_bonus":"THREE_ENEMY_KILL","is_prod":false,"is_daily":false,"chose_seed":false,"campfire_upgraded":7,"win_rate":0,"timestamp":1562363891,"path_taken":["M","?","$","M","?","E","M","R","T","?","?","$","R","M","R","BOSS","M","?","?","M","$","R","?","E","T","M","R","M","R","M","R","BOSS","M","?","M","$","?","R","?","R","T","?","?","R","M","?","R","BOSS","R","$","E","BOSS"],"build_version":"2019-07-01","purchased_purges":2,"victory":false,"max_hp_per_floor":[70,70,70,70,70,70,70,70,70,70,70,70,70,70,70,70,70,70,70,70,70,77,77,77,77,84,84,84,84,84,84,84,84,84,84,84,84,84,84,84,84,84,84,84,84,84,84,84,84,84,84,84,84,84,84],"card_choices":[{"not_picked":["Cloak And Dagger","Dagger Spray"],"picked":"Deadly Poison","floor":1.0},{"not_picked":["Blade Dance","Deflect"],"picked":"Sucker Punch","floor":4.0},{"not_picked":["Reflex","Dagger Spray"],"picked":"Setup","floor":6.0},{"not_picked":["Backflip","Blade Dance"],"picked":"Dash","floor":7.0},{"not_picked":["Cloak And Dagger","Dodge and Roll"],"picked":"Bane","floor":11.0},{"not_picked":["Tools of the Trade","Underhanded Strike"],"picked":"Blur","floor":14.0},{"not_picked":["Corpse Explosion","Storm of Steel"],"picked":"Venomology","floor":16.0},{"not_picked":["Sucker Punch","All Out Attack"],"picked":"Backflip+1","floor":18.0},{"not_picked":["Cloak And Dagger","Slice+1","Sucker Punch"],"picked":"SKIP","floor":21.0},{"not_picked":["Sucker Punch","Deadly Poison","Poisoned Stab"],"picked":"SKIP","floor":25.0},{"not_picked":["Poisoned Stab","Deadly Poison+1"],"picked":"Die Die Die","floor":27.0},{"not_picked":["Dagger Spray","Poisoned Stab"],"picked":"Backstab+1","floor":29.0},{"not_picked":["Expertise+1","Deflect"],"picked":"Dagger Spray+1","floor":31.0},{"not_picked":["Grand Finale","Glass Knife"],"picked":"Burst","floor":33.0},{"not_picked":["Deflect+1","Sucker Punch"],"picked":"Prepared+1","floor":35},{"not_picked":["Dramatic Entrance","Enlightenment"],"picked":"Chrysalis","floor":36},{"not_picked":["Blind","PanicButton"],"picked":"Metamorphosis","floor":36},{"not_picked":["Dagger Spray+1","Sucker Punch"],"picked":"Acrobatics+1","floor":37},{"not_picked":["Dagger Throw","Caltrops"],"picked":"Backflip+1","floor":45},{"not_picked":["Backstab","Endless Agony+1","Expertise+1"],"picked":"SKIP","floor":47},{"not_picked":["Dagger Throw","Blade Dance+1"],"picked":"Leg Sweep","floor":54}],"player_experience":238298,"relics_obtained":[{"floor":6.0,"key":"Bird Faced Urn"},{"floor":9.0,"key":"Bag of Marbles"},{"floor":11.0,"key":"Odd Mushroom"},{"floor":25.0,"key":"Regal Pillow"},{"floor":26.0,"key":"Strawberry"},{"floor":44,"key":"Kunai"},{"floor":45,"key":"Peace Pipe"},{"floor":54,"key":"Lantern"}],"event_choices":[{"damage_healed":0.0,"max_hp_gain":0.0,"max_hp_loss":0.0,"gold_gain":175.0,"event_name":"Liars Game","player_choice":"AGREE","floor":2.0,"gold_loss":0.0,"damage_taken":0.0,"cards_obtained":["Doubt"]},{"damage_healed":0.0,"max_hp_gain":0.0,"max_hp_loss":0.0,"gold_gain":0.0,"event_name":"Scrap Ooze","player_choice":"Success","floor":5.0,"gold_loss":0.0,"damage_taken":7.0,"relics_obtained":["Mummified Hand"]},{"cards_removed":["Setup"],"damage_healed":11.0,"max_hp_gain":0.0,"max_hp_loss":0.0,"gold_gain":0.0,"event_name":"Bonfire Elementals","player_choice":"Offered Uncommon","floor":10.0,"gold_loss":0.0,"damage_taken":0.0},{"damage_healed":0.0,"max_hp_gain":0.0,"max_hp_loss":0.0,"gold_gain":0.0,"event_name":"Mushrooms","player_choice":"Fought Mushrooms","floor":11.0,"gold_loss":0.0,"damage_taken":0.0},{"cards_removed":["Strike_G"],"damage_healed":0.0,"max_hp_gain":0.0,"max_hp_loss":0.0,"gold_gain":0.0,"event_name":"Beggar","player_choice":"Gave Gold","floor":19.0,"gold_loss":75.0,"damage_taken":0.0},{"damage_healed":0.0,"max_hp_gain":0.0,"max_hp_loss":0.0,"gold_gain":75.0,"event_name":"FaceTrader","player_choice":"Touch","floor":20.0,"gold_loss":0.0,"damage_taken":7.0},{"damage_healed":0.0,"max_hp_gain":0.0,"max_hp_loss":0.0,"gold_gain":0.0,"event_name":"Masked Bandits","player_choice":"Paid Fearfully","floor":24.0,"gold_loss":30.0,"damage_taken":0.0},{"damage_healed":0,"gold_gain":0,"player_choice":"Memory 3","damage_taken":10,"max_hp_gain":0,"max_hp_loss":0,"event_name":"SensoryStone","floor":36,"gold_loss":0},{"damage_healed":0,"gold_gain":0,"player_choice":"Ignored","damage_taken":0,"max_hp_gain":0,"max_hp_loss":0,"event_name":"Tomb of Lord Red Mask","floor":39,"gold_loss":0},{"damage_healed":0,"gold_gain":0,"player_choice":"Ignored","damage_taken":0,"max_hp_gain":0,"max_hp_loss":0,"event_name":"Mysterious Sphere","floor":41,"gold_loss":0},{"damage_healed":0,"gold_gain":0,"player_choice":"Fight","damage_taken":0,"max_hp_gain":0,"max_hp_loss":0,"event_name":"MindBloom","floor":45,"gold_loss":0}],"is_beta":false,"boss_relics":[{"not_picked":["Coffee Dripper","Busted Crown"],"picked":"WristBlade"},{"not_picked":["Black Star","Pandora\u0027s Box"],"picked":"Astrolabe"}],"items_purged_floors":[3,38],"is_endless":false,"potions_floor_spawned":[7,14,16,21,27,31,33,35,47],"killed_by":"The Heart","ascension_level":3}