{"path_per_floor":["M","M","M","M","M","R","?","M","T","E","R","M","E","?","R","B",null,"M","?","?","M","?","R","E","$","T","R","$","M","R","?","R","B",null,"M","?","M","$","?","R","?","M","T","M","R","E","$","?","R"],"character_chosen":"IRONCLAD","items_purchased":["Potion Belt","Toxic Egg 2","Shrug It Off+1","Rupture","Seeing Red+1","Shuriken","Corruption"],"gold_per_floor":[114,129,144,159,174,174,174,189,189,219,219,234,264,264,264,364,364,379,379,381,396,396,396,426,26,51,51,5,20,20,20,20,120,120,135,135,150,48,48,48,298,313,313,328,328,358,69,77,77,77],"floor_reached":50,"campfire_rested":2,"playtime":1668,"item_purchase_floors":[25,25,28,38,38,47,47],"current_hp_per_floor":[80,80,77,71,64,64,64,64,70,37,62,59,56,62,62,61,98,96,96,96,95,95,95,94,94,100,100,100,101,101,101,101,109,110,110,100,93,93,93,93,99,94,100,91,91,73,73,73,109,0],"items_purged":[],"gold":77,"score":798,"play_id":"f06e01b8-0efb-4d11-9795-81c7b4bf6725","local_time":"20180526053634","daily_mods":["Heirloom","Cursed Run","Time Dilation"],"is_prod":false,"is_daily":true,"chose_seed":false,"is_ascension_mode":false,"campfire_upgraded":8,"win_rate":0,"timestamp":1527280594,"campfire_choices":[{"data":"Whirlwind","floor":6,"key":"SMITH"},{"floor":11,"key":"REST"},{"data":"Heavy Blade","floor":15,"key":"SMITH"},{"data":"Offering","floor":23,"key":"SMITH"},{"data":"Intimidate","floor":27,"key":"SMITH"},{"data":"Battle Trance","floor":30,"key":"SMITH"},{"data":"Inflame","floor":32,"key":"SMITH"},{"data":"Corruption","floor":40,"key":"SMITH"},{"data":"Rupture","floor":45,"key":"SMITH"},{"floor":49,"key":"REST"}],"path_taken":["M","M","M","M","M","R","?","M","T","E","R","M","E","?","R","BOSS","M","?","?","M","?","R","E","$","T","R","?","M","R","?","R","BOSS","M","?","M","$","?","R","?","M","T","M","R","E","?","?","R","BOSS"],"build_version":"2018-05-24","seed_source_timestamp":38516522380172,"purchased_purges":0,"victory":false,"master_deck":["Strike_R","Strike_R","Strike_R","Strike_R","Defend_R","Defend_R","Defend_R","Bash","Heavy Blade+1","Whirlwind+1","Berserk","Battle Trance+1","Inflame+1","Thunderclap","Parasite","Offering+1","Heavy Blade+1","Iron Wave","Regret","Regret","Exhume","Armaments+1","Carnage","Cleave","Intimidate+1","Normality","Shrug It Off+1","Perfected Strike+1","Decay","Impervious+1","Havoc+1","Shockwave+1","Heavy Blade","Second Wind+1","Corruption+1","True Grit+1","Madness+1","Secret Weapon+1","Jack Of All Trades+1","Armaments+1","Rupture+1","Seeing Red+1","Regret","Pommel Strike+1","Decay","Spot Weakness+1","Fire Breathing","Corruption","Battle Trance+1"],"max_hp_per_floor":[80,80,80,80,80,80,80,80,86,86,86,86,86,92,92,98,98,98,98,98,98,98,98,98,98,104,104,104,104,104,104,104,110,110,110,110,110,110,110,110,116,116,122,122,122,122,122,122,122,122],"relics":["Cursed Key","Darkstone Periapt","Du-Vu Doll","Bird Faced Urn","Blue Candle","Bag of Preparation","Juzu Bracelet","Meat on the Bone","Mark of Pain","Red Mask","Turnip","Potion Belt","Toxic Egg 2","Ancient Tea Set","Orrery","Bottled Tornado","Boot","Shuriken","Prayer Wheel"],"card_choices":[{"not_picked":["Headbutt","Flex"],"picked":"Heavy Blade","floor":1},{"not_picked":["Headbutt","Sword Boomerang"],"picked":"Whirlwind","floor":2},{"not_picked":["Whirlwind","Iron Wave"],"picked":"Berserk","floor":3},{"not_picked":["Clash","Pummel"],"picked":"Battle Trance","floor":4},{"not_picked":["Bloodletting","Iron Wave"],"picked":"Inflame","floor":5},{"not_picked":["Bloodletting","True Grit"],"picked":"Thunderclap","floor":8},{"not_picked":["Sword Boomerang","Heavy Blade"],"picked":"Offering","floor":10},{"not_picked":["Iron Wave","Perfected Strike"],"picked":"Heavy Blade","floor":12},{"not_picked":["Warcry","Thunderclap"],"picked":"Iron Wave","floor":13},{"not_picked":["Juggernaut","Fiend Fire"],"picked":"Exhume","floor":16},{"not_picked":["Twin Strike","Thunderclap+1"],"picked":"Armaments+1","floor":18},{"not_picked":["Perfected Strike","True Grit"],"picked":"Carnage","floor":20},{"not_picked":["Evolve","Burning Pact"],"picked":"Cleave","floor":21},{"not_picked":["Pommel Strike","Searing Blow"],"picked":"Intimidate","floor":24},{"not_picked":["Thunderclap+1","Sword Boomerang"],"picked":"Perfected Strike+1","floor":29},{"not_picked":["Barricade","Dark Embrace"],"picked":"Impervious+1","floor":33},{"not_picked":["Cleave","Headbutt"],"picked":"Havoc+1","floor":34},{"not_picked":["Iron Wave","Whirlwind+1"],"picked":"Shockwave+1","floor":34},{"not_picked":["Clothesline","Twin Strike"],"picked":"Heavy Blade","floor":34},{"not_picked":["Shrug It Off+1","Anger"],"picked":"Second Wind+1","floor":34},{"not_picked":["Armaments+1","Dual Wield+1"],"picked":"Corruption","floor":34},{"not_picked":["Clothesline+1","Sentinel+1"],"picked":"True Grit+1","floor":35},{"not_picked":["Swift Strike","Good Instincts"],"picked":"Madness","floor":36},{"not_picked":["Panacea","Master of Strategy"],"picked":"Secret Weapon","floor":36},{"not_picked":["Deep Breath","Blind"],"picked":"Jack Of All Trades","floor":36},{"not_picked":["Heavy Blade","Thunderclap+1"],"picked":"Armaments+1","floor":37},{"not_picked":["Sword Boomerang","Iron Wave"],"picked":"Pommel Strike+1","floor":42},{"not_picked":["Berserk","Entrench+1"],"picked":"Spot Weakness+1","floor":44},{"not_picked":["Clothesline+1","True Grit+1"],"picked":"Fire Breathing","floor":46},{"not_picked":["Shrug It Off+1","Reckless Charge+1"],"picked":"Battle Trance+1","floor":48}],"player_experience":327229,"potions_floor_usage":[10,16,16,16,16,16,33,33,33,33,33,33,33,46,50],"damage_taken":[{"damage":0,"enemies":"2 Louse","floor":1,"turns":2},{"damage":0,"enemies":"Cultist","floor":2,"turns":2},{"damage":3,"enemies":"Jaw Worm","floor":3,"turns":3},{"damage":6,"enemies":"2 Fungi Beasts","floor":4,"turns":2},{"damage":7,"enemies":"Blue Slaver","floor":5,"turns":2},{"damage":2,"enemies":"3 Louse","floor":8,"turns":2},{"damage":37,"enemies":"Lagavulin","floor":10,"turns":4},{"damage":7,"enemies":"Red Slaver","floor":12,"turns":4},{"damage":5,"enemies":"Gremlin Nob","floor":13,"turns":2},{"damage":11,"enemies":"The Guardian","floor":16,"turns":7},{"damage":2,"enemies":"Spheric Guardian","floor":18,"turns":2},{"damage":2,"enemies":"ï¢ñ ÇÃìêëØ","floor":20,"turns":2},{"damage":5,"enemies":"2 Thieves","floor":21,"turns":2},{"damage":1,"enemies":"Slavers","floor":24,"turns":1},{"damage":1,"enemies":"Centurion and Healer","floor":29,"turns":2},{"damage":2,"enemies":"Collector","floor":33,"turns":2},{"damage":1,"enemies":"3 Darklings","floor":35,"turns":2},{"damage":11,"enemies":"Orb Walker","floor":37,"turns":2},{"damage":13,"enemies":"Transient","floor":42,"turns":5},{"damage":15,"enemies":"Spire Growth","floor":44,"turns":3},{"damage":22,"enemies":"Giant Head","floor":46,"turns":4},{"damage":2,"enemies":"ê_îÈÇÃãÖëÃ","floor":48,"turns":1},{"damage":134,"enemies":"Time Eater","floor":50,"turns":7}],"relics_obtained":[{"floor":9,"key":"Blue Candle"},{"floor":10,"key":"Bag of Preparation"},{"floor":13,"key":"Juzu Bracelet"},{"floor":20,"key":"Red Mask"},{"floor":24,"key":"Turnip"},{"floor":26,"key":"Ancient Tea Set"},{"floor":43,"key":"Bottled Tornado"},{"floor":46,"key":"Boot"},{"floor":48,"key":"Prayer Wheel"}],"event_choices":[{"event_name":"Wheel of Change","player_choice":"Card Removal","floor":7,"damage_taken":0},{"event_name":"Big Fish","player_choice":"Box","floor":14,"damage_taken":0},{"event_name":"Upgrade Shrine","player_choice":"Upgraded","floor":19,"damage_taken":0},{"event_name":"Masked Bandits","player_choice":"Fought over 379 gold","floor":20,"damage_taken":0},{"event_name":"Fountain of Cleansing","player_choice":"Ignored","floor":22,"damage_taken":0},{"event_name":"Beggar","player_choice":"Ignored","floor":31,"damage_taken":0},{"event_name":"SensoryStone","player_choice":"Memory 3","floor":36,"damage_taken":0},{"event_name":"Wheel of Change","player_choice":"Card Removal","floor":39,"damage_taken":0},{"event_name":"Golden Shrine","player_choice":"Desecrate","floor":41,"damage_taken":0},{"event_name":"Mysterious Sphere","player_choice":"Fight","floor":48,"damage_taken":0}],"boss_relics":[{"not_picked":["Lizard Tail","Runic Pyramid"],"picked":"Mark of Pain"},{"not_picked":["Tiny House","Runic Dome"],"picked":"Orrery"}],"items_purged_floors":[],"potions_floor_spawned":[1,2,4,10,13,16,20,21,33,37,48],"seed_played":"-5712251583227970221","killed_by":"Time Eater","ascension_level":0,"potions_obtained":[{"floor":1,"key":"EntropicBrew"},{"floor":2,"key":"EssenceOfSteel"},{"floor":4,"key":"Swift Potion"},{"floor":10,"key":"LiquidBronze"},{"floor":13,"key":"Weak Potion"},{"floor":16,"key":"EssenceOfSteel"},{"floor":20,"key":"Swift Potion"},{"floor":21,"key":"EntropicBrew"},{"floor":33,"key":"Explosive Potion"},{"floor":37,"key":"Swift Potion"},{"floor":48,"key":"Explosive Potion"}],"is_trial":false}