{"gold_per_floor":[114,114,114,17,30,65,65,85,85,96,172,198,212,231,231,329,329,339,438,438,452,464,464,464,235,309,341,353,381,15,33,33,131,131,149,160,109,125,125,37,37,84,84,84,33,33,49,49,49,49],"floor_reached":50,"playtime":4484,"items_purged":[],"score":520,"play_id":"2f654946-a6cb-4f1c-a68f-8eba8506b10f","local_time":"20180919230045","is_ascension_mode":false,"campfire_choices":[{"floor":7,"key":"REST"},{"data":"Survivor","floor":15,"key":"SMITH"},{"data":"Blur","floor":23,"key":"SMITH"},{"floor":32,"key":"REST"},{"floor":41,"key":"REST"},{"floor":44,"key":"REST"},{"data":"Blade Dance","floor":49,"key":"SMITH"}],"neow_cost":"","seed_source_timestamp":39993697371539,"circlet_count":0,"master_deck":["Defend_G+1","Defend_G+1","Defend_G+1","Strike_G+1","Strike_G+1","Strike_G+1","Strike_G+1","Survivor+1","Neutralize+1","Blur+1","Blade Dance+1","Backstab+1","Masterful Stab+1","Blade Dance","Backstab+1","Well Laid Plans","Dash+1","Slice+1","Backstab+1","Glass Knife+1","Night Terror+1","Tactician+1","Dash+1","Poisoned Stab+1","Predator+1","Poisoned Stab+1","Infinite Blades","Adrenaline","Dagger Spray+1","Noxious Fumes","Flying Knee+1","Infinite Blades","Dagger Throw+1","A Thousand Cuts","Skewer+1","Acrobatics","Acrobatics","Infinite Blades+1","PanicButton","Slice+1","Prepared","Thinking Ahead","Good Instincts","Finisher+1"],"relics":["Ring of the Snake","CultistMask","Molten Egg 2","Meat on the Bone","Paper Crane","Juzu Bracelet","Astrolabe","Pear","Whetstone","Red Mask","Boot","Blood Vial","WristBlade","WingedGreaves","Ginger","Question Card"],"potions_floor_usage":[16,16,18,33,33,33,50,50,50],"damage_taken":[{"damage":0,"enemies":"Jaw Worm","floor":1,"turns":6},{"damage":0,"enemies":"Cultist","floor":5,"turns":3},{"damage":13,"enemies":"Gremlin Nob","floor":6,"turns":4},{"damage":0,"enemies":"2 Louse","floor":8,"turns":1},{"damage":0,"enemies":"Looter","floor":10,"turns":2},{"damage":13,"enemies":"Lagavulin","floor":12,"turns":5},{"damage":0,"enemies":"2 Fungi Beasts","floor":13,"turns":1},{"damage":0,"enemies":"Lots of Slimes","floor":14,"turns":2},{"damage":16,"enemies":"Slime Boss","floor":16,"turns":13},{"damage":0,"enemies":"Chosen","floor":18,"turns":2},{"damage":0,"enemies":"Spheric Guardian","floor":21,"turns":1},{"damage":0,"enemies":"Cultist and Chosen","floor":22,"turns":5},{"damage":23,"enemies":"Gremlin Leader","floor":27,"turns":6},{"damage":16,"enemies":"Centurion and Healer","floor":28,"turns":3},{"damage":0,"enemies":"Masked Bandits","floor":29,"turns":2},{"damage":0,"enemies":"Snecko","floor":31,"turns":3},{"damage":37,"enemies":"Automaton","floor":33,"turns":11},{"damage":1,"enemies":"Orb Walker","floor":35,"turns":2},{"damage":26,"enemies":"3 Shapes","floor":36,"turns":2},{"damage":20,"enemies":"Sphere and 2 Shapes","floor":38,"turns":2},{"damage":0,"enemies":"Mind Bloom Boss Battle","floor":39,"turns":4},{"damage":14,"enemies":"Mysterious Sphere","floor":42,"turns":3},{"damage":10,"enemies":"Maw","floor":47,"turns":6},{"damage":79,"enemies":"Donu and Deca","floor":50,"turns":5}],"seed_played":"3871783551539966252","potions_obtained":[{"floor":1,"key":"Explosive Potion"},{"floor":10,"key":"Block Potion"},{"floor":12,"key":"GamblersBrew"},{"floor":18,"key":"Fruit Juice"},{"floor":22,"key":"Block Potion"},{"floor":27,"key":"GhostInAJar"},{"floor":33,"key":"Energy Potion"},{"floor":35,"key":"Weak Potion"},{"floor":36,"key":"EssenceOfSteel"},{"floor":38,"key":"Fire Potion"},{"floor":42,"key":"SteroidPotion"},{"floor":48,"key":"EssenceOfSteel"}],"is_trial":false,"path_per_floor":["M","?","?","$","M","E","R","M","T","M","?","E","M","M","R","B",null,"M","?","?","M","M","R","?","$","T","E","M","?","$","M","R","B",null,"M","M","$","M","?","$","R","?","T","R","$","?","M","?","R"],"character_chosen":"THE_SILENT","items_purchased":["Blade Dance","Backstab+1","EssenceOfSteel","Adrenaline","Infinite Blades","Boot","Blood Vial","Acrobatics","PanicButton","Prepared"],"campfire_rested":4,"item_purchase_floors":[4,4,25,25,30,30,30,37,40,45],"current_hp_per_floor":[70,70,63,63,63,50,70,70,70,70,70,57,57,57,57,41,70,75,75,75,75,75,75,75,75,85,62,46,46,46,48,73,50,85,84,59,59,53,55,55,80,68,68,85,85,80,72,72,72,0],"gold":49,"neow_bonus":"","is_prod":false,"is_daily":false,"chose_seed":false,"campfire_upgraded":3,"win_rate":0.0,"timestamp":1537423245,"path_taken":["M","?","?","?","M","E","R","M","T","M","?","E","M","M","R","BOSS","M","?","?","M","M","R","?","$","T","E","M","?","$","M","R","BOSS","M","M","$","M","?","$","R","?","T","R","?","?","M","?","R","BOSS"],"build_version":"2018-09-06","purchased_purges":0,"victory":false,"max_hp_per_floor":[70,70,70,70,70,70,70,70,70,70,70,70,70,70,70,70,70,75,75,75,75,75,75,75,75,85,85,85,85,85,85,85,85,85,85,85,85,85,85,85,85,85,85,85,85,85,85,85,85,85],"card_choices":[{"not_picked":["Finisher","Dodge and Roll"],"picked":"Blur","floor":1},{"not_picked":["Backflip","Slice+1"],"picked":"Masterful Stab+1","floor":5},{"not_picked":["Endless Agony+1","Deflect"],"picked":"Blade Dance","floor":6},{"not_picked":["PiercingWail","Terror"],"picked":"Backstab+1","floor":8},{"not_picked":["Dagger Throw+1","Crippling Poison"],"picked":"Well Laid Plans","floor":10},{"not_picked":["Underhanded Strike+1","Flying Knee+1"],"picked":"Dash+1","floor":12},{"not_picked":["Deflect","Prepared"],"picked":"Slice+1","floor":13},{"not_picked":["Blade Dance","Endless Agony+1"],"picked":"Backstab+1","floor":14},{"not_picked":["Wraith Form v2","Night Terror"],"picked":"Glass Knife+1","floor":16},{"not_picked":["Endless Agony+1","Deadly Poison"],"picked":"Poisoned Stab+1","floor":18},{"not_picked":["Tactician","Escape Plan"],"picked":"Predator+1","floor":21},{"not_picked":["Quick Slash+1","Eviscerate+1"],"picked":"Poisoned Stab+1","floor":22},{"not_picked":["Poisoned Stab+1","Blur"],"picked":"Dagger Spray+1","floor":27},{"not_picked":["Quick Slash+1","Backflip"],"picked":"Noxious Fumes","floor":28},{"not_picked":["Dagger Throw+1","Poisoned Stab+1"],"picked":"Flying Knee+1","floor":29},{"not_picked":["Blade Dance","Outmaneuver"],"picked":"Dagger Throw+1","floor":31},{"not_picked":["Die Die Die+1","Doppelganger"],"picked":"A Thousand Cuts","floor":33},{"not_picked":["Sucker Punch+1","Dagger Spray+1"],"picked":"Skewer+1","floor":35},{"not_picked":["Bane+1","Dagger Spray+1"],"picked":"Acrobatics","floor":36},{"not_picked":["Heel Hook+1","Eviscerate+1","Poisoned Stab+1"],"picked":"SKIP","floor":38},{"not_picked":["Venomology","PiercingWail"],"picked":"Infinite Blades+1","floor":39},{"not_picked":["Predator+1","Quick Slash+1"],"picked":"Slice+1","floor":42},{"not_picked":["Deep Breath","Trip","Master of Strategy"],"picked":"Thinking Ahead","floor":46},{"not_picked":["Purity","Enlightenment","Forethought"],"picked":"Good Instincts","floor":46},{"not_picked":["Dash+1","Dagger Spray+1","Outmaneuver"],"picked":"Finisher+1","floor":47}],"player_experience":9291,"relics_obtained":[{"floor":6,"key":"Meat on the Bone"},{"floor":9,"key":"Paper Crane"},{"floor":12,"key":"Juzu Bracelet"},{"floor":26,"key":"Pear"},{"floor":27,"key":"Whetstone"},{"floor":29,"key":"Red Mask"},{"floor":39,"key":"WingedGreaves"},{"floor":42,"key":"Ginger"},{"floor":43,"key":"Question Card"}],"event_choices":[{"event_name":"FaceTrader","player_choice":"Trade","floor":2,"damage_taken":0},{"event_name":"Scrap Ooze","player_choice":"success","floor":3,"damage_taken":7},{"event_name":"Golden Wing","player_choice":"Gained Gold","floor":11,"damage_taken":0},{"event_name":"Nest","player_choice":"Stole From Cult","floor":19,"damage_taken":0},{"event_name":"Back to Basics","player_choice":"Simplicity","floor":20,"damage_taken":0},{"event_name":"The Library","player_choice":"Read","floor":24,"damage_taken":0},{"event_name":"Masked Bandits","player_choice":"Fought Bandits","floor":29,"damage_taken":0},{"event_name":"MindBloom","player_choice":"Fight","floor":39,"damage_taken":0},{"event_name":"Mysterious Sphere","player_choice":"Fight","floor":42,"damage_taken":0},{"event_name":"SensoryStone","player_choice":"Memory 2","floor":46,"damage_taken":0},{"event_name":"The Lab","player_choice":"Got Potions","floor":48,"damage_taken":0}],"is_beta":false,"boss_relics":[{"not_picked":["Calling Bell","Snecko Eye"],"picked":"Astrolabe"},{"not_picked":["Coffee Dripper","Runic Dome"],"picked":"WristBlade"}],"items_purged_floors":[],"is_endless":false,"potions_floor_spawned":[1,10,12,18,22,27,33,35,36,38,42],"killed_by":"Donu and Deca","ascension_level":0}