{"gold_per_floor":[110,130,141,160,160,187,187,1,1,26,43,43,68,88,88,187,187,201,216,180,191,27,27,27,27,27,27,41,72,72,72,72,174,174,187,197,217,217],"floor_reached":38,"playtime":3598,"items_purged":[],"score":524,"play_id":"e5b924a8-c6b1-4b73-9136-d01afad0e6a2","local_time":"20190822215913","is_ascension_mode":true,"campfire_choices":[{"data":"Barricade","floor":7,"key":"SMITH"},{"data":"Anger","floor":15,"key":"SMITH"},{"data":"Entrench","floor":23,"key":"SMITH"},{"data":"Uppercut","floor":25,"key":"SMITH"},{"data":"Feel No Pain","floor":27,"key":"SMITH"},{"floor":30,"key":"REST"},{"data":"Rage","floor":32,"key":"SMITH"}],"neow_cost":"NONE","seed_source_timestamp":257266675539100,"circlet_count":0,"master_deck":["Strike_R","Strike_R","Strike_R+1","Strike_R","Defend_R+1","Bash","Cleave","Rage+1","Cleave","Barricade+1","Feel No Pain+1","Anger","Power Through","Finesse","Iron Wave","Warcry","Reckless Charge","Anger+1","Havoc+1","Perfected Strike+1","Burning Pact+1","Flame Barrier+1","Reckless Charge","Uppercut+1","Reckless Charge","Entrench+1","Burning Pact","Anger","Warcry+1","Armaments+1","Shame","Impervious","Pommel Strike","Pommel Strike+1","Disarm"],"relics":["Burning Blood","Orichalcum","Potion Belt","Nunchaku","Ancient Tea Set","Astrolabe","Darkstone Periapt","Pantograph","Meat on the Bone","Mark of Pain"],"potions_floor_usage":[13,16,16,21,21,29,33,38],"damage_taken":[{"damage":11,"enemies":"2 Louse","floor":1,"turns":3},{"damage":0,"enemies":"Small Slimes","floor":2,"turns":2},{"damage":1,"enemies":"Cultist","floor":3,"turns":3},{"damage":4,"enemies":"2 Fungi Beasts","floor":4,"turns":4},{"damage":16,"enemies":"3 Sentries","floor":6,"turns":6},{"damage":9,"enemies":"Gremlin Nob","floor":10,"turns":4},{"damage":0,"enemies":"Exordium Wildlife","floor":11,"turns":3},{"damage":9,"enemies":"3 Sentries","floor":13,"turns":7},{"damage":0,"enemies":"Blue Slaver","floor":14,"turns":2},{"damage":10,"enemies":"Slime Boss","floor":16,"turns":13},{"damage":14,"enemies":"3 Byrds","floor":18,"turns":6},{"damage":24,"enemies":"Shell Parasite","floor":19,"turns":5},{"damage":25,"enemies":"Sentry and Sphere","floor":21,"turns":5},{"damage":14,"enemies":"Snecko","floor":28,"turns":6},{"damage":12,"enemies":"Gremlin Leader","floor":29,"turns":8},{"damage":18,"enemies":"Champ","floor":33,"turns":15},{"damage":25,"enemies":"3 Shapes","floor":35,"turns":4},{"damage":7,"enemies":"3 Darklings","floor":36,"turns":7},{"damage":38,"enemies":"Jaw Worm Horde","floor":37,"turns":7},{"damage":52,"enemies":"Spire Growth","floor":38,"turns":5}],"seed_played":"-3889303144814843796","potions_obtained":[{"floor":6,"key":"Swift Potion"},{"floor":10,"key":"SkillPotion"},{"floor":11,"key":"LiquidBronze"},{"floor":13,"key":"Block Potion"},{"floor":16,"key":"Poison Potion"},{"floor":19,"key":"Regen Potion"},{"floor":29,"key":"Block Potion"},{"floor":37,"key":"Block Potion"}],"is_trial":false,"path_per_floor":["M","M","M","M","?","E","R","$","T","E","M","?","E","M","R","B",null,"M","M","$","M","$","R","?","R","T","R","M","E","R","?","R","B",null,"M","M","M","M"],"character_chosen":"IRONCLAD","items_purchased":["Anger","Power Through","Finesse","Uppercut","Entrench","Burning Pact","Anger"],"campfire_rested":1,"item_purchase_floors":[8,8,8,20,22,22,22],"current_hp_per_floor":[75,80,80,80,64,54,54,54,54,51,57,50,47,53,53,49,80,72,54,54,44,44,44,44,44,44,44,36,30,54,60,60,73,86,67,66,46,0],"gold":217,"neow_bonus":"RANDOM_COMMON_RELIC","is_prod":false,"is_daily":false,"chose_seed":false,"campfire_upgraded":6,"win_rate":0,"timestamp":1566536353,"path_taken":["M","M","M","M","?","E","R","$","T","E","M","?","E","M","R","BOSS","M","M","$","M","$","R","?","R","T","R","?","E","R","?","R","BOSS","M","M","M","M"],"build_version":"2019-07-17","purchased_purges":0,"victory":false,"max_hp_per_floor":[80,80,80,80,80,80,80,80,80,80,80,80,80,80,80,80,80,80,80,80,80,80,80,80,80,80,80,80,80,80,86,86,86,86,86,86,86,86],"card_choices":[{"not_picked":["Twin Strike","Iron Wave"],"picked":"Cleave","floor":1},{"not_picked":["Havoc","Armaments"],"picked":"Rage","floor":2},{"not_picked":["Infernal Blade","Shrug It Off"],"picked":"Cleave","floor":3},{"not_picked":["Body Slam","Clash"],"picked":"Barricade","floor":4},{"not_picked":["Rupture","Exhume"],"picked":"Feel No Pain","floor":6},{"not_picked":["Armaments","Clash"],"picked":"Iron Wave","floor":10},{"not_picked":["Twin Strike","Armaments"],"picked":"Warcry","floor":11},{"not_picked":["Metallicize","Sword Boomerang"],"picked":"Reckless Charge","floor":13},{"not_picked":["Perfected Strike","Flex"],"picked":"Anger","floor":14},{"not_picked":["Offering","Limit Break"],"picked":"Demon Form","floor":16},{"not_picked":["Clash+1","Heavy Blade"],"picked":"Flame Barrier+1","floor":18},{"not_picked":["Flex","Havoc"],"picked":"Reckless Charge","floor":19},{"not_picked":["Twin Strike","Perfected Strike"],"picked":"Reckless Charge","floor":21},{"not_picked":["Sever Soul","Battle Trance"],"picked":"Warcry+1","floor":28},{"not_picked":["Ghostly Armor","Entrench"],"picked":"Armaments+1","floor":29},{"not_picked":["Exhume","Double Tap"],"picked":"Impervious","floor":33},{"not_picked":["Iron Wave","Sword Boomerang"],"picked":"Pommel Strike","floor":35},{"not_picked":["Clothesline","Thunderclap+1"],"picked":"Pommel Strike+1","floor":36},{"not_picked":["Heavy Blade+1","Barricade"],"picked":"Disarm","floor":37}],"player_experience":84837,"relics_obtained":[{"floor":6,"key":"Potion Belt"},{"floor":10,"key":"Nunchaku"},{"floor":13,"key":"Ancient Tea Set"},{"floor":26,"key":"Darkstone Periapt"},{"floor":29,"key":"Pantograph"}],"event_choices":[{"damage_healed":0,"gold_gain":0,"player_choice":"Entered Light","damage_taken":16,"max_hp_gain":0,"max_hp_loss":0,"event_name":"Shining Light","floor":5,"gold_loss":0,"cards_upgraded":["Defend_R","Strike_R"]},{"cards_removed":["Defend_R"],"damage_healed":0,"gold_gain":0,"player_choice":"Card Removal","damage_taken":7,"max_hp_gain":0,"max_hp_loss":0,"event_name":"Golden Wing","floor":12,"gold_loss":0},{"cards_removed":["Strike_R"],"damage_healed":0,"gold_gain":0,"player_choice":"Purged","damage_taken":0,"max_hp_gain":0,"max_hp_loss":0,"event_name":"Purifier","floor":24,"gold_loss":0},{"damage_healed":0,"gold_gain":0,"player_choice":"Stole Relic","damage_taken":0,"relics_obtained":["Meat on the Bone"],"max_hp_gain":0,"max_hp_loss":0,"event_name":"Addict","floor":31,"gold_loss":0,"cards_obtained":["Shame"]}],"is_beta":false,"boss_relics":[{"not_picked":["Tiny House","Lizard Tail"],"picked":"Astrolabe"},{"not_picked":["Runic Cube","White Beast Statue"],"picked":"Mark of Pain"}],"items_purged_floors":[],"is_endless":false,"potions_floor_spawned":[6,10,11,13,16,19,29,37],"killed_by":"Spire Growth","ascension_level":4}