{"gold_per_floor":[212,162,162,41,41,70,70,81,106,118,118,130,145,161,161,259,259,277,76,76,93,93,93,0,0,24,24,36,48,48,62,62,159,159,169,169,181,191,16,32,32,0,75,75,93,105,123,123,123,123],"floor_reached":50,"playtime":2930,"items_purged":["Strike_G","Strike_G+1"],"score":535,"play_id":"836d6f12-604b-4716-8b57-744ab5307676","local_time":"20190103135057","is_ascension_mode":true,"campfire_choices":[{"floor":7,"key":"REST"},{"floor":11,"key":"REST"},{"floor":15,"key":"REST"},{"floor":23,"key":"REST"},{"floor":25,"key":"REST"},{"data":"Footwork","floor":27,"key":"SMITH"},{"data":"Footwork","floor":32,"key":"SMITH"},{"floor":41,"key":"REST"},{"floor":49,"key":"REST"}],"neow_cost":"NONE","seed_source_timestamp":359503169986186,"circlet_count":0,"master_deck":["Defend_G+1","Defend_G+1","Defend_G+1","Defend_G+1","Strike_G+1","Survivor","Neutralize","Skewer+1","Accuracy","Blade Dance","Noxious Fumes","Sucker Punch","Leg Sweep","Infinite Blades","Footwork+1","Choke","Footwork+1","Accuracy","Blade Dance","Necronomicurse","Cloak And Dagger+1","PiercingWail+1","Dodge and Roll+1","After Image","Terror","Well Laid Plans","Dash","Blur","Acrobatics","Metamorphosis","Noxious Fumes+1","Caltrops+1"],"relics":["Ring of the Snake","Question Card","Blood Vial","Sozu","Necronomicon","Regal Pillow","Omamori","Fusion Hammer","Red Mask","Bottled Tornado"],"potions_floor_usage":[16,28,33,50],"damage_taken":[{"damage":9,"enemies":"2 Louse","floor":1,"turns":4},{"damage":28,"enemies":"Lagavulin","floor":6,"turns":10},{"damage":9,"enemies":"Jaw Worm","floor":8,"turns":3},{"damage":6,"enemies":"Cultist","floor":10,"turns":3},{"damage":14,"enemies":"Blue Slaver","floor":12,"turns":4},{"damage":13,"enemies":"Large Slime","floor":13,"turns":7},{"damage":22,"enemies":"Lots of Slimes","floor":14,"turns":5},{"damage":13,"enemies":"Slime Boss","floor":16,"turns":11},{"damage":9,"enemies":"Shell Parasite","floor":18,"turns":9},{"damage":20,"enemies":"2 Thieves","floor":21,"turns":4},{"damage":6,"enemies":"Cultist and Chosen","floor":28,"turns":4},{"damage":0,"enemies":"Snecko","floor":29,"turns":2},{"damage":13,"enemies":"Shelled Parasite and Fungi","floor":31,"turns":4},{"damage":39,"enemies":"Collector","floor":33,"turns":9},{"damage":5,"enemies":"3 Darklings","floor":35,"turns":6},{"damage":4,"enemies":"Orb Walker","floor":37,"turns":4},{"damage":24,"enemies":"Transient","floor":38,"turns":5},{"damage":0,"enemies":"Spire Growth","floor":40,"turns":4},{"damage":15,"enemies":"Writhing Mass","floor":45,"turns":6},{"damage":17,"enemies":"3 Darklings","floor":46,"turns":6},{"damage":28,"enemies":"Transient","floor":47,"turns":5},{"damage":54,"enemies":"Donu and Deca","floor":50,"turns":7}],"seed_played":"6124309985311205069","potions_obtained":[{"floor":6,"key":"Ancient Potion"},{"floor":8,"key":"Strength Potion"},{"floor":14,"key":"SpeedPotion"},{"floor":16,"key":"LiquidBronze"}],"is_trial":false,"path_per_floor":["M","?","?","$","?","E","R","M","T","M","R","M","M","M","R","B",null,"M","$","?","M","?","R","?","R","T","R","M","M","?","M","R","B",null,"M","$","M","M","$","M","R","?","T","?","M","M","M","?","R","B"],"character_chosen":"THE_SILENT","items_purchased":["Accuracy","Blade Dance","Accuracy","Blade Dance","Blur"],"campfire_rested":7,"item_purchase_floors":[4,4,19,19,39],"current_hp_per_floor":[61,61,54,54,54,26,47,38,38,34,55,43,32,12,33,22,70,61,61,45,27,27,48,48,69,69,69,64,66,66,55,55,18,70,65,65,63,41,41,43,70,70,70,70,55,40,14,14,50,0],"gold":123,"neow_bonus":"HUNDRED_GOLD","is_prod":false,"is_daily":false,"chose_seed":false,"campfire_upgraded":2,"win_rate":0,"timestamp":1546491057,"path_taken":["M","?","?","?","?","E","R","M","T","?","R","M","M","M","R","BOSS","M","$","?","M","?","R","?","R","T","R","M","M","?","?","R","BOSS","M","$","M","M","$","M","R","?","T","?","M","M","M","?","R","BOSS"],"build_version":"2018-12-20","purchased_purges":2,"victory":false,"max_hp_per_floor":[70,70,70,70,70,70,70,70,70,70,70,70,70,70,70,70,70,70,70,70,70,70,70,70,70,70,70,70,70,70,70,70,70,70,70,70,70,70,70,70,70,70,70,70,70,70,70,70,70,70],"card_choices":[{"not_picked":["Slice","Expertise"],"picked":"Skewer","floor":1},{"not_picked":["Reflex","PiercingWail"],"picked":"Noxious Fumes","floor":6},{"not_picked":["Flying Knee","Masterful Stab","Prepared"],"picked":"Sucker Punch","floor":8},{"not_picked":["Deadly Poison","Skewer","Dagger Spray"],"picked":"Leg Sweep","floor":10},{"not_picked":["Distraction","Slice","Backflip"],"picked":"Infinite Blades","floor":12},{"not_picked":["Burst","Accuracy","Dodge and Roll"],"picked":"Footwork","floor":13},{"not_picked":["Quick Slash","Deflect","Flying Knee"],"picked":"Choke","floor":14},{"not_picked":["Prepared","Reflex","Finisher"],"picked":"Footwork","floor":18},{"not_picked":["Skewer","Expertise","Noxious Fumes"],"picked":"Cloak And Dagger+1","floor":21},{"not_picked":["Dash","Deflect","Acrobatics+1"],"picked":"PiercingWail+1","floor":28},{"not_picked":["Skewer","Deflect","Die Die Die"],"picked":"Dodge and Roll+1","floor":29},{"not_picked":["Heel Hook+1","Flying Knee","Bane","Bouncing Flask"],"picked":"SKIP","floor":31},{"not_picked":["A Thousand Cuts","Phantasmal Killer","Tools of the Trade"],"picked":"After Image","floor":33},{"not_picked":["Dagger Throw","Sucker Punch","Acrobatics"],"picked":"Terror","floor":35},{"not_picked":["Sucker Punch","PiercingWail+1","Prepared+1"],"picked":"Well Laid Plans","floor":37},{"not_picked":["PiercingWail","Prepared","Finisher"],"picked":"Dash","floor":38},{"not_picked":["Riddle With Holes+1","Calculated Gamble+1","Reflex"],"picked":"Acrobatics","floor":40},{"not_picked":["Discovery","Mind Blast","Purity"],"picked":"Metamorphosis","floor":44},{"not_picked":["PiercingWail","Concentrate","Flying Knee","Sucker Punch"],"picked":"SKIP","floor":45},{"not_picked":["Flying Knee+1","Slice+1","Finisher+1"],"picked":"Noxious Fumes+1","floor":46},{"not_picked":["Flechettes","Concentrate+1","Prepared"],"picked":"Caltrops+1","floor":47}],"player_experience":125764,"relics_obtained":[{"floor":6,"key":"Question Card"},{"floor":9,"key":"Blood Vial"},{"floor":20,"key":"Necronomicon"},{"floor":26,"key":"Regal Pillow"},{"floor":30,"key":"Omamori"},{"floor":43,"key":"Bottled Tornado"}],"event_choices":[{"cards_removed":["Strike_G"],"damage_healed":0,"gold_gain":0,"player_choice":"Card Removal","damage_taken":0,"max_hp_gain":0,"max_hp_loss":0,"event_name":"The Cleric","floor":2,"gold_loss":50},{"cards_removed":["Strike_G"],"damage_healed":0,"gold_gain":0,"player_choice":"Card Removal","damage_taken":7,"max_hp_gain":0,"max_hp_loss":0,"event_name":"Golden Wing","floor":3,"gold_loss":0},{"damage_healed":0,"gold_gain":0,"player_choice":"Upgraded","damage_taken":0,"max_hp_gain":0,"max_hp_loss":0,"event_name":"Upgrade Shrine","floor":5,"gold_loss":0,"cards_upgraded":["Skewer"]},{"damage_healed":0,"gold_gain":0,"player_choice":"Obtained Book","damage_taken":16,"max_hp_gain":0,"max_hp_loss":0,"event_name":"Cursed Tome","floor":20,"gold_loss":0},{"damage_healed":0,"gold_gain":0,"player_choice":"Simplicity","damage_taken":0,"max_hp_gain":0,"max_hp_loss":0,"event_name":"Back to Basics","floor":22,"gold_loss":0,"cards_upgraded":["Defend_G","Defend_G","Defend_G","Defend_G","Defend_G","Strike_G","Strike_G"]},{"damage_healed":0,"gold_gain":0,"player_choice":"Paid Fearfully","damage_taken":0,"max_hp_gain":0,"max_hp_loss":0,"event_name":"Masked Bandits","floor":24,"gold_loss":93},{"damage_healed":0,"gold_gain":0,"player_choice":"Relic","damage_taken":0,"max_hp_gain":0,"max_hp_loss":0,"event_name":"Wheel of Change","floor":30,"gold_loss":0},{"damage_healed":0,"gold_gain":0,"player_choice":"Paid","damage_taken":0,"relics_obtained":["Red Mask"],"max_hp_gain":0,"max_hp_loss":0,"event_name":"Tomb of Lord Red Mask","floor":42,"gold_loss":32},{"damage_healed":0,"gold_gain":0,"player_choice":"Memory 1","damage_taken":0,"max_hp_gain":0,"max_hp_loss":0,"event_name":"SensoryStone","floor":44,"gold_loss":0},{"cards_removed":["Defend_G"],"damage_healed":0,"gold_gain":0,"player_choice":"Removed Skill","damage_taken":0,"max_hp_gain":0,"max_hp_loss":0,"event_name":"Falling","floor":48,"gold_loss":0}],"is_beta":false,"boss_relics":[{"not_picked":["Empty Cage","Black Star"],"picked":"Sozu"},{"not_picked":["White Beast Statue","Velvet Choker"],"picked":"Fusion Hammer"}],"items_purged_floors":[19,39],"is_endless":false,"potions_floor_spawned":[6,8,14,16,28,31,33,45,47],"killed_by":"Donu and Deca","ascension_level":4}