{"gold_per_floor":[110,129,149,149,38,64,64,99,99,118,118,128,128,158,158,257,257,267,286,286,297,50,70,70,102,102,120,120,120,120,138,138,239,239,251,147,158,158,171,171,171,186,186,200,200,216,316,329,329,329],"floor_reached":51,"playtime":3434,"items_purged":["Regret","Strike_R"],"score":958,"play_id":"cad3d51a-5081-4a15-9929-4ee9231907c7","local_time":"20190809015949","is_ascension_mode":true,"campfire_choices":[{"floor":7,"key":"REST"},{"floor":13,"key":"DIG"},{"floor":15,"key":"REST"},{"floor":24,"key":"DIG"},{"floor":30,"key":"DIG"},{"floor":32,"key":"DIG"},{"floor":40,"key":"DIG"},{"floor":49,"key":"REST"}],"neow_cost":"TEN_PERCENT_HP_LOSS","seed_source_timestamp":517940065696400,"circlet_count":0,"master_deck":["Defend_R","Defend_R","Defend_R","Defend_R","Bash+1","Exhume","True Grit","Pommel Strike","Whirlwind","Inflame","Limit Break+1","Ghostly Armor+1","Flame Barrier+1","Demon Form","Limit Break+1","Warcry+1","Pummel+1","Double Tap+1","Infernal Blade+1","Carnage+1","Warcry+1","Bite","Bite","Bite","Bite","Bite","Corruption","Impervious+1","Whirlwind+1","Flex+1","Bloodletting+1","Sword Boomerang","Pummel+1","Brutality","Headbutt+1"],"relics":["Burning Blood","Anchor","Toxic Egg 2","Shovel","Self Forming Clay","Odd Mushroom","Snecko Eye","Unceasing Top","Darkstone Periapt","Champion Belt","Strawberry","Torii","Philosopher\u0027s Stone","Dodecahedron","Mercury Hourglass","Dead Branch"],"potions_floor_usage":[14,16,18,19,19,19,25,27,38,50,50,50],"damage_taken":[{"damage":4,"enemies":"2 Louse","floor":1,"turns":4},{"damage":8,"enemies":"Jaw Worm","floor":2,"turns":5},{"damage":8,"enemies":"Small Slimes","floor":3,"turns":4},{"damage":32,"enemies":"Gremlin Nob","floor":6,"turns":4},{"damage":35,"enemies":"Lagavulin","floor":8,"turns":7},{"damage":0,"enemies":"3 Louse","floor":10,"turns":3},{"damage":0,"enemies":"2 Fungi Beasts","floor":12,"turns":3},{"damage":17,"enemies":"The Mushroom Lair","floor":14,"turns":6},{"damage":38,"enemies":"Slime Boss","floor":16,"turns":6},{"damage":2,"enemies":"3 Byrds","floor":18,"turns":3},{"damage":11,"enemies":"2 Thieves","floor":19,"turns":3},{"damage":15,"enemies":"Snake Plant","floor":21,"turns":5},{"damage":13,"enemies":"Centurion and Healer","floor":23,"turns":6},{"damage":26,"enemies":"Gremlin Leader","floor":25,"turns":6},{"damage":19,"enemies":"3 Cultists","floor":27,"turns":4},{"damage":2,"enemies":"Snake Plant","floor":31,"turns":3},{"damage":45,"enemies":"Automaton","floor":33,"turns":7},{"damage":0,"enemies":"3 Shapes","floor":35,"turns":3},{"damage":0,"enemies":"Orb Walker","floor":37,"turns":3},{"damage":0,"enemies":"2 Orb Walkers","floor":38,"turns":1},{"damage":21,"enemies":"3 Darklings","floor":39,"turns":5},{"damage":57,"enemies":"Transient","floor":42,"turns":5},{"damage":0,"enemies":"4 Shapes","floor":44,"turns":2},{"damage":6,"enemies":"Maw","floor":46,"turns":5},{"damage":14,"enemies":"Mind Bloom Boss Battle","floor":47,"turns":4},{"damage":12,"enemies":"Sphere and 2 Shapes","floor":48,"turns":3},{"damage":10,"enemies":"Donu and Deca","floor":50,"turns":3}],"seed_played":"-7349526562971386771","potions_obtained":[{"floor":3,"key":"LiquidBronze"},{"floor":10,"key":"GamblersBrew"},{"floor":14,"key":"Strength Potion"},{"floor":18,"key":"EntropicBrew"},{"floor":25,"key":"Poison Potion"},{"floor":33,"key":"Strength Potion"},{"floor":35,"key":"SmokeBomb"},{"floor":44,"key":"GamblersBrew"},{"floor":46,"key":"FairyPotion"},{"floor":47,"key":"Regen Potion"}],"is_trial":false,"path_per_floor":["M","M","M","?","$","E","R","E","T","M","?","M","R","?","R","B",null,"M","M","?","M","$","M","R","E","T","M","?","?","R","M","R","B",null,"M","$","M","?","M","R","?","M","T","M","?","M","?","M","R","B",null],"character_chosen":"IRONCLAD","items_purchased":["Inflame","Double Tap+1","Infernal Blade+1","Flex+1","Bloodletting+1"],"campfire_rested":3,"item_purchase_floors":[5,22,22,36,36],"current_hp_per_floor":[72,70,68,68,68,42,63,34,34,42,42,50,50,41,62,32,62,68,65,65,58,58,53,53,35,35,24,24,48,55,66,66,37,69,79,79,79,79,69,69,69,26,26,34,69,69,65,61,69,69],"gold":329,"neow_bonus":"THREE_RARE_CARDS","is_prod":false,"is_daily":false,"chose_seed":false,"campfire_upgraded":0,"win_rate":0,"timestamp":1565283589,"path_taken":["M","M","M","?","$","E","R","E","T","M","?","M","R","?","R","BOSS","M","M","?","M","$","M","R","E","T","M","?","?","R","M","R","BOSS","M","$","M","?","M","R","?","M","T","M","?","M","?","M","R","BOSS"],"build_version":"2019-07-17","purchased_purges":2,"victory":true,"max_hp_per_floor":[72,72,72,72,72,72,72,72,72,72,72,72,72,72,72,72,72,72,72,72,72,72,72,72,72,72,72,72,72,79,79,79,79,79,79,79,79,79,79,79,79,79,79,79,69,69,69,69,69,69],"card_choices":[{"not_picked":["Berserk","Demon Form"],"picked":"Exhume","floor":0},{"not_picked":["Wild Strike","Havoc"],"picked":"True Grit","floor":1},{"not_picked":["True Grit","Twin Strike"],"picked":"Pommel Strike","floor":2},{"not_picked":["Clash","Clothesline"],"picked":"Whirlwind","floor":3},{"not_picked":["Dropkick","Burning Pact"],"picked":"Armaments","floor":6},{"not_picked":["Carnage","Armaments+1"],"picked":"Limit Break+1","floor":8},{"not_picked":["Headbutt","Cleave"],"picked":"Ghostly Armor+1","floor":10},{"not_picked":["Iron Wave","Metallicize"],"picked":"Flame Barrier+1","floor":12},{"not_picked":["Clothesline","Iron Wave"],"picked":"Demon Form","floor":14},{"not_picked":["Brutality","Feed"],"picked":"Limit Break+1","floor":16},{"not_picked":["Wild Strike","Iron Wave","Searing Blow+1"],"picked":"SKIP","floor":18},{"not_picked":["Headbutt","Cleave"],"picked":"Warcry+1","floor":19},{"not_picked":["Cleave+1","Rampage+1"],"picked":"Pummel+1","floor":21},{"not_picked":["Thunderclap","Perfected Strike+1"],"picked":"Carnage+1","floor":23},{"not_picked":["Rage+1","Armaments+1","Bloodletting+1"],"picked":"SKIP","floor":25},{"not_picked":["Dark Embrace","Body Slam"],"picked":"Warcry+1","floor":27},{"not_picked":["Twin Strike","Ghostly Armor+1"],"picked":"Corruption","floor":31},{"not_picked":["Bludgeon","Barricade"],"picked":"Impervious+1","floor":33},{"not_picked":["Clothesline","Hemokinesis"],"picked":"Whirlwind+1","floor":35},{"not_picked":["Perfected Strike+1","Whirlwind+1","Clash+1"],"picked":"SKIP","floor":37},{"not_picked":["True Grit+1","Armaments+1"],"picked":"Sword Boomerang","floor":39},{"not_picked":["Anger","Clothesline","Second Wind+1"],"picked":"SKIP","floor":42},{"not_picked":["Wild Strike","Clash"],"picked":"Pummel+1","floor":44},{"not_picked":["Havoc+1","True Grit+1"],"picked":"Brutality","floor":46},{"not_picked":["Infernal Blade+1","Bludgeon"],"picked":"Headbutt+1","floor":48}],"player_experience":641186,"relics_obtained":[{"floor":6,"key":"Toxic Egg 2"},{"floor":8,"key":"Shovel"},{"floor":9,"key":"Blood Vial"},{"floor":13,"key":"Self Forming Clay"},{"floor":14,"key":"Odd Mushroom"},{"floor":24,"key":"Unceasing Top"},{"floor":25,"key":"Darkstone Periapt"},{"floor":26,"key":"Champion Belt"},{"floor":30,"key":"Strawberry"},{"floor":32,"key":"Torii"},{"floor":40,"key":"Dodecahedron"},{"floor":43,"key":"Mercury Hourglass"},{"floor":47,"key":"Dead Branch"}],"event_choices":[{"damage_healed":0,"gold_gain":0,"player_choice":"Box","damage_taken":0,"relics_obtained":["Anchor"],"max_hp_gain":0,"max_hp_loss":0,"event_name":"Big Fish","floor":4,"gold_loss":0,"cards_obtained":["Regret"]},{"damage_healed":0,"gold_gain":0,"player_choice":"Grow","damage_taken":0,"max_hp_gain":0,"max_hp_loss":0,"event_name":"Living Wall","floor":11,"gold_loss":0,"cards_upgraded":["Bash"]},{"damage_healed":0,"gold_gain":0,"player_choice":"Fought Mushrooms","damage_taken":0,"max_hp_gain":0,"max_hp_loss":0,"event_name":"Mushrooms","floor":14,"gold_loss":0},{"damage_healed":0,"gold_gain":0,"player_choice":"Ignored","damage_taken":0,"max_hp_gain":0,"max_hp_loss":0,"event_name":"Ghosts","floor":20,"gold_loss":0},{"damage_healed":0,"gold_gain":0,"player_choice":"Became a vampire (Vial)","damage_taken":0,"max_hp_gain":0,"max_hp_loss":0,"event_name":"Vampires","floor":28,"relics_lost":["Blood Vial"],"gold_loss":0,"cards_obtained":["Bite","Bite","Bite","Bite","Bite"]},{"damage_healed":24,"gold_gain":0,"player_choice":"Heal","damage_taken":0,"max_hp_gain":0,"max_hp_loss":0,"event_name":"The Library","floor":29,"gold_loss":0},{"damage_healed":0,"gold_gain":0,"player_choice":"Fight","damage_taken":0,"max_hp_gain":0,"max_hp_loss":0,"event_name":"Mysterious Sphere","floor":38,"gold_loss":0},{"cards_removed":["Armaments"],"damage_healed":0,"gold_gain":0,"player_choice":"Removed Skill","damage_taken":0,"max_hp_gain":0,"max_hp_loss":0,"event_name":"Falling","floor":41,"gold_loss":0},{"damage_healed":69,"gold_gain":0,"player_choice":"Heal","damage_taken":0,"max_hp_gain":0,"max_hp_loss":10,"event_name":"The Moai Head","floor":45,"gold_loss":0},{"damage_healed":0,"gold_gain":0,"player_choice":"Fight","damage_taken":0,"max_hp_gain":0,"max_hp_loss":0,"event_name":"MindBloom","floor":47,"gold_loss":0}],"is_beta":false,"boss_relics":[{"not_picked":["Pandora\u0027s Box","Runic Pyramid"],"picked":"Snecko Eye"},{"not_picked":["Sozu","Black Blood"],"picked":"Philosopher\u0027s Stone"}],"items_purged_floors":[5,22],"is_endless":false,"potions_floor_spawned":[3,10,14,18,25,33,35,38,44,46,47],"ascension_level":8}