{"gold_per_floor":[111,128,60,60,60,91,101,101,101,101,119,119,129,142,142,246,246,260,260,270,210,62,62],"floor_reached":23,"playtime":1347,"items_purged":["Regret"],"score":216,"play_id":"959a97c3-9b84-490a-a647-7f210805f65b","local_time":"20181121200612","is_ascension_mode":false,"campfire_choices":[{"data":"Double Energy","floor":8,"key":"SMITH"},{"data":"Zap","floor":10,"key":"SMITH"},{"data":"Recycle","floor":15,"key":"SMITH"}],"neow_cost":"NONE","seed_source_timestamp":239548431826200,"circlet_count":0,"master_deck":["Defend_B","Defend_B","Defend_B","Defend_B","Zap+1","Dualcast","Self Repair","Melter","Double Energy+1","Rebound","Zap+1","Core Surge","Steam Power","Seek","Recycle+1","Skim","Doom and Gloom","Creative AI","Ball Lightning","Darkness+1","BootSequence","Ball Lightning","Heatsinks"],"relics":["Cracked Core","NeowsBlessing","Boot","Snecko Eye"],"potions_floor_usage":[18,18],"damage_taken":[{"damage":0,"enemies":"Cultist","floor":1,"turns":1},{"damage":0,"enemies":"Small Slimes","floor":2,"turns":1},{"damage":0,"enemies":"Lagavulin","floor":6,"turns":1},{"damage":0,"enemies":"2 Louse","floor":7,"turns":2},{"damage":4,"enemies":"Gremlin Gang","floor":11,"turns":3},{"damage":2,"enemies":"2 Fungi Beasts","floor":13,"turns":2},{"damage":2,"enemies":"Blue Slaver","floor":14,"turns":2},{"damage":50,"enemies":"The Guardian","floor":16,"turns":11},{"damage":10,"enemies":"2 Thieves","floor":18,"turns":2},{"damage":0,"enemies":"Spheric Guardian","floor":20,"turns":1},{"damage":99,"enemies":"Gremlin Leader","floor":23,"turns":8}],"seed_played":"-8242504599960311035","potions_obtained":[{"floor":11,"key":"GamblersBrew"},{"floor":13,"key":"FairyPotion"},{"floor":16,"key":"SneckoOil"}],"is_trial":false,"path_per_floor":["M","M","$","?","?","E","M","R","T","R","M","?","M","M","R","B",null,"M","?","M","?","$","E"],"character_chosen":"DEFECT","items_purchased":["Double Energy","Heatsinks"],"campfire_rested":0,"item_purchase_floors":[3,22],"current_hp_per_floor":[75,75,75,68,68,68,68,68,68,68,71,71,75,73,73,30,75,72,72,72,72,72,0],"gold":62,"neow_bonus":"THREE_ENEMY_KILL","is_prod":false,"is_daily":false,"chose_seed":false,"campfire_upgraded":3,"win_rate":0,"timestamp":1542798372,"path_taken":["M","M","$","?","?","E","?","R","T","R","M","?","M","?","R","BOSS","M","?","?","?","$","E"],"build_version":"2018-11-15","purchased_purges":1,"victory":false,"max_hp_per_floor":[75,75,75,75,75,75,75,75,75,75,75,75,75,75,75,75,75,75,75,75,75,75,75],"card_choices":[{"not_picked":["Redo","Barrage"],"picked":"Self Repair","floor":1},{"not_picked":["Lockon","Streamline"],"picked":"Melter","floor":2},{"not_picked":["Lockon","Turbo"],"picked":"Steam Power","floor":6},{"not_picked":["Hologram","Redo"],"picked":"Seek","floor":7},{"not_picked":["Gash","Steam"],"picked":"Recycle","floor":11},{"not_picked":["Leap","Melter"],"picked":"Skim","floor":13},{"not_picked":["Turbo","Genetic Algorithm"],"picked":"Doom and Gloom","floor":14},{"not_picked":["Echo Form","Buffer"],"picked":"Creative AI","floor":16},{"not_picked":["FTL","Compile Driver"],"picked":"Ball Lightning","floor":18},{"not_picked":["Static Discharge","Recycle"],"picked":"Darkness+1","floor":20}],"player_experience":474242,"relics_obtained":[{"floor":6,"key":"Boot"}],"event_choices":[{"cards_removed":["Strike_B"],"damage_healed":0,"gold_gain":0,"player_choice":"Card Removal","damage_taken":7,"max_hp_gain":0,"max_hp_loss":0,"event_name":"Golden Wing","floor":4,"gold_loss":0},{"damage_healed":0,"gold_gain":0,"player_choice":"3 cards matched","damage_taken":0,"max_hp_gain":0,"max_hp_loss":0,"event_name":"Match and Keep!","floor":5,"gold_loss":0,"cards_obtained":["Rebound","Zap","Core Surge"]},{"damage_healed":0,"gold_gain":0,"player_choice":"Upgraded","damage_taken":0,"max_hp_gain":0,"max_hp_loss":0,"event_name":"Upgrade Shrine","floor":12,"gold_loss":0,"cards_upgraded":["Zap"]},{"cards_removed":["Strike_B"],"damage_healed":0,"gold_gain":0,"player_choice":"Took Card","damage_taken":0,"max_hp_gain":0,"max_hp_loss":0,"event_name":"NoteForYourself","floor":19,"gold_loss":0,"cards_obtained":["Regret"]},{"damage_healed":0,"gold_gain":0,"cards_transformed":["Strike_B","Strike_B"],"player_choice":"Transformed Cards","damage_taken":0,"max_hp_gain":0,"max_hp_loss":0,"event_name":"Designer","floor":21,"gold_loss":60,"cards_obtained":["BootSequence","Ball Lightning"]}],"is_beta":false,"boss_relics":[{"not_picked":["Empty Cage","Orrery"],"picked":"Snecko Eye"}],"items_purged_floors":[22],"is_endless":false,"potions_floor_spawned":[11,13,16],"killed_by":"Gremlin Leader","ascension_level":0}