{"path_per_floor":["M","M","M","M","M","E","?","R","T","R","$","R","$","E","R","B",null,"M","$","M","M","M","R","M","R","T","?","R","M","$","M","R"],"character_chosen":"DEFECT","items_purchased":["FTL","Blizzard","Sweeping Beam","Go for the Eyes","Girya"],"gold_per_floor":[110,123,143,156,176,209,209,209,287,287,99,99,51,85,85,213,213,233,206,219,235,260,260,283,283,283,326,326,339,25,46,46,46],"floor_reached":33,"campfire_rested":4,"playtime":3119,"current_hp_per_floor":[74,74,67,65,55,33,33,55,55,55,55,55,55,42,64,26,75,59,59,59,41,13,45,38,70,70,54,64,40,40,40,52,0],"items_purged":["Injury"],"gold":46,"score":285,"play_id":"9ff4917e-c8e8-4568-9212-9fcc5e3766bb","local_time":"20180505203110","is_prod":false,"is_daily":false,"chose_seed":false,"is_ascension_mode":true,"campfire_upgraded":3,"timestamp":1525519870,"path_taken":["M","?","M","M","M","E","?","R","T","R","$","R","?","E","R","BOSS","M","$","M","M","M","R","M","R","T","?","R","M","$","M","R","BOSS"],"build_version":"2018-05-03","seed_source_timestamp":240854780977603,"purchased_purges":2,"victory":false,"master_deck":["Strike_B","Strike_B","Strike_B","Strike_B","Defend_B","Defend_B","Defend_B","Defend_B","Zap+1","Dualcast","Chill+1","Genetic Algorithm","Doom and Gloom","Coolheaded","Double Energy+1","Static Discharge+1","FTL","Blizzard","Sweeping Beam","Melter","All For One","Reinforced Body","Go for the Eyes","Streamline","Sunder+1","Reprogram+1","Lockon+1","Cold Snap","Cold Snap","Darkness+1"],"max_hp_per_floor":[75,75,75,75,75,75,75,75,75,75,75,75,75,75,75,75,75,75,75,75,75,75,75,75,75,75,75,75,75,75,75,75,75],"relics":["Cracked Core","Anchor","Golden Idol","Mummified Hand","Dead Branch","Eternal Feather","Darkstone Periapt","Red Mask","Girya"],"card_choices":[{"not_picked":["Darkness","Sweeping Beam"],"picked":"Chill","floor":1},{"not_picked":["Leap","Stack"],"picked":"Genetic Algorithm","floor":2},{"not_picked":["Darkness","Axe Kick"],"picked":"Doom and Gloom","floor":3},{"not_picked":["BootSequence","Undo"],"picked":"Coolheaded","floor":4},{"not_picked":["Ball Lightning","Beam Cell"],"picked":"Double Energy","floor":5},{"not_picked":["Hello World","Capacitor"],"picked":"Static Discharge","floor":6},{"not_picked":["Ball Lightning","Rip and Tear"],"picked":"Melter","floor":14},{"not_picked":["Creative AI","Fusion"],"picked":"All For One","floor":16},{"not_picked":["Capacitor","Hologram"],"picked":"Reinforced Body","floor":18},{"not_picked":["Genetic Algorithm","Rebound"],"picked":"Streamline","floor":20},{"not_picked":["Turbo","Buffer"],"picked":"Sunder","floor":21},{"not_picked":["Skim","Hologram"],"picked":"Reprogram","floor":22},{"not_picked":["Chaos","Beam Cell"],"picked":"Lockon","floor":24},{"not_picked":["Turbo","Amplify"],"picked":"Cold Snap","floor":27},{"not_picked":["Streamline","Ball Lightning"],"picked":"Cold Snap","floor":29},{"not_picked":["Turbo","Leap"],"picked":"Darkness","floor":31}],"player_experience":517398,"potions_floor_usage":[5,5,16,20,24,24,33,33,33],"damage_taken":[{"damage":1,"enemies":"Cultist","floor":1,"turns":4},{"damage":0,"enemies":"Small Slimes","floor":2,"turns":2},{"damage":7,"enemies":"Jaw Worm","floor":3,"turns":3},{"damage":2,"enemies":"2 Fungi Beasts","floor":4,"turns":3},{"damage":10,"enemies":"Exordium Thugs","floor":5,"turns":3},{"damage":22,"enemies":"Gremlin Nob","floor":6,"turns":4},{"damage":13,"enemies":"Lagavulin","floor":14,"turns":5},{"damage":38,"enemies":"The Guardian","floor":16,"turns":8},{"damage":16,"enemies":"Spheric Guardian","floor":18,"turns":4},{"damage":6,"enemies":"2 Thieves","floor":20,"turns":3},{"damage":18,"enemies":"Cultist and Chosen","floor":21,"turns":7},{"damage":28,"enemies":"Centurion and Healer","floor":22,"turns":6},{"damage":7,"enemies":"3 Cultists","floor":24,"turns":5},{"damage":16,"enemies":"ï¢ñ ÇÃìêëØ","floor":27,"turns":5},{"damage":24,"enemies":"Cultist and Chosen","floor":29,"turns":4},{"damage":0,"enemies":"Centurion and Healer","floor":31,"turns":6},{"damage":67,"enemies":"Automaton","floor":33,"turns":10}],"event_choices":[{"event_name":"Golden Idol","player_choice":"Take Wound","floor":7,"damage_taken":0},{"event_name":"Masked Bandits","player_choice":"Fought over 283 gold","floor":27,"damage_taken":0}],"boss_relics":[{"not_picked":["Philosopher\u0027s Stone","Tiny House"],"picked":"Eternal Feather"}],"potions_floor_spawned":[1,4,6,14,16,18,22,24,31],"seed_played":"4645253337663834021","killed_by":"Automaton","ascension_level":2,"is_trial":false}