{"gold_per_floor":[116,129,146,166,184,184,184,184,261,261,276,30,62,82,82,181,181,197,147,165,180,180,180,180,194,217,217,217,237,237,44,44,146,146,161,178,17,30,46,46,62,62,132,132,144,5,5,5,5,5],"floor_reached":51,"playtime":19021,"items_purged":["Strike_G","Tactician"],"score":927,"play_id":"60cec072-d069-4980-a084-130720d72e6d","local_time":"20190728155527","is_ascension_mode":true,"campfire_choices":[{"data":"Predator","floor":6.0,"key":"SMITH"},{"data":"Riddle With Holes","floor":8.0,"key":"SMITH"},{"data":"Sucker Punch","floor":10.0,"key":"SMITH"},{"data":"Neutralize","floor":15.0,"key":"SMITH"},{"data":"Dash","floor":23.0,"key":"SMITH"},{"data":"Adrenaline","floor":28.0,"key":"SMITH"},{"floor":32.0,"key":"REST"},{"floor":40,"key":"REST"},{"floor":42,"key":"REST"},{"data":"Catalyst","floor":49,"key":"SMITH"}],"neow_cost":"NONE","seed_source_timestamp":0,"circlet_count":0,"master_deck":["AscendersBane","Survivor","Neutralize+1","Sucker Punch+1","Predator+1","Footwork","Flying Knee+1","Riddle With Holes+1","Adrenaline+1","Caltrops","Concentrate","Dagger Spray","Malaise+1","Riddle With Holes","PiercingWail","Choke","Deadly Poison","Catalyst+1","Night Terror","Heel Hook","Well Laid Plans","PiercingWail+1","PiercingWail+1","Dash+1","RitualDagger","Setup+1","Deflect+1","Malaise","Leg Sweep+1","Blur","Panacea","Acrobatics+1","Concentrate+1","Prepared+1","Noxious Fumes"],"special_seed":0,"relics":["Ring of the Snake","Blood Vial","Meat on the Bone","Bird Faced Urn","Pandora\u0027s Box","War Paint","MutagenicStrength","Du-Vu Doll","MealTicket","Philosopher\u0027s Stone","Kunai"],"potions_floor_usage":[41],"damage_taken":[{"damage":3.0,"enemies":"Cultist","floor":1.0,"turns":4.0},{"damage":2.0,"enemies":"Jaw Worm","floor":2.0,"turns":4.0},{"damage":8.0,"enemies":"2 Louse","floor":3.0,"turns":2.0},{"damage":4.0,"enemies":"2 Fungi Beasts","floor":4.0,"turns":4.0},{"damage":0.0,"enemies":"Large Slime","floor":5.0,"turns":5.0},{"damage":13.0,"enemies":"Exordium Thugs","floor":11.0,"turns":4.0},{"damage":23.0,"enemies":"Lagavulin","floor":13.0,"turns":6.0},{"damage":8.0,"enemies":"Blue Slaver","floor":14.0,"turns":3.0},{"damage":40.0,"enemies":"The Guardian","floor":16.0,"turns":10.0},{"damage":23.0,"enemies":"Spheric Guardian","floor":18.0,"turns":4.0},{"damage":11.0,"enemies":"2 Thieves","floor":20.0,"turns":2.0},{"damage":12.0,"enemies":"Snake Plant","floor":21.0,"turns":7.0},{"damage":16.0,"enemies":"3 Cultists","floor":25.0,"turns":6.0},{"damage":14.0,"enemies":"Chosen and Byrds","floor":29.0,"turns":4.0},{"damage":55.0,"enemies":"Champ","floor":33.0,"turns":20.0},{"damage":29,"enemies":"3 Darklings","floor":35,"turns":7},{"damage":2,"enemies":"Orb Walker","floor":36,"turns":3},{"damage":40,"enemies":"Spire Growth","floor":38,"turns":6},{"damage":37,"enemies":"Maw","floor":39,"turns":11},{"damage":16,"enemies":"Sphere and 2 Shapes","floor":41,"turns":6},{"damage":39,"enemies":"Transient","floor":45,"turns":5},{"damage":53,"enemies":"Time Eater","floor":50,"turns":19}],"seed_played":"4306981086489945408","potions_obtained":[{"floor":3.0,"key":"SteroidPotion"},{"floor":4.0,"key":"GamblersBrew"},{"floor":5.0,"key":"SkillPotion"},{"floor":14.0,"key":"PowerPotion"},{"floor":16.0,"key":"GamblersBrew"},{"floor":25.0,"key":"Dexterity Potion"},{"floor":36,"key":"Energy Potion"}],"is_trial":false,"path_per_floor":["M","M","M","M","M","R","?","R","T","R","M","$","E","M","R","B",null,"M","?","M","M","?","R","?","M","T","?","R","M","T","$","R","B",null,"M","M","$","M","M","R","M","R","T","?","M","$","?","$","R","B",null],"character_chosen":"THE_SILENT","items_purchased":["Adrenaline","Caltrops","MealTicket","Blur","Panacea","Noxious Fumes"],"campfire_rested":3,"item_purchase_floors":[12,12,31,37,37,46],"current_hp_per_floor":[62,62,56,54,56,56,42,42,42,42,43,43,34,42,42,22,58,41,41,46,48,48,48,42,44,44,44,44,36,36,36,57,22,58,37,39,54,34,17,38,42,63,63,63,42,57,57,70,70,33],"gold":5,"neow_bonus":"RANDOM_COMMON_RELIC","is_prod":false,"is_daily":false,"chose_seed":false,"campfire_upgraded":7,"win_rate":0,"timestamp":1564296927,"path_taken":["M","M","M","?","M","R","?","R","T","R","M","$","E","M","R","BOSS","M","?","M","?","?","R","?","M","T","?","R","M","?","$","R","BOSS","M","M","$","M","M","R","M","R","T","?","M","$","?","$","R","BOSS"],"build_version":"2019-07-17","purchased_purges":2,"victory":true,"max_hp_per_floor":[70,70,70,70,70,70,70,70,70,70,70,70,70,70,70,70,70,70,70,70,70,70,70,70,70,70,70,70,70,70,70,70,70,70,70,70,70,70,70,70,70,70,70,70,70,70,70,70,70,70],"card_choices":[{"not_picked":["Poisoned Stab","Blade Dance"],"picked":"Sucker Punch","floor":1.0},{"not_picked":["Deadly Poison","Doppelganger"],"picked":"Predator","floor":2.0},{"not_picked":["PiercingWail","Deflect"],"picked":"Footwork","floor":3.0},{"not_picked":["Deadly Poison","Setup"],"picked":"Flying Knee","floor":4.0},{"not_picked":["Setup","Flechettes"],"picked":"Riddle With Holes","floor":5.0},{"not_picked":["Quick Slash","Riddle With Holes","Poisoned Stab"],"picked":"SKIP","floor":11.0},{"not_picked":["Accuracy","Riddle With Holes"],"picked":"Concentrate","floor":13.0},{"not_picked":["Slice","Blade Dance"],"picked":"Dagger Spray","floor":14.0},{"not_picked":["Night Terror","Glass Knife"],"picked":"Malaise","floor":16.0},{"not_picked":["Slice","Poisoned Stab"],"picked":"Well Laid Plans","floor":18.0},{"not_picked":["Eviscerate","Dodge and Roll"],"picked":"PiercingWail+1","floor":20.0},{"not_picked":["Dodge and Roll","Dagger Spray"],"picked":"PiercingWail","floor":21.0},{"not_picked":["Slice","Sucker Punch"],"picked":"Setup+1","floor":25.0},{"not_picked":["Sucker Punch","Concentrate"],"picked":"Deflect+1","floor":29.0},{"not_picked":["Corpse Explosion","Unload"],"picked":"Malaise","floor":33.0},{"not_picked":["Bouncing Flask+1","Skewer"],"picked":"Leg Sweep+1","floor":35},{"not_picked":["Deadly Poison","Dodge and Roll","PiercingWail"],"picked":"SKIP","floor":36},{"not_picked":["Tactician","Quick Slash","Choke+1"],"picked":"SKIP","floor":38},{"not_picked":["Bane","Caltrops"],"picked":"Acrobatics+1","floor":39},{"not_picked":["Cloak And Dagger","Sucker Punch+1"],"picked":"Concentrate+1","floor":41},{"not_picked":["Outmaneuver","PiercingWail"],"picked":"Prepared+1","floor":45}],"player_experience":470452,"relics_obtained":[{"floor":9.0,"key":"Meat on the Bone"},{"floor":13.0,"key":"Bird Faced Urn"},{"floor":26.0,"key":"War Paint"},{"floor":30.0,"key":"Du-Vu Doll"},{"floor":43,"key":"Kunai"}],"event_choices":[{"damage_healed":0.0,"max_hp_gain":0.0,"max_hp_loss":0.0,"gold_gain":0.0,"event_name":"Shining Light","player_choice":"Entered Light","floor":7.0,"gold_loss":0.0,"damage_taken":14.0,"cards_upgraded":["Flying Knee","Strike_G"]},{"damage_healed":0.0,"max_hp_gain":0.0,"max_hp_loss":0.0,"gold_gain":0.0,"event_name":"The Joust","player_choice":"Bet on Owner","floor":19.0,"gold_loss":50.0,"damage_taken":0.0},{"damage_healed":0.0,"max_hp_gain":0.0,"max_hp_loss":0.0,"gold_gain":0.0,"event_name":"The Library","player_choice":"Read","floor":22.0,"gold_loss":0.0,"damage_taken":0.0,"cards_obtained":["Dash"]},{"damage_healed":0.0,"max_hp_gain":0.0,"max_hp_loss":0.0,"gold_gain":0.0,"event_name":"Nest","player_choice":"Joined the Cult","floor":24.0,"gold_loss":0.0,"damage_taken":6.0,"cards_obtained":["RitualDagger"]},{"damage_healed":0.0,"max_hp_gain":0.0,"max_hp_loss":0.0,"gold_gain":0.0,"event_name":"Drug Dealer","player_choice":"Inject Mutagens","floor":27.0,"gold_loss":0.0,"damage_taken":0.0,"relics_obtained":["MutagenicStrength"]},{"damage_healed":0,"gold_gain":0,"player_choice":"Ignored","damage_taken":0,"max_hp_gain":0,"max_hp_loss":0,"event_name":"Mysterious Sphere","floor":44,"gold_loss":0},{"cards_removed":["Grand Finale"],"damage_healed":0,"gold_gain":0,"player_choice":"Removed Attack","damage_taken":0,"max_hp_gain":0,"max_hp_loss":0,"event_name":"Falling","floor":47,"gold_loss":0}],"is_beta":false,"boss_relics":[{"not_picked":["Calling Bell","Velvet Choker"],"picked":"Pandora\u0027s Box"},{"not_picked":["Eternal Feather","Snecko Eye"],"picked":"Philosopher\u0027s Stone"}],"items_purged_floors":[12,46],"is_endless":false,"potions_floor_spawned":[3,4,5,14,16,25,36],"ascension_level":10}