{"gold_per_floor":[366,376,389,409,334,334,354,354,354,381,381,395,155,171,171,296,296,321,321,321,321,336,336,336],"floor_reached":24,"playtime":1292,"items_purged":["Strike_B"],"score":337,"play_id":"f2174beb-a810-440c-8604-4fee7919c98f","local_time":"20190810134707","is_ascension_mode":true,"campfire_choices":[{"data":"Dualcast","floor":6,"key":"SMITH"},{"data":"White Noise","floor":8,"key":"SMITH"},{"data":"Mayhem","floor":15,"key":"SMITH"},{"floor":23,"key":"REST"}],"neow_cost":"TEN_PERCENT_HP_LOSS","seed_source_timestamp":648930089734700,"circlet_count":0,"master_deck":["Defend_B","Defend_B","Defend_B","Defend_B","Zap","Dualcast+1","Sunder","Turbo","Streamline","Gash","White Noise+1","Fusion","Chaos","Mayhem+1","Leap","Ball Lightning","Biased Cognition","White Noise","Core Surge","Conserve Battery","Compile Driver","Leap","Consume","Rebound","Recycle","Bite","Bite","Bite","Bite","Bite","Fusion+1"],"relics":["Cracked Core","Du-Vu Doll","StoneCalendar","Golden Idol","Orrery","Pear"],"potions_floor_usage":[10,10,16],"damage_taken":[{"damage":1,"enemies":"Cultist","floor":1,"turns":3},{"damage":7,"enemies":"Jaw Worm","floor":2,"turns":3},{"damage":9,"enemies":"2 Louse","floor":3,"turns":2},{"damage":17,"enemies":"Exordium Thugs","floor":4,"turns":3},{"damage":4,"enemies":"2 Fungi Beasts","floor":7,"turns":2},{"damage":0,"enemies":"Lagavulin","floor":10,"turns":5},{"damage":2,"enemies":"3 Louse","floor":12,"turns":3},{"damage":9,"enemies":"Lots of Slimes","floor":14,"turns":3},{"damage":3,"enemies":"Hexaghost","floor":16,"turns":7},{"damage":24,"enemies":"2 Thieves","floor":18,"turns":5},{"damage":39,"enemies":"Chosen","floor":22,"turns":6},{"damage":34,"enemies":"Slavers","floor":24,"turns":1}],"seed_played":"3761209968606514737","potions_obtained":[{"floor":1,"key":"Explosive Potion"},{"floor":2,"key":"SteroidPotion"},{"floor":7,"key":"Explosive Potion"},{"floor":18,"key":"Explosive Potion"}],"is_trial":false,"path_per_floor":["M","M","M","M","$","R","M","R","T","E","?","M","$","M","R","B",null,"M","?","?","?","M","R","E"],"character_chosen":"DEFECT","items_purchased":["Mayhem","Leap"],"campfire_rested":1,"item_purchase_floors":[13,13],"current_hp_per_floor":[67,60,51,34,34,34,30,30,30,30,30,28,28,19,19,16,51,27,27,27,37,4,20,0],"gold":336,"neow_bonus":"TWO_FIFTY_GOLD","is_prod":false,"is_daily":false,"chose_seed":false,"campfire_upgraded":3,"win_rate":0,"timestamp":1565412427,"path_taken":["M","M","M","M","$","R","M","R","T","E","?","M","$","M","R","BOSS","M","?","?","?","M","R","E"],"build_version":"2019-07-17","purchased_purges":1,"victory":false,"max_hp_per_floor":[68,68,68,68,68,68,68,68,68,68,63,63,63,63,63,63,63,63,63,44,54,54,54,54],"card_choices":[{"not_picked":["Hologram","Go for the Eyes"],"picked":"Sunder","floor":1},{"not_picked":["Cold Snap","Barrage"],"picked":"Turbo","floor":2},{"not_picked":["Redo","Barrage"],"picked":"Streamline","floor":3},{"not_picked":["Rainbow","Coolheaded"],"picked":"Gash","floor":4},{"not_picked":["Coolheaded","Sweeping Beam"],"picked":"White Noise","floor":7},{"not_picked":["White Noise","Leap"],"picked":"Fusion","floor":10},{"not_picked":["Go for the Eyes","Buffer"],"picked":"Chaos","floor":12},{"not_picked":["Doom and Gloom","Cold Snap"],"picked":"Ball Lightning","floor":14},{"not_picked":["All For One","Fission"],"picked":"Biased Cognition","floor":16},{"not_picked":["Coolheaded","Ball Lightning"],"picked":"White Noise","floor":17},{"not_picked":["Gash","Redo"],"picked":"Core Surge","floor":17},{"not_picked":["Streamline","Coolheaded"],"picked":"Conserve Battery","floor":17},{"not_picked":["Loop","Streamline"],"picked":"Compile Driver","floor":17},{"not_picked":["Force Field","Hologram"],"picked":"Leap","floor":17},{"not_picked":["Go for the Eyes","Compile Driver"],"picked":"Consume","floor":18},{"not_picked":["Hello World","Barrage+1"],"picked":"Fusion+1","floor":22}],"player_experience":667973,"relics_obtained":[{"floor":9,"key":"Du-Vu Doll"},{"floor":10,"key":"StoneCalendar"}],"event_choices":[{"damage_healed":0,"gold_gain":0,"player_choice":"Lose Max HP","damage_taken":0,"relics_obtained":["Golden Idol"],"max_hp_gain":0,"max_hp_loss":5,"event_name":"Golden Idol","floor":11,"gold_loss":0},{"damage_healed":0,"gold_gain":0,"cards_transformed":["Strike_B","Strike_B"],"player_choice":"Became Test Subject","damage_taken":0,"max_hp_gain":0,"max_hp_loss":0,"event_name":"Drug Dealer","floor":19,"gold_loss":0,"cards_obtained":["Rebound","Recycle"]},{"damage_healed":0,"gold_gain":0,"player_choice":"Became a vampire","damage_taken":0,"max_hp_gain":0,"max_hp_loss":19,"event_name":"Vampires","floor":20,"gold_loss":0,"cards_obtained":["Bite","Bite","Bite","Bite","Bite"]},{"damage_healed":0,"gold_gain":0,"player_choice":"Gave Potion","damage_taken":0,"relics_obtained":["Pear"],"max_hp_gain":0,"max_hp_loss":0,"event_name":"WeMeetAgain","floor":21,"gold_loss":0}],"is_beta":false,"boss_relics":[{"not_picked":["Busted Crown","Black Star"],"picked":"Orrery"}],"items_purged_floors":[5],"is_endless":false,"potions_floor_spawned":[1,2,7,18],"killed_by":"Slavers","ascension_level":8}