{"gold_per_floor":[109,109,121,121,132,132,162,162,162,195,195,219,242,242],"floor_reached":14,"playtime":1351,"items_purged":[],"score":142,"play_id":"96a18a0d-eb09-4eac-a044-c60cf84825c3","local_time":"20181229204721","is_ascension_mode":true,"campfire_choices":[{"floor":6,"key":"REST"},{"data":"Dualcast","floor":8,"key":"SMITH"}],"neow_cost":"PERCENT_DAMAGE","seed_source_timestamp":40888246099729,"circlet_count":0,"master_deck":["Strike_B","Strike_B","Strike_B","Defend_B","Defend_B","Defend_B","Zap","Dualcast+1","Skim","Ball Lightning","Echo Form","Ball Lightning","Stack"],"relics":["Cracked Core","Gremlin Horn","Darkstone Periapt","Bottled Tornado","Golden Idol","Happy Flower"],"potions_floor_usage":[5,7,7],"damage_taken":[{"damage":0,"enemies":"Small Slimes","floor":1,"turns":3},{"damage":10,"enemies":"2 Louse","floor":3,"turns":2},{"damage":7,"enemies":"Jaw Worm","floor":5,"turns":3},{"damage":25,"enemies":"3 Sentries","floor":7,"turns":4},{"damage":25,"enemies":"Lagavulin","floor":10,"turns":5},{"damage":10,"enemies":"3 Louse","floor":13,"turns":3},{"damage":18,"enemies":"Large Slime","floor":14,"turns":1}],"seed_played":"4577149348565190787","potions_obtained":[{"floor":3,"key":"EntropicBrew"},{"floor":13,"key":"FocusPotion"}],"is_trial":false,"path_per_floor":["M","?","M","?","M","R","E","R","T","E","?","T","M","M"],"character_chosen":"DEFECT","items_purchased":[],"campfire_rested":1,"item_purchase_floors":[],"current_hp_per_floor":[50,50,40,45,38,62,37,37,37,12,12,12,2,0],"gold":242,"neow_bonus":"REMOVE_TWO","is_prod":false,"is_daily":false,"chose_seed":false,"campfire_upgraded":1,"win_rate":0,"timestamp":1546145241,"path_taken":["M","?","M","?","M","R","E","R","T","E","?","?","M","M"],"build_version":"2018-12-20","purchased_purges":0,"victory":false,"max_hp_per_floor":[75,75,75,80,80,80,80,80,80,80,74,74,74,74],"card_choices":[{"not_picked":["Hologram","Beam Cell","Redo"],"picked":"SKIP","floor":1},{"not_picked":["Stack","Darkness"],"picked":"Skim","floor":3},{"not_picked":["Loop","Sweeping Beam"],"picked":"Ball Lightning","floor":5},{"not_picked":["Compile Driver","Steam Power"],"picked":"Echo Form","floor":7},{"not_picked":["Turbo","Reprogram"],"picked":"Ball Lightning","floor":10},{"not_picked":["Turbo","Recycle"],"picked":"Stack","floor":13}],"player_experience":493516,"relics_obtained":[{"floor":7,"key":"Gremlin Horn"},{"floor":9,"key":"Darkstone Periapt"},{"floor":10,"key":"Bottled Tornado"},{"floor":12,"key":"Happy Flower"}],"event_choices":[{"damage_healed":0,"gold_gain":0,"player_choice":"Ignored","damage_taken":0,"max_hp_gain":0,"max_hp_loss":0,"event_name":"Liars Game","floor":2,"gold_loss":0},{"damage_healed":0,"gold_gain":0,"player_choice":"Donut","damage_taken":0,"max_hp_gain":5,"max_hp_loss":0,"event_name":"Big Fish","floor":4,"gold_loss":0},{"damage_healed":0,"gold_gain":0,"player_choice":"Lose Max HP","damage_taken":0,"relics_obtained":["Golden Idol"],"max_hp_gain":0,"max_hp_loss":6,"event_name":"Golden Idol","floor":11,"gold_loss":0}],"is_beta":false,"boss_relics":[],"items_purged_floors":[],"is_endless":false,"potions_floor_spawned":[3,13],"killed_by":"Large Slime","ascension_level":9}