{"gold_per_floor":[115,131,151,151,165,191,191,204,204,215,215,250,265,281,281,356,356,372,372,383,401,418,418],"floor_reached":23,"playtime":1662,"items_purged":[],"score":398,"play_id":"6c59832a-0246-4e90-9a58-7e87a2b6b53d","local_time":"20190803084908","is_ascension_mode":true,"campfire_choices":[{"data":"Dash","floor":7,"key":"SMITH"},{"floor":11,"key":"REST"},{"data":"Neutralize","floor":15,"key":"SMITH"}],"neow_cost":"NONE","seed_source_timestamp":25872577465600,"circlet_count":0,"master_deck":["AscendersBane","Strike_G","Strike_G","Strike_G","Strike_G","Strike_G","Defend_G","Defend_G","Defend_G","Defend_G","Survivor","Neutralize+1","Footwork","Well Laid Plans","Choke","Choke","Backstab","Deflect","Dash+1","Bullet Time","Footwork","Deflect","Predator","Backstab","PiercingWail","Die Die Die","Pain","Normality","Doubt","Flying Knee","Cloak And Dagger+1"],"relics":["Ring of the Snake","Pear","Matryoshka","Meat on the Bone","Calling Bell","Strawberry","Ornamental Fan","Shovel"],"potions_floor_usage":[5,6,12,14,23,23],"damage_taken":[{"damage":3,"enemies":"Small Slimes","floor":1,"turns":5},{"damage":0,"enemies":"Cultist","floor":2,"turns":4},{"damage":5,"enemies":"2 Louse","floor":3,"turns":3},{"damage":0,"enemies":"Lots of Slimes","floor":5,"turns":3},{"damage":9,"enemies":"Lagavulin","floor":6,"turns":6},{"damage":4,"enemies":"Looter","floor":8,"turns":4},{"damage":19,"enemies":"Exordium Thugs","floor":10,"turns":5},{"damage":0,"enemies":"Gremlin Nob","floor":12,"turns":2},{"damage":3,"enemies":"Blue Slaver","floor":13,"turns":2},{"damage":0,"enemies":"Gremlin Gang","floor":14,"turns":3},{"damage":23,"enemies":"The Guardian","floor":16,"turns":12},{"damage":16,"enemies":"Spheric Guardian","floor":18,"turns":4},{"damage":17,"enemies":"Shell Parasite","floor":20,"turns":8},{"damage":25,"enemies":"Snake Plant","floor":21,"turns":6},{"damage":21,"enemies":"Centurion and Healer","floor":22,"turns":8},{"damage":27,"enemies":"Book of Stabbing","floor":23,"turns":6}],"seed_played":"-4135591799168883770","potions_obtained":[{"floor":2,"key":"AttackPotion"},{"floor":3,"key":"Strength Potion"},{"floor":5,"key":"Swift Potion"},{"floor":10,"key":"FearPotion"},{"floor":16,"key":"Poison Potion"},{"floor":18,"key":"Dexterity Potion"}],"is_trial":false,"path_per_floor":["M","M","M","?","M","E","R","M","T","M","R","E","M","M","R","B",null,"M","?","M","M","M","E"],"character_chosen":"THE_SILENT","items_purchased":[],"campfire_rested":1,"item_purchase_floors":[],"current_hp_per_floor":[56,56,51,51,51,52,52,48,48,29,51,51,48,48,48,37,73,57,57,52,39,30,3],"gold":418,"neow_bonus":"TRANSFORM_CARD","is_prod":false,"is_daily":false,"chose_seed":false,"campfire_upgraded":2,"win_rate":0,"timestamp":1564789748,"path_taken":["M","M","M","?","M","E","R","M","T","?","R","E","M","M","R","BOSS","M","?","M","M","M","E"],"build_version":"2019-07-17","purchased_purges":0,"victory":false,"max_hp_per_floor":[66,66,66,66,66,76,76,76,76,76,76,76,76,76,76,76,83,83,83,83,83,83,83],"card_choices":[{"not_picked":["Outmaneuver","Finisher"],"picked":"Well Laid Plans","floor":1},{"not_picked":["Prepared","PiercingWail"],"picked":"Choke","floor":2},{"not_picked":["PiercingWail","Deflect"],"picked":"Choke","floor":3},{"not_picked":["Slice","Setup"],"picked":"Dash","floor":5},{"not_picked":["Doppelganger","Quick Slash"],"picked":"Bullet Time","floor":6},{"not_picked":["Dodge and Roll","Deflect"],"picked":"Footwork","floor":8},{"not_picked":["Cloak And Dagger","Concentrate"],"picked":"Deflect","floor":10},{"not_picked":["Masterful Stab","Bouncing Flask"],"picked":"Predator","floor":12},{"not_picked":["Backflip","Dagger Spray"],"picked":"Backstab","floor":13},{"not_picked":["Outmaneuver","Bane"],"picked":"PiercingWail","floor":14},{"not_picked":["Tools of the Trade","Doppelganger"],"picked":"Die Die Die","floor":16},{"not_picked":["Prepared","Backflip","Blade Dance"],"picked":"SKIP","floor":18},{"not_picked":["Prepared","Blade Dance"],"picked":"Flying Knee","floor":20},{"not_picked":["Storm of Steel","Eviscerate","Slice"],"picked":"SKIP","floor":21},{"not_picked":["Acrobatics","Dodge and Roll"],"picked":"Cloak And Dagger+1","floor":22}],"player_experience":539623,"relics_obtained":[{"floor":6,"key":"Pear"},{"floor":9,"key":"Matryoshka"},{"floor":12,"key":"Meat on the Bone"},{"floor":17,"key":"Strawberry"},{"floor":17,"key":"Ornamental Fan"},{"floor":17,"key":"Shovel"}],"event_choices":[{"damage_healed":0,"gold_gain":0,"player_choice":"2 cards matched","damage_taken":0,"max_hp_gain":0,"max_hp_loss":0,"event_name":"Match and Keep!","floor":4,"gold_loss":0,"cards_obtained":["Backstab","Deflect"]},{"damage_healed":0,"gold_gain":0,"player_choice":"0 cards matched","damage_taken":0,"max_hp_gain":0,"max_hp_loss":0,"event_name":"Match and Keep!","floor":19,"gold_loss":0,"cards_obtained":[]}],"is_beta":false,"boss_relics":[{"not_picked":["Runic Dome","Ectoplasm"],"picked":"Calling Bell"}],"items_purged_floors":[],"is_endless":false,"potions_floor_spawned":[2,3,5,10,16,18,20,22],"killed_by":"Book of Stabbing","ascension_level":14}