{"gold_per_floor":[119,119,137,156,156,182,182,212,212,212,232,250,250,262,262,363,363,375,389,404,423,79,79,95,95,95,109,109,70,88,187,187,187],"floor_reached":33,"playtime":2565,"items_purged":["Strike_B"],"score":300,"play_id":"9e4578ca-7d8d-4230-8827-707704a60c1d","local_time":"20190723105421","is_ascension_mode":true,"campfire_choices":[{"data":"Conserve Battery","floor":7,"key":"SMITH"},{"floor":10,"key":"REST"},{"floor":15,"key":"REST"},{"floor":23,"key":"REST"},{"floor":25,"key":"REST"},{"floor":28,"key":"REST"},{"data":"Glacier","floor":32,"key":"SMITH"}],"neow_cost":"NONE","seed_source_timestamp":335850095839400,"circlet_count":0,"master_deck":["Strike_B","Strike_B","Strike_B","Defend_B","Defend_B","Defend_B","Defend_B","Zap+1","Dualcast","Capacitor","Conserve Battery+1","Consume","Genetic Algorithm","Coolheaded+1","Capacitor","Core Surge","Hologram","Leap","Glacier+1","Cold Snap","Fusion+1","Reinforced Body+1","Skim"],"relics":["Cracked Core","NeowsBlessing","PreservedInsect","Torii","Shuriken","Sozu","Omamori","Pen Nib"],"potions_floor_usage":[6,12,16,16,16,16,16,19,21],"damage_taken":[{"damage":0,"enemies":"Cultist","floor":1,"turns":1},{"damage":0,"enemies":"2 Louse","floor":3,"turns":1},{"damage":0,"enemies":"Small Slimes","floor":4,"turns":1},{"damage":27,"enemies":"Lagavulin","floor":6,"turns":8},{"damage":25,"enemies":"3 Sentries","floor":8,"turns":6},{"damage":2,"enemies":"Looter","floor":11,"turns":4},{"damage":13,"enemies":"Exordium Wildlife","floor":12,"turns":5},{"damage":9,"enemies":"Large Slime","floor":14,"turns":7},{"damage":1,"enemies":"Slime Boss","floor":16,"turns":9},{"damage":13,"enemies":"Chosen","floor":18,"turns":6},{"damage":11,"enemies":"3 Byrds","floor":19,"turns":2},{"damage":26,"enemies":"Snake Plant","floor":20,"turns":5},{"damage":35,"enemies":"3 Cultists","floor":21,"turns":8},{"damage":0,"enemies":"Snecko","floor":24,"turns":9},{"damage":21,"enemies":"Shelled Parasite and Fungi","floor":27,"turns":10},{"damage":1,"enemies":"Centurion and Healer","floor":30,"turns":13},{"damage":51,"enemies":"Collector","floor":33,"turns":31}],"seed_played":"294163546463924169","potions_obtained":[{"floor":2,"key":"Ancient Potion"},{"floor":2,"key":"SpeedPotion"},{"floor":2,"key":"EntropicBrew"},{"floor":3,"key":"Swift Potion"},{"floor":4,"key":"Weak Potion"},{"floor":8,"key":"Ancient Potion"},{"floor":14,"key":"Block Potion"},{"floor":16,"key":"LiquidBronze"}],"is_trial":false,"path_per_floor":["M","?","M","M","?","E","R","E","T","R","M","M","?","M","R","B",null,"M","M","M","M","$","R","M","R","T","M","R","$","M","?","R","B"],"character_chosen":"DEFECT","items_purchased":["Glacier","Cold Snap","Omamori","Skim"],"campfire_rested":5,"item_purchase_floors":[22,22,22,29],"current_hp_per_floor":[75,75,75,75,75,48,48,23,23,45,43,30,30,21,43,42,75,62,51,25,5,5,27,27,49,49,28,50,50,49,49,49,0],"gold":187,"neow_bonus":"THREE_ENEMY_KILL","is_prod":false,"is_daily":false,"chose_seed":false,"campfire_upgraded":2,"win_rate":0,"timestamp":1563846861,"path_taken":["M","?","M","?","?","E","R","E","T","R","M","M","?","M","R","BOSS","M","M","?","M","?","R","M","R","T","?","R","$","M","?","R","BOSS"],"build_version":"2019-07-17","purchased_purges":1,"victory":false,"max_hp_per_floor":[75,75,75,75,75,75,75,75,75,75,75,75,75,75,75,75,75,75,75,75,75,75,75,75,75,75,75,75,75,75,75,75,75],"card_choices":[{"not_picked":["Barrage","Heatsinks","Scrape"],"picked":"SKIP","floor":1},{"not_picked":["Turbo","Steam Power"],"picked":"Capacitor","floor":3},{"not_picked":["Rebound","BootSequence"],"picked":"Conserve Battery","floor":4},{"not_picked":["Sweeping Beam","Melter"],"picked":"Consume","floor":6},{"not_picked":["Chill","Streamline"],"picked":"Genetic Algorithm","floor":8},{"not_picked":["Force Field","Beam Cell"],"picked":"Coolheaded","floor":11},{"not_picked":["Skim","Ball Lightning"],"picked":"Capacitor","floor":12},{"not_picked":["Undo","Gash"],"picked":"Core Surge","floor":14},{"not_picked":["Barrage","Turbo"],"picked":"Hologram","floor":18},{"not_picked":["Lockon","Gash","Ball Lightning"],"picked":"SKIP","floor":19},{"not_picked":["Stack","White Noise"],"picked":"Leap","floor":20},{"not_picked":["Stack+1","Gash+1","Streamline"],"picked":"SKIP","floor":21},{"not_picked":["Coolheaded","Ball Lightning"],"picked":"Fusion+1","floor":24},{"not_picked":["Undo","Sweeping Beam"],"picked":"Reinforced Body+1","floor":27},{"not_picked":["Rebound+1","Cold Snap+1","Heatsinks"],"picked":"SKIP","floor":30}],"player_experience":417748,"relics_obtained":[{"floor":6,"key":"PreservedInsect"},{"floor":8,"key":"Torii"},{"floor":9,"key":"Shuriken"},{"floor":26,"key":"Pen Nib"}],"event_choices":[{"damage_healed":0,"gold_gain":0,"player_choice":"Got Potions","damage_taken":0,"max_hp_gain":0,"max_hp_loss":0,"event_name":"Lab","floor":2,"gold_loss":0},{"damage_healed":0,"gold_gain":0,"player_choice":"Grow","damage_taken":0,"max_hp_gain":0,"max_hp_loss":0,"event_name":"Living Wall","floor":5,"gold_loss":0,"cards_upgraded":["Zap"]},{"damage_healed":0,"gold_gain":0,"player_choice":"Upgraded","damage_taken":0,"max_hp_gain":0,"max_hp_loss":0,"event_name":"Upgrade Shrine","floor":13,"gold_loss":0,"cards_upgraded":["Coolheaded"]},{"damage_healed":0,"gold_gain":99,"player_choice":"Stole From Cult","damage_taken":0,"max_hp_gain":0,"max_hp_loss":0,"event_name":"Nest","floor":31,"gold_loss":0}],"is_beta":false,"boss_relics":[{"not_picked":["Snecko Eye","Inserter"],"picked":"Sozu"}],"items_purged_floors":[22],"is_endless":false,"potions_floor_spawned":[3,4,8,11,14,16,19,24,27,30],"killed_by":"Collector","ascension_level":3}