{"gold_per_floor":[111,36,49,49,119,119,150,167,167,193,193,209,209,223,223,223],"floor_reached":16,"playtime":377,"items_purged":["Strike_R"],"score":100,"play_id":"90217542-db63-4f07-8b3e-62206340b882","local_time":"20190808230534","is_ascension_mode":false,"campfire_choices":[{"data":"Bash","floor":6,"key":"SMITH"},{"data":"Twin Strike","floor":11,"key":"SMITH"},{"data":"Whirlwind","floor":13,"key":"SMITH"},{"data":"Carnage","floor":15,"key":"SMITH"}],"neow_cost":"TEN_PERCENT_HP_LOSS","seed_source_timestamp":0,"circlet_count":0,"master_deck":["Strike_R","Strike_R","Strike_R","Defend_R","Defend_R","Defend_R","Bash+1","Twin Strike+1","Whirlwind+1","Carnage+1"],"special_seed":0,"relics":["Burning Blood","Question Card","Juzu Bracelet","PreservedInsect","Odd Mushroom"],"potions_floor_usage":[7,16],"damage_taken":[{"damage":1.0,"enemies":"Cultist","floor":1.0,"turns":4.0},{"damage":1,"enemies":"Jaw Worm","floor":3,"turns":4},{"damage":40,"enemies":"Lagavulin","floor":7,"turns":6},{"damage":0,"enemies":"Small Slimes","floor":8,"turns":3},{"damage":13,"enemies":"The Mushroom Lair","floor":10,"turns":5},{"damage":18,"enemies":"Exordium Thugs","floor":12,"turns":5},{"damage":8,"enemies":"Red Slaver","floor":14,"turns":2},{"damage":23,"enemies":"Hexaghost","floor":16,"turns":6}],"seed_played":"-6086665247008186123","potions_obtained":[{"floor":3,"key":"Explosive Potion"},{"floor":10,"key":"PowerPotion"},{"floor":14,"key":"Explosive Potion"}],"is_trial":false,"path_per_floor":["M","$","M","$","T","R","E","M","T","?","R","M","R","M","R","B"],"character_chosen":"IRONCLAD","items_purchased":[],"campfire_rested":0,"item_purchase_floors":[],"current_hp_per_floor":[72,72,72,72,72,72,38,44,44,37,37,25,25,23,23,0],"gold":223,"neow_bonus":"REMOVE_TWO","is_prod":false,"is_daily":false,"chose_seed":false,"campfire_upgraded":4,"win_rate":0,"timestamp":1565327134,"path_taken":["M","$","M","$","?","R","E","M","T","?","R","M","R","M","R","BOSS"],"build_version":"2019-07-17","purchased_purges":1,"victory":false,"max_hp_per_floor":[72,72,72,72,72,72,72,72,72,72,72,72,72,72,72,72],"card_choices":[{"not_picked":["Warcry","Wild Strike"],"picked":"Twin Strike","floor":1.0},{"not_picked":["Shrug It Off","Sword Boomerang","Body Slam"],"picked":"SKIP","floor":3},{"not_picked":["Sever Soul","Sword Boomerang","Perfected Strike","Battle Trance"],"picked":"SKIP","floor":7},{"not_picked":["Feel No Pain","Battle Trance","Burning Pact","Entrench"],"picked":"SKIP","floor":8},{"not_picked":["Cleave","Bloodletting","Anger"],"picked":"Whirlwind","floor":12},{"not_picked":["Feel No Pain","Dark Embrace","Wild Strike"],"picked":"Carnage","floor":14}],"player_experience":1663778,"relics_obtained":[{"floor":5,"key":"Question Card"},{"floor":7,"key":"Juzu Bracelet"},{"floor":9,"key":"PreservedInsect"},{"floor":10,"key":"Odd Mushroom"}],"event_choices":[{"damage_healed":0,"gold_gain":0,"player_choice":"Fought Mushrooms","damage_taken":0,"max_hp_gain":0,"max_hp_loss":0,"event_name":"Mushrooms","floor":10,"gold_loss":0}],"is_beta":false,"boss_relics":[],"items_purged_floors":[2],"is_endless":false,"potions_floor_spawned":[3,10,14],"killed_by":"Hexaghost","ascension_level":0}