{"gold_per_floor":[114,129,144,144,159,159,189,136,136,136,69,69,144,159,159,259,259,274,274,289,289,304,304,319,319,319,334,364,364,379,108,108,208,208,223,193,293,18,0,0,15,15,15,15,30,30,60,75,75,75],"floor_reached":51,"playtime":3293,"items_purged":[],"score":795,"play_id":"5922d228-ee2b-46f8-8a7b-d6a102ee3095","local_time":"20181123051801","daily_mods":["Draft","Diverse","Lethality"],"is_ascension_mode":false,"campfire_choices":[{"data":"Rage","floor":6,"key":"SMITH"},{"data":"Well Laid Plans","floor":12,"key":"SMITH"},{"data":"Rampage","floor":15,"key":"SMITH"},{"data":"Dual Wield","floor":23,"key":"SMITH"},{"data":"Sweeping Beam","floor":25,"key":"SMITH"},{"data":"Go for the Eyes","floor":32,"key":"SMITH"},{"data":"Pommel Strike","floor":40,"key":"SMITH"},{"data":"Storm","floor":42,"key":"SMITH"},{"data":"Beam Cell","floor":44,"key":"SMITH"},{"data":"Noxious Fumes","floor":49,"key":"SMITH"}],"neow_cost":"","seed_source_timestamp":0,"circlet_count":0,"master_deck":["Chill","Rage+1","Pommel Strike+1","Hologram","Conserve Battery","Sweeping Beam+1","Aggregate","PiercingWail","Rampage+1","Go for the Eyes+1","Beam Cell+1","Gash","Leap","Well Laid Plans+1","Dual Wield+1","Ball Lightning","Turbo","Clash","Stack+1","Conserve Battery+1","Dash","Dodge and Roll+1","Feed","PiercingWail+1","RitualDagger","Stack+1","Crippling Poison+1","Turbo+1","Sentinel+1","Corpse Explosion+1","Jack Of All Trades+1","Noxious Fumes+1","Corpse Explosion+1","Warcry+1","Storm+1","Tempest+1","Leap+1","Clumsy","Die Die Die","Distraction+1","Blade Dance+1"],"special_seed":17857,"relics":["Cracked Core","Toxic Egg 2","Juzu Bracelet","Meat on the Bone","Eternal Feather","Pantograph","Darkstone Periapt","Cursed Key","WingedGreaves","Runic Capacitor","Red Mask","Potion Belt","Unceasing Top"],"potions_floor_usage":[7,22,22,22,22,28,28,33,33,37,37,50,50,50],"damage_taken":[{"damage":0,"enemies":"Small Slimes","floor":1,"turns":2},{"damage":0,"enemies":"2 Louse","floor":2,"turns":1},{"damage":2,"enemies":"Jaw Worm","floor":3,"turns":2},{"damage":0,"enemies":"3 Louse","floor":5,"turns":2},{"damage":0,"enemies":"Lagavulin","floor":7,"turns":4},{"damage":0,"enemies":"Blue Slaver","floor":14,"turns":2},{"damage":15,"enemies":"The Guardian","floor":16,"turns":8},{"damage":4,"enemies":"Chosen","floor":18,"turns":3},{"damage":1,"enemies":"2 Thieves","floor":20,"turns":5},{"damage":21,"enemies":"Shelled Parasite and Fungi","floor":22,"turns":4},{"damage":14,"enemies":"Snecko","floor":24,"turns":6},{"damage":0,"enemies":"Cultist and Chosen","floor":27,"turns":6},{"damage":0,"enemies":"Slavers","floor":28,"turns":5},{"damage":18,"enemies":"Shelled Parasite and Fungi","floor":30,"turns":5},{"damage":6,"enemies":"Collector","floor":33,"turns":9},{"damage":0,"enemies":"3 Shapes","floor":35,"turns":3},{"damage":13,"enemies":"Mind Bloom Boss Battle","floor":37,"turns":7},{"damage":7,"enemies":"Orb Walker","floor":41,"turns":3},{"damage":19,"enemies":"Spire Growth","floor":45,"turns":5},{"damage":30,"enemies":"Nemesis","floor":47,"turns":6},{"damage":17,"enemies":"4 Shapes","floor":48,"turns":4},{"damage":40,"enemies":"Donu and Deca","floor":50,"turns":6}],"seed_played":"8592410561029907651","potions_obtained":[{"floor":1,"key":"PowerPotion"},{"floor":14,"key":"Ancient Potion"},{"floor":16,"key":"FearPotion"},{"floor":18,"key":"Strength Potion"},{"floor":21,"key":"EntropicBrew"},{"floor":24,"key":"Block Potion"},{"floor":27,"key":"Weak Potion"},{"floor":30,"key":"SmokeBomb"},{"floor":36,"key":"Strength Potion"},{"floor":36,"key":"Block Potion"},{"floor":37,"key":"FocusPotion"},{"floor":45,"key":"FocusPotion"},{"floor":48,"key":"Fire Potion"}],"is_trial":false,"path_per_floor":["M","M","M","?","M","R","E","$","T","?","$","R","?","M","R","B",null,"M","?","M","?","M","R","M","R","T","M","E","?","M","$","R","B",null,"M","?","?","$","?","R","M","R","T","R","M","?","E","M","R","B",null],"character_chosen":"DEFECT","items_purchased":["Conserve Battery+1","Dash","Jack Of All Trades+1","Poison Potion","Noxious Fumes","Poison Potion","Runic Capacitor","Tempest+1"],"campfire_rested":0,"item_purchase_floors":[8,11,31,31,31,31,38,38],"current_hp_per_floor":[75,75,73,66,66,66,66,66,66,59,59,59,48,48,48,45,75,74,68,67,67,49,64,50,65,65,68,68,68,50,50,68,78,84,87,87,74,74,74,87,80,87,93,93,74,74,56,51,75,56],"gold":75,"neow_bonus":"","is_prod":false,"is_daily":true,"chose_seed":false,"campfire_upgraded":10,"win_rate":0,"timestamp":1542917881,"path_taken":["M","M","M","?","M","R","E","$","T","?","$","R","?","M","R","BOSS","M","?","M","?","M","R","M","R","T","M","E","?","M","$","R","BOSS","M","?","?","$","?","R","M","R","T","R","M","?","E","M","R","BOSS"],"build_version":"2018-11-15","purchased_purges":0,"victory":true,"max_hp_per_floor":[75,75,75,75,75,75,75,75,75,75,75,75,75,75,75,75,75,78,78,78,78,81,81,81,81,81,84,84,84,84,84,84,84,84,87,87,87,87,87,87,87,87,93,93,93,93,93,93,93,96],"card_choices":[{"not_picked":["Backstab","Ball Lightning"],"picked":"Chill","floor":0},{"not_picked":["Deflect","Flex"],"picked":"Rage","floor":0},{"not_picked":["True Grit","Clash"],"picked":"Pommel Strike","floor":0},{"not_picked":["Dagger Spray","Heavy Blade"],"picked":"Hologram","floor":0},{"not_picked":["Steam","Doom and Gloom"],"picked":"Conserve Battery","floor":0},{"not_picked":["Darkness","Anger"],"picked":"Sweeping Beam","floor":0},{"not_picked":["Warcry","Heavy Blade"],"picked":"Aggregate","floor":0},{"not_picked":["Gash","Riddle With Holes"],"picked":"PiercingWail","floor":0},{"not_picked":["Deadly Poison","Wild Strike"],"picked":"Rampage","floor":0},{"not_picked":["Conserve Battery","Sweeping Beam"],"picked":"Go for the Eyes","floor":0},{"not_picked":["Sword Boomerang","Choke"],"picked":"Beam Cell","floor":0},{"not_picked":["Heel Hook","Choke"],"picked":"Gash","floor":0},{"not_picked":["Entrench","Havoc"],"picked":"Leap","floor":0},{"not_picked":["Ball Lightning","Eviscerate"],"picked":"Well Laid Plans","floor":0},{"not_picked":["Go for the Eyes","Wild Strike"],"picked":"Dual Wield","floor":0},{"not_picked":["Flechettes","Cleave"],"picked":"Ball Lightning","floor":1},{"not_picked":["Entrench","Noxious Fumes"],"picked":"Sword Boomerang","floor":2},{"not_picked":["Accuracy","Sword Boomerang"],"picked":"Turbo","floor":3},{"not_picked":["Second Wind","Choke"],"picked":"Clash","floor":5},{"not_picked":["Bane","Heel Hook"],"picked":"Stack","floor":7},{"not_picked":["Wild Strike","Genetic Algorithm+1"],"picked":"Dodge and Roll+1","floor":14},{"not_picked":["Tools of the Trade","Echo Form"],"picked":"Feed","floor":16},{"not_picked":["Body Slam","Underhanded Strike"],"picked":"PiercingWail+1","floor":18},{"not_picked":["Finisher","Defragment"],"picked":"Stack+1","floor":20},{"not_picked":["Choke","Quick Slash"],"picked":"Crippling Poison+1","floor":22},{"not_picked":["Bane","Tactician+1"],"picked":"Sucker Punch","floor":24},{"not_picked":["Redo+1","Cold Snap"],"picked":"Turbo+1","floor":27},{"not_picked":["Deadly Poison+1","Reflex+1"],"picked":"Sentinel+1","floor":28},{"not_picked":["Conserve Battery+1","Sunder"],"picked":"Corpse Explosion+1","floor":30},{"not_picked":["Multi-Cast+1","Storm of Steel+1"],"picked":"Corpse Explosion+1","floor":33},{"not_picked":["Auto Shields+1","Compile Driver+1"],"picked":"Warcry+1","floor":35},{"not_picked":["Poisoned Stab","Warcry+1"],"picked":"Storm","floor":37},{"not_picked":["Outmaneuver+1","Pummel+1"],"picked":"Leap+1","floor":41},{"not_picked":["Havoc+1","Dagger Spray+1"],"picked":"Pummel+1","floor":45},{"not_picked":["Rupture+1","Streamline"],"picked":"Distraction+1","floor":47},{"not_picked":["Clothesline","Outmaneuver+1"],"picked":"Blade Dance+1","floor":48}],"player_experience":480795,"relics_obtained":[{"floor":7,"key":"Toxic Egg 2"},{"floor":9,"key":"Juzu Bracelet"},{"floor":26,"key":"Pantograph"},{"floor":28,"key":"Darkstone Periapt"},{"floor":37,"key":"WingedGreaves"},{"floor":43,"key":"Potion Belt"},{"floor":47,"key":"Unceasing Top"}],"event_choices":[{"cards_removed":["Sword Boomerang"],"damage_healed":0,"gold_gain":0,"player_choice":"Card Removal","damage_taken":7,"max_hp_gain":0,"max_hp_loss":0,"event_name":"Golden Wing","floor":4,"gold_loss":0},{"damage_healed":0,"gold_gain":0,"player_choice":"Success","damage_taken":7,"relics_obtained":["Meat on the Bone"],"max_hp_gain":0,"max_hp_loss":0,"event_name":"Scrap Ooze","floor":10,"gold_loss":0},{"damage_healed":0,"gold_gain":75,"player_choice":"Gather Gold","damage_taken":11,"max_hp_gain":0,"max_hp_loss":0,"event_name":"World of Goop","floor":13,"gold_loss":0},{"damage_healed":0,"gold_gain":0,"player_choice":"Joined the Cult","damage_taken":6,"max_hp_gain":0,"max_hp_loss":0,"event_name":"Nest","floor":19,"gold_loss":0,"cards_obtained":["RitualDagger"]},{"damage_healed":0,"gold_gain":0,"player_choice":"Got Potions","damage_taken":0,"max_hp_gain":0,"max_hp_loss":0,"event_name":"Lab","floor":21,"gold_loss":0},{"cards_removed":["Sucker Punch"],"damage_healed":0,"gold_gain":0,"player_choice":"Purged","damage_taken":0,"max_hp_gain":0,"max_hp_loss":0,"event_name":"Purifier","floor":29,"gold_loss":0},{"damage_healed":0,"gold_gain":0,"player_choice":"Bought 2 Potions","damage_taken":0,"max_hp_gain":0,"max_hp_loss":0,"event_name":"The Woman in Blue","floor":36,"gold_loss":0},{"damage_healed":0,"gold_gain":0,"player_choice":"Fight","damage_taken":0,"max_hp_gain":0,"max_hp_loss":0,"event_name":"MindBloom","floor":37,"gold_loss":0},{"damage_healed":0,"gold_gain":0,"player_choice":"Paid","damage_taken":0,"relics_obtained":["Red Mask"],"max_hp_gain":0,"max_hp_loss":0,"event_name":"Tomb of Lord Red Mask","floor":39,"gold_loss":18},{"damage_healed":0,"gold_gain":0,"cards_transformed":["Pummel"],"player_choice":"Transformed","damage_taken":0,"max_hp_gain":0,"max_hp_loss":0,"event_name":"Transmorgrifier","floor":46,"gold_loss":0,"cards_obtained":["Die Die Die"]}],"is_beta":false,"boss_relics":[{"not_picked":["Snecko Eye","Philosopher\u0027s Stone"],"picked":"Eternal Feather"},{"not_picked":["Busted Crown","FrozenCore"],"picked":"Cursed Key"}],"items_purged_floors":[],"is_endless":false,"potions_floor_spawned":[1,14,16,18,24,27,30,37,45,48],"ascension_level":0}