{"gold_per_floor":[116,127,142,156,175,210,210,238,238,238,570,589,589,589,589,690,690,702,702,702,702,714,744,756],"floor_reached":24,"playtime":1599,"items_purged":[],"score":403,"play_id":"0396ad56-407a-41de-abe9-adb992e4bc91","local_time":"20190827074256","is_ascension_mode":true,"campfire_choices":[{"data":"Bash","floor":7,"key":"SMITH"},{"data":"Twin Strike","floor":10,"key":"SMITH"},{"floor":13,"key":"REST"},{"data":"Body Slam","floor":15,"key":"SMITH"}],"neow_cost":"NONE","seed_source_timestamp":137899687495600,"circlet_count":0,"master_deck":["AscendersBane","Defend_R","Defend_R","Defend_R","Defend_R","Bash+1","Twin Strike+1","Shrug It Off","Ghostly Armor","Battle Trance","Shrug It Off","Disarm","Pommel Strike","Body Slam+1","Limit Break+1","Iron Wave","Bite","Bite","Bite","Bite","Bite","Seeing Red+1","True Grit+1"],"relics":["Black Blood","Bag of Preparation","Omamori","Juzu Bracelet","Toxic Egg 2","Old Coin","MutagenicStrength","Meat on the Bone","MawBank"],"potions_floor_usage":[5,6,23,23],"damage_taken":[{"damage":1,"enemies":"Cultist","floor":1,"turns":3},{"damage":4,"enemies":"Jaw Worm","floor":2,"turns":5},{"damage":0,"enemies":"Small Slimes","floor":3,"turns":3},{"damage":6,"enemies":"Blue Slaver","floor":4,"turns":5},{"damage":5,"enemies":"Large Slime","floor":5,"turns":11},{"damage":14,"enemies":"3 Sentries","floor":6,"turns":11},{"damage":37,"enemies":"Lagavulin","floor":8,"turns":13},{"damage":14,"enemies":"3 Sentries","floor":11,"turns":13},{"damage":9,"enemies":"Looter","floor":12,"turns":3},{"damage":6,"enemies":"The Guardian","floor":16,"turns":14},{"damage":25,"enemies":"Chosen","floor":18,"turns":10},{"damage":46,"enemies":"3 Byrds","floor":22,"turns":8},{"damage":50,"enemies":"Book of Stabbing","floor":23,"turns":6},{"damage":47,"enemies":"Cultist and Chosen","floor":24,"turns":8}],"seed_played":"-1947855728623668820","potions_obtained":[{"floor":1,"key":"Explosive Potion"},{"floor":2,"key":"Fire Potion"},{"floor":8,"key":"Poison Potion"},{"floor":16,"key":"Swift Potion"}],"is_trial":false,"path_per_floor":["M","M","M","M","M","E","R","E","T","R","E","M","R","?","R","B",null,"M","?","?","?","M","E","M"],"character_chosen":"IRONCLAD","items_purchased":[],"campfire_rested":1,"item_purchase_floors":[],"current_hp_per_floor":[77,79,80,80,80,72,72,41,41,41,33,30,54,54,54,54,74,59,59,56,56,48,26,0],"gold":756,"neow_bonus":"RANDOM_COMMON_RELIC","is_prod":false,"is_daily":false,"chose_seed":false,"campfire_upgraded":3,"win_rate":0,"timestamp":1566906176,"path_taken":["M","M","M","?","M","E","R","E","T","R","E","M","R","?","R","BOSS","M","?","?","?","M","E","M"],"build_version":"2019-07-17","purchased_purges":0,"victory":false,"max_hp_per_floor":[80,80,80,80,80,80,80,80,80,80,80,80,80,80,80,80,80,80,80,56,56,56,56,56],"card_choices":[{"not_picked":["Evolve","Clash"],"picked":"Twin Strike","floor":1},{"not_picked":["Combust","Blood for Blood"],"picked":"Shrug It Off","floor":2},{"not_picked":["Wild Strike","Flex"],"picked":"Ghostly Armor","floor":3},{"not_picked":["Sword Boomerang","Shrug It Off"],"picked":"Battle Trance","floor":4},{"not_picked":["Brutality","True Grit"],"picked":"Shrug It Off","floor":5},{"not_picked":["Sword Boomerang","Burning Pact"],"picked":"Disarm","floor":6},{"not_picked":["Twin Strike","Impervious"],"picked":"Pommel Strike","floor":8},{"not_picked":["Searing Blow","Flex+1"],"picked":"Body Slam","floor":11},{"not_picked":["Power Through+1","Fire Breathing","Perfected Strike"],"picked":"SKIP","floor":12},{"not_picked":["Dark Embrace","Fiend Fire"],"picked":"Limit Break+1","floor":16},{"not_picked":["Rampage","Ghostly Armor+1"],"picked":"Iron Wave","floor":18},{"not_picked":["Clash","Sword Boomerang"],"picked":"Seeing Red+1","floor":22},{"not_picked":["Corruption","Evolve"],"picked":"True Grit+1","floor":23}],"player_experience":4119546,"relics_obtained":[{"floor":6,"key":"Omamori"},{"floor":8,"key":"Juzu Bracelet"},{"floor":9,"key":"Toxic Egg 2"},{"floor":11,"key":"Old Coin"},{"floor":23,"key":"MawBank"}],"event_choices":[{"cards_removed":["Strike_R"],"damage_healed":0,"gold_gain":0,"player_choice":"Purged","damage_taken":0,"max_hp_gain":0,"max_hp_loss":0,"event_name":"Purifier","floor":14,"gold_loss":0},{"damage_healed":0,"gold_gain":0,"player_choice":"Inject Mutagens","damage_taken":0,"relics_obtained":["MutagenicStrength"],"max_hp_gain":0,"max_hp_loss":0,"event_name":"Drug Dealer","floor":19,"gold_loss":0},{"damage_healed":0,"gold_gain":0,"player_choice":"Became a vampire","damage_taken":0,"max_hp_gain":0,"max_hp_loss":24,"event_name":"Vampires","floor":20,"gold_loss":0,"cards_obtained":["Bite","Bite","Bite","Bite","Bite"]},{"damage_healed":0,"gold_gain":0,"player_choice":"Opened","damage_taken":0,"relics_obtained":["Meat on the Bone"],"max_hp_gain":0,"max_hp_loss":0,"event_name":"The Mausoleum","floor":21,"gold_loss":0}],"is_beta":false,"boss_relics":[{"not_picked":["Velvet Choker","Mark of Pain"],"picked":"Black Blood"}],"items_purged_floors":[],"is_endless":false,"potions_floor_spawned":[1,2,4,8,16,22],"killed_by":"Cultist and Chosen","ascension_level":12}