{"gold_per_floor":[10,24,24,50,67,67,97,97,97,110,130,157,157,157,157,233,233,248,138,153,203,203],"floor_reached":22,"playtime":1030,"items_purged":[],"score":378,"play_id":"8c339477-5c16-49f7-9e99-5416658b2233","local_time":"20190823063923","is_ascension_mode":true,"campfire_choices":[{"data":"White Noise","floor":6,"key":"SMITH"},{"floor":8,"key":"REST"},{"data":"Zap","floor":15,"key":"SMITH"}],"neow_cost":"NO_GOLD","seed_source_timestamp":172981419096800,"circlet_count":0,"master_deck":["AscendersBane","Strike_B","Strike_B","Strike_B","Strike_B","Defend_B","Defend_B","Defend_B","Defend_B","Zap+1","Dualcast","Fission+1","White Noise+1","Conserve Battery","Steam","Sunder","White Noise","Genetic Algorithm","Ball Lightning+1","Seek","Self Repair","FTL"],"relics":["Cracked Core","Blood Vial","Ginger","Mango","Dream Catcher","Inserter"],"potions_floor_usage":[7,12,16,16,20,22,22,22],"damage_taken":[{"damage":1,"enemies":"Cultist","floor":1,"turns":3},{"damage":4,"enemies":"Jaw Worm","floor":2,"turns":6},{"damage":15,"enemies":"Small Slimes","floor":5,"turns":3},{"damage":44,"enemies":"3 Sentries","floor":7,"turns":11},{"damage":0,"enemies":"3 Louse","floor":10,"turns":3},{"damage":1,"enemies":"Exordium Wildlife","floor":11,"turns":3},{"damage":39,"enemies":"Gremlin Nob","floor":12,"turns":4},{"damage":27,"enemies":"The Guardian","floor":16,"turns":14},{"damage":41,"enemies":"Shell Parasite","floor":18,"turns":6},{"damage":14,"enemies":"3 Byrds","floor":20,"turns":5},{"damage":22,"enemies":"Snake Plant","floor":22,"turns":3}],"seed_played":"-2278054433904303434","potions_obtained":[{"floor":5,"key":"Explosive Potion"},{"floor":10,"key":"AttackPotion"},{"floor":11,"key":"Explosive Potion"},{"floor":12,"key":"PowerPotion"},{"floor":18,"key":"AttackPotion"},{"floor":20,"key":"EntropicBrew"}],"is_trial":false,"path_per_floor":["M","M","?","T","M","R","E","R","T","M","M","E","?","?","R","B",null,"M","?","M","?","M"],"character_chosen":"DEFECT","items_purchased":[],"campfire_rested":1,"item_purchase_floors":[],"current_hp_per_floor":[63,59,59,59,46,46,4,25,39,41,42,5,5,26,26,1,64,25,25,20,20,0],"gold":203,"neow_bonus":"THREE_RARE_CARDS","is_prod":false,"is_daily":false,"chose_seed":false,"campfire_upgraded":2,"win_rate":0,"timestamp":1566509963,"path_taken":["M","M","?","?","M","R","E","R","T","M","?","E","?","?","R","BOSS","M","?","?","?","M"],"build_version":"2019-07-17","purchased_purges":0,"victory":false,"max_hp_per_floor":[71,71,71,71,71,71,71,71,85,85,85,85,85,85,85,85,85,85,82,82,82,82],"card_choices":[{"not_picked":["All For One","Multi-Cast"],"picked":"Fission","floor":0},{"not_picked":["Gash","Auto Shields"],"picked":"White Noise","floor":1},{"not_picked":["Scrape","Loop"],"picked":"Conserve Battery","floor":2},{"not_picked":["Turbo","Steam Power"],"picked":"Steam","floor":5},{"not_picked":["Melter","Hello World"],"picked":"Sunder","floor":7},{"not_picked":["Cold Snap","Stack"],"picked":"White Noise","floor":10},{"not_picked":["Fusion","Beam Cell"],"picked":"Genetic Algorithm","floor":11},{"not_picked":["Coolheaded","Conserve Battery"],"picked":"Ball Lightning","floor":12},{"not_picked":["Electrodynamics","Reboot"],"picked":"Seek","floor":16},{"not_picked":["Storm","Double Energy"],"picked":"Self Repair","floor":18},{"not_picked":["Go for the Eyes","Hello World"],"picked":"FTL","floor":20}],"player_experience":757049,"relics_obtained":[{"floor":4,"key":"Blood Vial"},{"floor":7,"key":"Ginger"},{"floor":9,"key":"Mango"},{"floor":12,"key":"Dream Catcher"}],"event_choices":[{"damage_healed":0,"gold_gain":0,"player_choice":"Grow","damage_taken":0,"max_hp_gain":0,"max_hp_loss":0,"event_name":"Living Wall","floor":3,"gold_loss":0,"cards_upgraded":["Fission"]},{"damage_healed":0,"gold_gain":0,"player_choice":"Ignored","damage_taken":0,"max_hp_gain":0,"max_hp_loss":0,"event_name":"Liars Game","floor":13,"gold_loss":0},{"damage_healed":21,"gold_gain":0,"player_choice":"Healed and dodged fight","damage_taken":0,"max_hp_gain":0,"max_hp_loss":0,"event_name":"Mushrooms","floor":14,"gold_loss":0,"cards_obtained":["Parasite"]},{"cards_removed":["Parasite"],"damage_healed":0,"gold_gain":0,"player_choice":"Upgrade and Remove","damage_taken":0,"max_hp_gain":0,"max_hp_loss":0,"event_name":"Designer","floor":19,"gold_loss":110,"cards_upgraded":["Ball Lightning"]},{"damage_healed":0,"gold_gain":50,"player_choice":"Stole From Cult","damage_taken":0,"max_hp_gain":0,"max_hp_loss":0,"event_name":"Nest","floor":21,"gold_loss":0}],"is_beta":false,"boss_relics":[{"not_picked":["Black Star","Runic Dome"],"picked":"Inserter"}],"items_purged_floors":[],"is_endless":false,"potions_floor_spawned":[5,10,11,12,18,20],"killed_by":"Snake Plant","ascension_level":19}