{"gold_per_floor":[114,129,144,159,174,174,189,204,204,204,219,234,84,99,99,199,199,214,199,214,229,4,4,19,19,44,56,68,80,107,134,146,158],"floor_reached":33,"playtime":2210,"items_purged":["Pain"],"score":324,"play_id":"1e39c8e0-2572-4752-8fff-9c82e958d9a9","local_time":"20181201035452","daily_mods":["Insanity","Diverse","Lethality"],"is_ascension_mode":false,"campfire_choices":[{"floor":6,"key":"REST"},{"floor":15,"key":"REST"},{"floor":23,"key":"REST"},{"floor":25,"key":"REST"},{"floor":27,"key":"REST"},{"data":"Chill","floor":32,"key":"SMITH"}],"neow_cost":"","seed_source_timestamp":0,"circlet_count":0,"master_deck":["Aggregate","Acrobatics","Barrage","Chill+1","Leap","Glacier","Flying Knee","Burning Pact","Armaments","Reckless Charge","Sword Boomerang","Go for the Eyes","Rupture","Accuracy","Conserve Battery","Bloodletting","Anger","Genetic Algorithm","Chaos","Streamline","Rupture","Predator","Hemokinesis","Dash","Clash","Armaments","Stack","Clash","Sucker Punch","Perfected Strike","Twin Strike","Stack","Flying Knee","Dropkick","Dodge and Roll","Dagger Spray","Blade Dance","Clash","Finisher","Streamline","Flechettes","Perfected Strike","Uppercut","Underhanded Strike","Auto Shields","Blood for Blood","Perfected Strike","Turbo","Dodge and Roll","Shrug It Off","Seeing Red","Perfected Strike","Dagger Throw","Echo Form","Coolheaded","Acrobatics","Inflame","Cloak And Dagger","Echo Form","Envenom","Regret","Regret","Stack","Beam Cell","Backflip+1","Leap","Electrodynamics","Pain","Cloak And Dagger","Coolheaded"],"special_seed":17865,"relics":["Cracked Core","Letter Opener","DataDisk","Calling Bell","Art of War","Blue Candle","Mango","Bag of Preparation","MawBank","WarpedTongs"],"potions_floor_usage":[8,8,16,19,21,24,30,33],"damage_taken":[{"damage":3,"enemies":"Cultist","floor":1,"turns":2},{"damage":0,"enemies":"Small Slimes","floor":2,"turns":2},{"damage":13,"enemies":"Jaw Worm","floor":3,"turns":2},{"damage":15,"enemies":"Blue Slaver","floor":4,"turns":2},{"damage":3,"enemies":"Exordium Thugs","floor":5,"turns":3},{"damage":3,"enemies":"Looter","floor":7,"turns":2},{"damage":27,"enemies":"Gremlin Gang","floor":8,"turns":4},{"damage":0,"enemies":"3 Louse","floor":11,"turns":2},{"damage":0,"enemies":"2 Fungi Beasts","floor":12,"turns":2},{"damage":11,"enemies":"Blue Slaver","floor":14,"turns":3},{"damage":5,"enemies":"Slime Boss","floor":16,"turns":5},{"damage":7,"enemies":"Spheric Guardian","floor":18,"turns":3},{"damage":26,"enemies":"2 Thieves","floor":19,"turns":4},{"damage":20,"enemies":"Centurion and Healer","floor":20,"turns":6},{"damage":8,"enemies":"Snecko","floor":21,"turns":3},{"damage":40,"enemies":"Snake Plant","floor":24,"turns":5},{"damage":31,"enemies":"Shelled Parasite and Fungi","floor":30,"turns":4},{"damage":6,"enemies":"Cultist and Chosen","floor":31,"turns":3},{"damage":77,"enemies":"Automaton","floor":33,"turns":6}],"seed_played":"-379525432082753387","potions_obtained":[{"floor":1,"key":"Regen Potion"},{"floor":3,"key":"SteroidPotion"},{"floor":5,"key":"Energy Potion"},{"floor":8,"key":"Swift Potion"},{"floor":11,"key":"Poison Potion"},{"floor":19,"key":"AttackPotion"},{"floor":21,"key":"Block Potion"},{"floor":24,"key":"Swift Potion"},{"floor":30,"key":"Weak Potion"}],"is_trial":false,"path_per_floor":["M","M","M","M","M","R","M","M","T","?","M","M","$","M","R","B",null,"M","M","M","M","$","R","M","R","T","R","?","?","M","M","R","B"],"character_chosen":"DEFECT","items_purchased":["DataDisk","Bag of Preparation"],"campfire_rested":5,"item_purchase_floors":[13,22],"current_hp_per_floor":[72,72,59,44,41,63,60,45,45,45,45,45,45,34,56,51,89,82,56,36,28,28,54,14,40,40,66,89,89,58,52,52,0],"gold":158,"neow_bonus":"","is_prod":false,"is_daily":true,"chose_seed":false,"campfire_upgraded":1,"win_rate":0,"timestamp":1543604092,"path_taken":["M","?","M","M","M","R","M","M","T","?","M","M","?","?","R","BOSS","M","M","M","M","$","R","M","R","T","R","?","?","?","M","R","BOSS"],"build_version":"2018-11-15","purchased_purges":1,"victory":false,"max_hp_per_floor":[75,75,75,75,75,75,75,75,75,75,75,75,75,75,75,75,89,89,89,89,89,89,89,89,89,89,89,89,89,89,89,89,89],"card_choices":[{"not_picked":["Sword Boomerang","Warcry"],"picked":"Shrug It Off","floor":1},{"not_picked":["Iron Wave","Burst"],"picked":"Seeing Red","floor":2},{"not_picked":["Sucker Punch","Flying Knee"],"picked":"Perfected Strike","floor":3},{"not_picked":["Flex","Quick Slash"],"picked":"Dagger Throw","floor":4},{"not_picked":["Skewer","Combust"],"picked":"Echo Form","floor":5},{"not_picked":["True Grit","Gash"],"picked":"Coolheaded","floor":7},{"not_picked":["True Grit","Scrape"],"picked":"Acrobatics","floor":8},{"not_picked":["Evolve","Loop"],"picked":"Inflame","floor":11},{"not_picked":["Prepared","Lockon"],"picked":"Cloak And Dagger","floor":12},{"not_picked":["Armaments","Beam Cell"],"picked":"Echo Form","floor":14},{"not_picked":["Reboot","Multi-Cast"],"picked":"Envenom","floor":16},{"not_picked":["Hologram","Tempest"],"picked":"Stack","floor":18},{"not_picked":["Barrage","Uppercut"],"picked":"Beam Cell","floor":19},{"not_picked":["Endless Agony+1","Second Wind"],"picked":"Backflip+1","floor":20},{"not_picked":["Sweeping Beam","Rebound"],"picked":"Leap","floor":21},{"not_picked":["Conserve Battery","Steam+1"],"picked":"Electrodynamics","floor":24},{"not_picked":["Thunderclap+1","Sweeping Beam"],"picked":"Cloak And Dagger","floor":30},{"not_picked":["Steam","Glacier"],"picked":"Coolheaded","floor":31}],"player_experience":558724,"relics_obtained":[{"floor":9,"key":"Letter Opener"},{"floor":17,"key":"Art of War"},{"floor":17,"key":"Blue Candle"},{"floor":17,"key":"Mango"},{"floor":26,"key":"MawBank"}],"event_choices":[{"cards_removed":["Bane"],"damage_healed":0,"gold_gain":0,"player_choice":"Purged","damage_taken":0,"max_hp_gain":0,"max_hp_loss":0,"event_name":"Purifier","floor":10,"gold_loss":0},{"damage_healed":29,"gold_gain":0,"player_choice":"Heal","damage_taken":0,"max_hp_gain":0,"max_hp_loss":0,"event_name":"The Library","floor":28,"gold_loss":0},{"damage_healed":0,"gold_gain":0,"player_choice":"Rummage","damage_taken":0,"relics_obtained":["WarpedTongs"],"max_hp_gain":0,"max_hp_loss":0,"event_name":"Accursed Blacksmith","floor":29,"gold_loss":0,"cards_obtained":["Pain"]}],"is_beta":false,"boss_relics":[{"not_picked":["Sozu","Astrolabe"],"picked":"Calling Bell"}],"items_purged_floors":[22],"is_endless":false,"potions_floor_spawned":[1,3,5,8,11,19,21,24,30],"killed_by":"Automaton","ascension_level":0}