{"gold_per_floor":[114,128,146,146,146,146,166,166,166,204,204,242,4,28,28,151,151,169,183,282,36,36,36,72,72,98,98,136,136,186,186,186,312,312,328,352,54,54,0,0,21,0,0,0,40,40,61,74,74,74],"floor_reached":51,"playtime":4958,"items_purged":["Injury","Strike_G"],"score":870,"play_id":"eb13879b-3998-4343-9bc5-00909306d9d9","local_time":"20181202020204","is_ascension_mode":true,"campfire_choices":[{"data":"Backflip","floor":6.0,"key":"SMITH"},{"data":"Leg Sweep","floor":8.0,"key":"SMITH"},{"data":"Dagger Spray","floor":11.0,"key":"SMITH"},{"floor":15.0,"key":"REST"},{"data":"Noxious Fumes","floor":23.0,"key":"SMITH"},{"floor":25.0,"key":"REST"},{"floor":27.0,"key":"REST"},{"floor":32.0,"key":"REST"},{"floor":40.0,"key":"RECALL"},{"floor":46.0,"key":"REST"},{"floor":49.0,"key":"REST"}],"neow_cost":"CURSE","seed_source_timestamp":0,"circlet_count":0,"master_deck":["Defend_G","Defend_G","Strike_G","Survivor","Neutralize+1","Clumsy","Reflex","Choke","Leg Sweep+1","Backflip+1","PiercingWail","Dagger Spray+1","A Thousand Cuts","Caltrops","Noxious Fumes+1","After Image","Dagger Throw","Dagger Throw","Acrobatics","Terror","Concentrate+1","Storm of Steel","Terror","After Image","Well Laid Plans+1","Crippling Poison","Burst","Slice","Noxious Fumes+1","Footwork+1","Well Laid Plans+1"],"special_seed":0,"relics":["Ring of the Snake","Golden Idol","Bird Faced Urn","Incense Burner","The Courier","Oddly Smooth Stone","Runic Pyramid","Juzu Bracelet","Tough Bandages","Vajra","WingedGreaves","Nilry\u0027s Codex","Fusion Hammer","TwistedFunnel","Red Mask","Ninja Scroll","Potion Belt"],"potions_floor_usage":[50],"damage_taken":[{"damage":0.0,"enemies":"2 Louse","floor":1.0,"turns":3.0},{"damage":0.0,"enemies":"Small Slimes","floor":2.0,"turns":3.0},{"damage":1.0,"enemies":"Jaw Worm","floor":3.0,"turns":5.0},{"damage":0.0,"enemies":"Blue Slaver","floor":7.0,"turns":5.0},{"damage":18.0,"enemies":"Gremlin Nob","floor":10.0,"turns":4.0},{"damage":20.0,"enemies":"3 Sentries","floor":12.0,"turns":10.0},{"damage":1.0,"enemies":"Looter","floor":14.0,"turns":4.0},{"damage":15.0,"enemies":"Hexaghost","floor":16.0,"turns":12.0},{"damage":4.0,"enemies":"Shell Parasite","floor":18.0,"turns":9.0},{"damage":36.0,"enemies":"Spheric Guardian","floor":19.0,"turns":7.0},{"damage":43.0,"enemies":"Gremlin Leader","floor":24.0,"turns":8.0},{"damage":30.0,"enemies":"Slavers","floor":28.0,"turns":6.0},{"damage":47.0,"enemies":"Collector","floor":33.0,"turns":9.0},{"damage":0.0,"enemies":"3 Darklings","floor":35.0,"turns":4.0},{"damage":0.0,"enemies":"Orb Walker","floor":36.0,"turns":4.0},{"damage":0.0,"enemies":"Spire Growth","floor":41.0,"turns":5.0},{"damage":40.0,"enemies":"Nemesis","floor":45.0,"turns":7.0},{"damage":15.0,"enemies":"Transient","floor":47.0,"turns":5.0},{"damage":10.0,"enemies":"3 Darklings","floor":48.0,"turns":4.0},{"damage":18,"enemies":"Time Eater","floor":50,"turns":13}],"seed_played":"3985668277049513940","potions_obtained":[{"floor":1.0,"key":"FearPotion"},{"floor":12.0,"key":"SneckoOil"},{"floor":14.0,"key":"Regen Potion"},{"floor":33.0,"key":"Ancient Potion"},{"floor":36.0,"key":"PowerPotion"},{"floor":45.0,"key":"SkillPotion"}],"is_trial":false,"path_per_floor":["M","M","M","?","?","R","M","R","T","E","R","E","$","M","R","B",null,"M","M","?","$","?","R","E","R","T","R","E","?","?","?","R","B",null,"M","M","$","?","?","R","M","$","T","?","E","R","M","M","R","B",null],"character_chosen":"THE_SILENT","items_purchased":["Oddly Smooth Stone","Caltrops","Fruit Juice","Juzu Bracelet","Acrobatics","TwistedFunnel","Crippling Poison","Slice"],"campfire_rested":6,"item_purchase_floors":[13,13,21,21,21,37,37,42],"current_hp_per_floor":[63,63,62,62,62,62,62,62,62,44,44,24,24,25,46,52,66,69,40,40,45,45,45,10,32,32,54,32,16,16,16,38,3,57,71,75,75,75,75,75,75,75,75,75,44,66,61,63,75,68],"gold":74,"neow_bonus":"TRANSFORM_TWO_CARDS","is_prod":false,"is_daily":false,"chose_seed":false,"campfire_upgraded":4,"win_rate":0,"timestamp":1543744924,"path_taken":["M","M","M","?","?","R","M","R","T","E","R","E","?","M","R","BOSS","M","M","?","$","?","R","E","R","T","R","E","?","?","?","R","BOSS","M","M","$","?","?","R","M","?","T","?","E","R","M","M","R","BOSS"],"build_version":"2018-11-15","purchased_purges":2,"victory":true,"max_hp_per_floor":[70,70,70,70,70,70,70,70,70,70,70,70,70,70,70,70,70,70,70,70,75,75,75,75,75,75,75,75,75,75,75,75,75,75,75,75,75,75,75,75,75,75,75,75,75,75,75,75,75,75],"card_choices":[{"not_picked":["Bane","Deflect","Outmaneuver"],"picked":"SKIP","floor":1.0},{"not_picked":["Expertise","Terror"],"picked":"Leg Sweep","floor":2.0},{"not_picked":["Bane","Dagger Throw"],"picked":"Backflip","floor":3.0},{"not_picked":["Quick Slash","Distraction"],"picked":"PiercingWail","floor":7.0},{"not_picked":["Poisoned Stab","Quick Slash"],"picked":"Dagger Spray","floor":10.0},{"not_picked":["Deadly Poison","Blade Dance"],"picked":"A Thousand Cuts","floor":12.0},{"not_picked":["Underhanded Strike","Infinite Blades"],"picked":"Noxious Fumes","floor":14.0},{"not_picked":["Glass Knife","Bullet Time"],"picked":"After Image","floor":16.0},{"not_picked":["Bane","Underhanded Strike"],"picked":"Dagger Throw","floor":18.0},{"not_picked":["Deflect","Quick Slash+1"],"picked":"Dagger Throw","floor":19.0},{"not_picked":["Sucker Punch+1","Caltrops"],"picked":"Terror","floor":24.0},{"not_picked":["Outmaneuver+1","Backflip"],"picked":"Concentrate+1","floor":28.0},{"not_picked":["Storm of Steel","Corpse Explosion"],"picked":"After Image","floor":33.0},{"not_picked":["Eviscerate","Dodge and Roll"],"picked":"Well Laid Plans+1","floor":35.0},{"not_picked":["Escape Plan","Bane+1","Dagger Throw"],"picked":"SKIP","floor":36.0},{"not_picked":["All Out Attack+1","Quick Slash"],"picked":"Burst","floor":41.0},{"not_picked":["Sucker Punch+1","Deadly Poison+1"],"picked":"Footwork+1","floor":45.0},{"not_picked":["Bane+1","Infinite Blades","Deflect+1"],"picked":"SKIP","floor":47.0},{"not_picked":["Quick Slash+1","Bane"],"picked":"Well Laid Plans+1","floor":48.0}],"player_experience":347054,"relics_obtained":[{"floor":9.0,"key":"Bird Faced Urn"},{"floor":10.0,"key":"Incense Burner"},{"floor":12.0,"key":"The Courier"},{"floor":24.0,"key":"Tough Bandages"},{"floor":26.0,"key":"Vajra"},{"floor":28.0,"key":"WingedGreaves"},{"floor":29.0,"key":"Nilry\u0027s Codex"},{"floor":43.0,"key":"Ninja Scroll"},{"floor":45.0,"key":"Potion Belt"}],"event_choices":[{"damage_healed":0.0,"max_hp_gain":0.0,"max_hp_loss":0.0,"gold_gain":0.0,"event_name":"Living Wall","player_choice":"Grow","floor":4.0,"gold_loss":0.0,"damage_taken":0.0,"cards_upgraded":["Neutralize"]},{"damage_healed":0.0,"max_hp_gain":0.0,"max_hp_loss":0.0,"gold_gain":0.0,"event_name":"Golden Idol","player_choice":"Take Wound","floor":5.0,"gold_loss":0.0,"damage_taken":0.0,"relics_obtained":["Golden Idol"],"cards_obtained":["Injury"]},{"damage_healed":0.0,"max_hp_gain":0.0,"max_hp_loss":0.0,"gold_gain":99.0,"event_name":"Nest","player_choice":"Stole From Cult","floor":20.0,"gold_loss":0.0,"damage_taken":0.0},{"cards_removed":["Strike_G"],"damage_healed":0.0,"max_hp_gain":0.0,"max_hp_loss":0.0,"gold_gain":0.0,"event_name":"Purifier","player_choice":"Purged","floor":22.0,"gold_loss":0.0,"damage_taken":0.0},{"damage_healed":0.0,"max_hp_gain":0.0,"max_hp_loss":0.0,"gold_gain":0.0,"event_name":"Cursed Tome","player_choice":"Obtained Book","floor":29.0,"gold_loss":0.0,"damage_taken":16.0},{"damage_healed":0.0,"max_hp_gain":0.0,"max_hp_loss":0.0,"gold_gain":100.0,"event_name":"The Joust","player_choice":"Bet on Murderer","floor":30.0,"gold_loss":50.0,"damage_taken":0.0},{"damage_healed":0.0,"max_hp_gain":0.0,"max_hp_loss":0.0,"gold_gain":0.0,"cards_transformed":["Defend_G","Strike_G"],"event_name":"Drug Dealer","player_choice":"Became Test Subject","floor":31.0,"gold_loss":0.0,"damage_taken":0.0,"cards_obtained":["Storm of Steel","Terror"]},{"cards_removed":["Defend_G"],"damage_healed":0.0,"max_hp_gain":0.0,"max_hp_loss":0.0,"gold_gain":0.0,"event_name":"Falling","player_choice":"Removed Skill","floor":38.0,"gold_loss":0.0,"damage_taken":0.0},{"damage_healed":0.0,"max_hp_gain":0.0,"max_hp_loss":0.0,"gold_gain":0.0,"event_name":"Tomb of Lord Red Mask","player_choice":"Paid","floor":39.0,"gold_loss":54.0,"damage_taken":0.0,"relics_obtained":["Red Mask"]},{"damage_healed":0.0,"max_hp_gain":0.0,"max_hp_loss":0.0,"gold_gain":0.0,"event_name":"Duplicator","player_choice":"Copied","floor":44.0,"gold_loss":0.0,"damage_taken":0.0,"cards_obtained":["Noxious Fumes"]}],"is_beta":false,"boss_relics":[{"not_picked":["Coffee Dripper","Lizard Tail"],"picked":"Runic Pyramid"},{"not_picked":["Black Star","Tiny House"],"picked":"Fusion Hammer"}],"items_purged_floors":[13,37],"is_endless":false,"potions_floor_spawned":[1,12,14,33,36,45],"ascension_level":6}