{"gold_per_floor":[115,115,177,193,209,209,238,238,238,288,338,357,421,471,471,567,567,587,637,59,109,169,169,188,221,247,274,41,68,118,83,83,183,183,196,246,296,310,37,37,68,82,82,82,115,115,0,98,98,98,98,98,23,53,53],"floor_reached":55,"playtime":5369,"items_purged":["Dagger Spray"],"score":899,"play_id":"662c28bd-17f6-4086-bfe8-89a595c87db0","local_time":"20181128214032","is_ascension_mode":true,"campfire_choices":[{"data":"Dodge and Roll","floor":6.0,"key":"SMITH"},{"data":"Crippling Poison","floor":8.0,"key":"SMITH"},{"floor":15.0,"key":"REST"},{"data":"Accuracy","floor":23.0,"key":"SMITH"},{"floor":32.0,"key":"REST"},{"data":"Footwork","floor":40.0,"key":"SMITH"},{"floor":44.0,"key":"REST"},{"floor":46.0,"key":"RECALL"},{"floor":49.0,"key":"REST"},{"data":"Footwork","floor":52.0,"key":"SMITH"}],"neow_cost":"TEN_PERCENT_HP_LOSS","seed_source_timestamp":0,"circlet_count":0,"master_deck":["Defend_G+1","Defend_G+1","Defend_G+1","Strike_G+1","Neutralize","Dodge and Roll","Crippling Poison+1","Cloak And Dagger","Dodge and Roll+1","Infinite Blades","Backflip","Adrenaline","Accuracy+1","Footwork+1","Bouncing Flask","Deadly Poison","Infinite Blades","Corpse Explosion","Doppelganger","Necronomicurse","A Thousand Cuts","Accuracy+1","Footwork+1","Backflip+1","Accuracy+1","Well Laid Plans+1","Envenom"],"special_seed":0,"relics":["Ring of the Serpent","SsserpentHead","Bottled Lightning","Mummified Hand","Ninja Scroll","Sundial","Regal Pillow","Blood Vial","Lantern","Mercury Hourglass","Happy Flower","Dodecahedron","Necronomicon","Juzu Bracelet","Empty Cage","ClockworkSouvenir","Bottled Tornado","Snake Skull","Red Mask","Du-Vu Doll","FossilizedHelix"],"potions_floor_usage":[],"damage_taken":[{"damage":0.0,"enemies":"2 Louse","floor":1.0,"turns":3.0},{"damage":2.0,"enemies":"Cultist","floor":3.0,"turns":5.0},{"damage":0.0,"enemies":"Jaw Worm","floor":4.0,"turns":4.0},{"damage":11.0,"enemies":"Lots of Slimes","floor":5.0,"turns":4.0},{"damage":12.0,"enemies":"3 Sentries","floor":7.0,"turns":16.0},{"damage":6.0,"enemies":"Exordium Wildlife","floor":12.0,"turns":6.0},{"damage":4.0,"enemies":"3 Louse","floor":13.0,"turns":2.0},{"damage":32.0,"enemies":"Slime Boss","floor":16.0,"turns":16.0},{"damage":4.0,"enemies":"Chosen","floor":18.0,"turns":5.0},{"damage":0.0,"enemies":"3 Byrds","floor":22.0,"turns":3.0},{"damage":0.0,"enemies":"3 Cultists","floor":24.0,"turns":4.0},{"damage":9.0,"enemies":"Gremlin Leader","floor":25.0,"turns":6.0},{"damage":2.0,"enemies":"Slavers","floor":27.0,"turns":4.0},{"damage":0.0,"enemies":"Gremlin Leader","floor":29.0,"turns":4.0},{"damage":20.0,"enemies":"Collector","floor":33.0,"turns":8.0},{"damage":10.0,"enemies":"3 Darklings","floor":35.0,"turns":3.0},{"damage":0.0,"enemies":"Orb Walker","floor":38.0,"turns":3.0},{"damage":21.0,"enemies":"Reptomancer","floor":41.0,"turns":5.0},{"damage":0.0,"enemies":"Jaw Worm Horde","floor":42.0,"turns":3.0},{"damage":20.0,"enemies":"Nemesis","floor":45.0,"turns":5.0},{"damage":14.0,"enemies":"2 Orb Walkers","floor":48.0,"turns":4.0},{"damage":36.0,"enemies":"Awakened One","floor":50.0,"turns":13.0},{"damage":42,"enemies":"Shield and Spear","floor":54,"turns":4},{"damage":35,"enemies":"The Heart","floor":55,"turns":3}],"seed_played":"4972896777635346662","potions_obtained":[{"floor":4.0,"key":"PowerPotion"},{"floor":7.0,"key":"Block Potion"},{"floor":16.0,"key":"EssenceOfSteel"},{"floor":21.0,"key":"Dexterity Potion"},{"floor":24.0,"key":"SpeedPotion"},{"floor":25.0,"key":"PowerPotion"},{"floor":27.0,"key":"FearPotion"},{"floor":35.0,"key":"Energy Potion"},{"floor":38.0,"key":"EssenceOfSteel"},{"floor":41.0,"key":"Block Potion"},{"floor":45.0,"key":"Poison Potion"}],"is_trial":false,"path_per_floor":["M","?","M","M","M","R","E","R","T","?","?","M","M","T","R","B",null,"M","?","$","?","M","R","M","E","T","E","$","E","?","?","R","B",null,"M","?","?","M","$","R","E","M","T","R","E","R","?","?","R","B",null,"R","$","E","B"],"character_chosen":"THE_SILENT","items_purchased":["Sundial","Regal Pillow","Footwork","Bouncing Flask","Deadly Poison","Happy Flower","Corpse Explosion","ClockworkSouvenir","Footwork"],"campfire_rested":4,"item_purchase_floors":[20,20,20,20,20,28,28,39,39],"current_hp_per_floor":[63,63,61,61,50,50,38,38,38,31,31,25,21,21,39,7,63,59,59,59,59,59,59,59,50,50,50,50,52,36,36,63,43,63,53,53,53,55,55,55,36,38,38,63,43,43,43,31,63,27,63,63,63,21,0],"gold":53,"neow_bonus":"REMOVE_TWO","is_prod":false,"is_daily":false,"chose_seed":false,"campfire_upgraded":5,"win_rate":0,"timestamp":1543470032,"path_taken":["M","?","?","M","M","R","E","R","T","?","?","M","?","?","R","BOSS","M","?","$","?","?","R","M","E","T","E","$","E","?","?","R","BOSS","M","?","?","M","$","R","E","M","T","R","E","R","?","?","R","BOSS","R","$","E","BOSS"],"build_version":"2018-11-15","purchased_purges":1,"victory":false,"max_hp_per_floor":[63,63,63,63,63,63,63,63,63,63,63,63,63,63,63,63,63,63,63,63,63,63,63,63,63,63,63,63,63,63,63,63,63,63,63,63,63,63,63,63,63,63,63,63,63,63,63,63,63,63,63,63,63,63,63],"card_choices":[{"not_picked":["Bane","Dagger Spray"],"picked":"Dodge and Roll","floor":1.0},{"not_picked":["Eviscerate","Setup"],"picked":"Crippling Poison","floor":3.0},{"not_picked":["Escape Plan","Backflip"],"picked":"Cloak And Dagger","floor":4.0},{"not_picked":["Catalyst","Deadly Poison"],"picked":"Dodge and Roll","floor":5.0},{"not_picked":["Blade Dance","Venomology"],"picked":"Infinite Blades","floor":7.0},{"not_picked":["Deadly Poison","Reflex"],"picked":"Dagger Spray","floor":12.0},{"not_picked":["Bane","Flechettes"],"picked":"Backflip","floor":13.0},{"not_picked":["Night Terror","Tools of the Trade"],"picked":"Adrenaline","floor":16.0},{"not_picked":["Blade Dance","Deadly Poison"],"picked":"Accuracy","floor":18.0},{"not_picked":["Masterful Stab","Caltrops+1"],"picked":"Infinite Blades","floor":22.0},{"not_picked":["Sucker Punch+1","Deflect+1","Underhanded Strike"],"picked":"SKIP","floor":24.0},{"not_picked":["Flying Knee","Dodge and Roll","Acrobatics"],"picked":"SKIP","floor":25.0},{"not_picked":["Dagger Throw","Flying Knee","Skewer+1"],"picked":"SKIP","floor":27.0},{"not_picked":["Deflect","Underhanded Strike"],"picked":"Doppelganger","floor":29.0},{"not_picked":["Tools of the Trade","Venomology"],"picked":"A Thousand Cuts","floor":33.0},{"not_picked":["Dagger Throw+1","Dash+1"],"picked":"Accuracy+1","floor":35.0},{"not_picked":["Bane","Deadly Poison+1","Acrobatics+1"],"picked":"SKIP","floor":38.0},{"not_picked":["PiercingWail","Dagger Throw+1"],"picked":"Backflip+1","floor":41.0},{"not_picked":["Deadly Poison+1","Dagger Throw"],"picked":"Accuracy+1","floor":42.0},{"not_picked":["Deflect+1","Distraction+1"],"picked":"Well Laid Plans+1","floor":45.0},{"not_picked":["Backstab+1","Deadly Poison+1"],"picked":"Envenom","floor":54}],"player_experience":319377,"relics_obtained":[{"floor":7.0,"key":"Bottled Lightning"},{"floor":9.0,"key":"Mummified Hand"},{"floor":14.0,"key":"Ninja Scroll"},{"floor":25.0,"key":"Blood Vial"},{"floor":26.0,"key":"Lantern"},{"floor":27.0,"key":"Mercury Hourglass"},{"floor":29.0,"key":"Dodecahedron"},{"floor":30.0,"key":"Necronomicon"},{"floor":41.0,"key":"Bottled Tornado"},{"floor":45.0,"key":"Snake Skull"},{"floor":48.0,"key":"Du-Vu Doll"},{"floor":54,"key":"FossilizedHelix"}],"event_choices":[{"damage_healed":0.0,"max_hp_gain":0.0,"max_hp_loss":0.0,"gold_gain":0.0,"event_name":"FaceTrader","player_choice":"Trade","floor":2.0,"gold_loss":0.0,"damage_taken":0.0,"relics_obtained":["SsserpentHead"]},{"cards_removed":["Strike_G"],"damage_healed":0.0,"max_hp_gain":0.0,"max_hp_loss":0.0,"gold_gain":0.0,"event_name":"Golden Wing","player_choice":"Card Removal","floor":10.0,"gold_loss":0.0,"damage_taken":7.0},{"cards_removed":["Defend_G"],"damage_healed":0.0,"max_hp_gain":0.0,"max_hp_loss":0.0,"gold_gain":0.0,"event_name":"Bonfire Elementals","player_choice":"Offered Basic","floor":11.0,"gold_loss":0.0,"damage_taken":0.0},{"damage_healed":0.0,"max_hp_gain":0.0,"max_hp_loss":0.0,"gold_gain":0.0,"event_name":"Back to Basics","player_choice":"Simplicity","floor":19.0,"gold_loss":0.0,"damage_taken":0.0,"cards_upgraded":["Defend_G","Defend_G","Defend_G","Strike_G","Strike_G","Strike_G"]},{"damage_healed":0.0,"max_hp_gain":0.0,"max_hp_loss":0.0,"gold_gain":0.0,"event_name":"Lab","player_choice":"Got Potions","floor":21.0,"gold_loss":0.0,"damage_taken":0.0},{"damage_healed":0.0,"max_hp_gain":0.0,"max_hp_loss":0.0,"gold_gain":0.0,"event_name":"Cursed Tome","player_choice":"Obtained Book","floor":30.0,"gold_loss":0.0,"damage_taken":16.0},{"damage_healed":0.0,"max_hp_gain":0.0,"max_hp_loss":0.0,"gold_gain":0.0,"event_name":"Addict","player_choice":"Obtained Relic","floor":31.0,"gold_loss":85.0,"damage_taken":0.0,"relics_obtained":["Juzu Bracelet"]},{"cards_removed":["Strike_G"],"damage_healed":0.0,"max_hp_gain":0.0,"max_hp_loss":0.0,"gold_gain":0.0,"event_name":"Falling","player_choice":"Removed Attack","floor":36.0,"gold_loss":0.0,"damage_taken":0.0},{"damage_healed":0.0,"max_hp_gain":0.0,"max_hp_loss":0.0,"gold_gain":0.0,"event_name":"SensoryStone","player_choice":"Memory 1","floor":37.0,"gold_loss":0.0,"damage_taken":0.0},{"damage_healed":0.0,"max_hp_gain":0.0,"max_hp_loss":0.0,"gold_gain":0.0,"event_name":"Tomb of Lord Red Mask","player_choice":"Paid","floor":47.0,"gold_loss":165.0,"damage_taken":0.0,"relics_obtained":["Red Mask"]},{"damage_healed":0.0,"max_hp_gain":0.0,"max_hp_loss":0.0,"gold_gain":0.0,"event_name":"Mysterious Sphere","player_choice":"Fight","floor":48.0,"gold_loss":0.0,"damage_taken":0.0}],"is_beta":false,"boss_relics":[{"not_picked":["Ectoplasm","White Beast Statue"],"picked":"Ring of the Serpent"},{"not_picked":["Snecko Eye","Velvet Choker"],"picked":"Empty Cage"}],"items_purged_floors":[53],"is_endless":false,"potions_floor_spawned":[4,7,16,24,25,27,35,38,41,45],"killed_by":"The Heart","ascension_level":1}