{"gold_per_floor":[19,19,31,31,48,81,101,114,114,141,141,141,20,39,39,168,168,192,215,238,238],"floor_reached":21,"playtime":1414,"items_purged":["Injury"],"score":181,"play_id":"a6a55024-2b48-4912-bb7e-6531a8149e4d","local_time":"20181130030933","is_ascension_mode":false,"campfire_choices":[{"floor":12,"key":"REST"},{"floor":15,"key":"REST"}],"neow_cost":"NO_GOLD","seed_source_timestamp":189075241550600,"circlet_count":0,"master_deck":["Strike_R","Strike_R","Strike_R","Strike_R","Defend_R","Defend_R","Defend_R","Defend_R","Bash","Bludgeon","Disarm","Flame Barrier","Regret","Rupture","Demon Form","Warcry","Warcry","Corruption","Seeing Red","Rupture","Dark Embrace","Power Through+1","Armaments"],"relics":["Burning Blood","Boot","Bottled Lightning","The Courier","Odd Mushroom","Golden Idol","Eternal Feather","Anchor"],"potions_floor_usage":[8,10,10,18,20],"damage_taken":[{"damage":14,"enemies":"Jaw Worm","floor":1,"turns":4},{"damage":2,"enemies":"2 Louse","floor":3,"turns":3},{"damage":8,"enemies":"Cultist","floor":5,"turns":4},{"damage":27,"enemies":"Gremlin Nob","floor":6,"turns":5},{"damage":29,"enemies":"Lots of Slimes","floor":7,"turns":7},{"damage":3,"enemies":"3 Louse","floor":8,"turns":4},{"damage":25,"enemies":"The Mushroom Lair","floor":10,"turns":5},{"damage":8,"enemies":"Blue Slaver","floor":14,"turns":3},{"damage":26,"enemies":"Slime Boss","floor":16,"turns":8},{"damage":7,"enemies":"3 Byrds","floor":18,"turns":4},{"damage":53,"enemies":"Spheric Guardian","floor":20,"turns":7},{"damage":40,"enemies":"Shelled Parasite and Fungi","floor":21,"turns":8}],"seed_played":"-8282202755006214998","potions_obtained":[{"floor":1,"key":"SkillPotion"},{"floor":5,"key":"Block Potion"},{"floor":7,"key":"Explosive Potion"},{"floor":14,"key":"Explosive Potion"},{"floor":16,"key":"BloodPotion"},{"floor":20,"key":"FearPotion"}],"is_trial":false,"path_per_floor":["M","?","M","?","M","E","M","M","T","?","?","R","$","M","R","B",null,"M","T","M","M"],"character_chosen":"IRONCLAD","items_purchased":["Seeing Red"],"campfire_rested":2,"item_purchase_floors":[13],"current_hp_per_floor":[72,65,69,69,67,46,23,26,26,7,7,31,31,29,53,33,80,79,79,40,0],"gold":238,"neow_bonus":"THREE_RARE_CARDS","is_prod":false,"is_daily":false,"chose_seed":false,"campfire_upgraded":0,"win_rate":0,"timestamp":1543514973,"path_taken":["M","?","M","?","M","E","M","M","T","?","?","R","?","M","R","BOSS","M","?","?","M"],"build_version":"2018-11-15","purchased_purges":1,"victory":false,"max_hp_per_floor":[80,80,80,80,80,80,80,80,80,80,80,80,80,80,80,80,80,80,80,80,80],"card_choices":[{"not_picked":["Juggernaut","Exhume"],"picked":"Bludgeon","floor":0},{"not_picked":["Iron Wave","Rage"],"picked":"Disarm","floor":1},{"not_picked":["Warcry","Metallicize"],"picked":"Flame Barrier","floor":3},{"not_picked":["Sword Boomerang","Pummel"],"picked":"Rupture","floor":5},{"not_picked":["True Grit","Body Slam"],"picked":"Demon Form","floor":6},{"not_picked":["Rage","Clothesline"],"picked":"Warcry","floor":7},{"not_picked":["Perfected Strike","Sword Boomerang"],"picked":"Warcry","floor":8},{"not_picked":["Clash","Second Wind"],"picked":"Corruption","floor":10},{"not_picked":["Twin Strike","Carnage"],"picked":"Rupture","floor":14},{"not_picked":["Juggernaut","Limit Break"],"picked":"Dark Embrace","floor":16},{"not_picked":["Wild Strike","Anger+1"],"picked":"Power Through+1","floor":18},{"not_picked":["Clash+1","Warcry"],"picked":"Armaments","floor":20}],"player_experience":545518,"relics_obtained":[{"floor":6,"key":"Bottled Lightning"},{"floor":9,"key":"The Courier"},{"floor":10,"key":"Odd Mushroom"},{"floor":19,"key":"Anchor"}],"event_choices":[{"cards_removed":["Strike_R"],"damage_healed":0,"gold_gain":0,"player_choice":"Card Removal","damage_taken":7,"max_hp_gain":0,"max_hp_loss":0,"event_name":"Golden Wing","floor":2,"gold_loss":0},{"damage_healed":0,"gold_gain":0,"player_choice":"Box","damage_taken":0,"relics_obtained":["Boot"],"max_hp_gain":0,"max_hp_loss":0,"event_name":"Big Fish","floor":4,"gold_loss":0,"cards_obtained":["Regret"]},{"damage_healed":0,"gold_gain":0,"player_choice":"Fought Mushrooms","damage_taken":0,"max_hp_gain":0,"max_hp_loss":0,"event_name":"Mushrooms","floor":10,"gold_loss":0},{"damage_healed":0,"gold_gain":0,"player_choice":"Take Wound","damage_taken":0,"relics_obtained":["Golden Idol"],"max_hp_gain":0,"max_hp_loss":0,"event_name":"Golden Idol","floor":11,"gold_loss":0,"cards_obtained":["Injury"]}],"is_beta":false,"boss_relics":[{"not_picked":["Snecko Eye","Pandora\u0027s Box"],"picked":"Eternal Feather"}],"items_purged_floors":[13],"is_endless":false,"potions_floor_spawned":[1,5,7,14,16,20],"killed_by":"Shelled Parasite and Fungi","ascension_level":0}