{"gold_per_floor":[114,132,143,160,177,177,193,222,252,202,202,202,217,227,227,330,330,341,357,367,367,379,379,402,402,402,437,76,106,106,125,125,223,223,237,22,36,0,19,50,50,20,94,94,107,107,119,150,150,150,150,150,7,42,42],"floor_reached":55,"playtime":5265,"items_purged":["Pain"],"score":1026,"play_id":"033da091-407a-4cfc-a5b9-475152d12bdb","local_time":"20181208082323","is_ascension_mode":true,"campfire_choices":[{"floor":6.0,"key":"REST"},{"floor":12.0,"key":"REST"},{"floor":15.0,"key":"REST"},{"floor":23.0,"key":"REST"},{"floor":25.0,"key":"REST"},{"data":"Reboot","floor":32.0,"key":"SMITH"},{"floor":41.0,"key":"REST"},{"data":"FTL","floor":44.0,"key":"SMITH"},{"floor":46.0,"key":"REST"},{"floor":49.0,"key":"RECALL"},{"data":"Barrage","floor":52.0,"key":"SMITH"}],"neow_cost":"CURSE","seed_source_timestamp":423729459147500,"circlet_count":0,"master_deck":["Zap","Dualcast","Tempest","Undo","Loop","Sweeping Beam","Lockon","Conserve Battery","Conserve Battery","Heatsinks","Steam","Reboot+1","Sweeping Beam","Darkness","Loop","Redo","Conserve Battery","Hello World","Barrage+1","Cold Snap","Coolheaded","Leap","Compile Driver+1","Sunder","Defragment","Blind","Go for the Eyes","FTL+1","Cold Snap+1","Biased Cognition","Leap","Defragment","Sunder","Steam","Steam Power+1","Double Energy+1","White Noise","Force Field+1","Hologram"],"special_seed":0,"relics":["Cracked Core","Bird Faced Urn","Matryoshka","Tiny Chest","PreservedInsect","WarpedTongs","Pandora\u0027s Box","Regal Pillow","Lantern","Darkstone Periapt","Happy Flower","Boot","Inserter","Oddly Smooth Stone","Red Mask","DataDisk","Bottled Flame","Centennial Puzzle","Orichalcum","Art of War"],"potions_floor_usage":[],"damage_taken":[{"damage":2.0,"enemies":"Jaw Worm","floor":1.0,"turns":3.0},{"damage":3.0,"enemies":"2 Louse","floor":2.0,"turns":2.0},{"damage":0.0,"enemies":"Cultist","floor":3.0,"turns":3.0},{"damage":25.0,"enemies":"Lots of Slimes","floor":4.0,"turns":6.0},{"damage":14.0,"enemies":"Blue Slaver","floor":5.0,"turns":4.0},{"damage":13.0,"enemies":"Large Slime","floor":7.0,"turns":5.0},{"damage":35.0,"enemies":"Gremlin Nob","floor":8.0,"turns":4.0},{"damage":17.0,"enemies":"Lots of Slimes","floor":13.0,"turns":3.0},{"damage":8.0,"enemies":"Looter","floor":14.0,"turns":3.0},{"damage":28.0,"enemies":"Slime Boss","floor":16.0,"turns":9.0},{"damage":11.0,"enemies":"Spheric Guardian","floor":18.0,"turns":4.0},{"damage":22.0,"enemies":"Shell Parasite","floor":19.0,"turns":8.0},{"damage":29.0,"enemies":"Chosen and Byrds","floor":20.0,"turns":6.0},{"damage":17.0,"enemies":"Sentry and Sphere","floor":22.0,"turns":5.0},{"damage":15.0,"enemies":"Gremlin Leader","floor":27.0,"turns":7.0},{"damage":16.0,"enemies":"Book of Stabbing","floor":29.0,"turns":6.0},{"damage":14.0,"enemies":"Snake Plant","floor":31.0,"turns":4.0},{"damage":62.0,"enemies":"Collector","floor":33.0,"turns":12.0},{"damage":3.0,"enemies":"3 Darklings","floor":35.0,"turns":8.0},{"damage":0.0,"enemies":"3 Shapes","floor":37.0,"turns":2.0},{"damage":56.0,"enemies":"Transient","floor":39.0,"turns":5.0},{"damage":15.0,"enemies":"Nemesis","floor":40.0,"turns":6.0},{"damage":25.0,"enemies":"Jaw Worm Horde","floor":45.0,"turns":6.0},{"damage":0.0,"enemies":"Maw","floor":47.0,"turns":6.0},{"damage":0.0,"enemies":"Reptomancer","floor":48.0,"turns":4.0},{"damage":28.0,"enemies":"Donu and Deca","floor":50.0,"turns":11.0},{"damage":44,"enemies":"Shield and Spear","floor":54,"turns":9},{"damage":68,"enemies":"The Heart","floor":55,"turns":3}],"seed_played":"4227347213311839097","potions_obtained":[{"floor":3.0,"key":"SteroidPotion"},{"floor":5.0,"key":"Swift Potion"},{"floor":7.0,"key":"Swift Potion"},{"floor":13.0,"key":"Regen Potion"},{"floor":14.0,"key":"Strength Potion"},{"floor":16.0,"key":"Fire Potion"},{"floor":19.0,"key":"Ancient Potion"},{"floor":22.0,"key":"Block Potion"},{"floor":27.0,"key":"SpeedPotion"},{"floor":29.0,"key":"GamblersBrew"},{"floor":30.0,"key":"Weak Potion"},{"floor":30.0,"key":"Regen Potion"},{"floor":35.0,"key":"AttackPotion"},{"floor":40.0,"key":"EssenceOfSteel"},{"floor":42.0,"key":"Fruit Juice"},{"floor":42.0,"key":"SteroidPotion"},{"floor":47.0,"key":"Fire Potion"}],"is_trial":false,"path_per_floor":["M","M","M","M","M","R","M","E","T","?","?","R","M","M","R","B",null,"M","M","M","?","M","R","T","R","T","E","$","E","?","M","R","B",null,"M","$","M","?","M","E","R","?","T","R","M","R","M","E","R","B",null,"R","$","E","B"],"character_chosen":"DEFECT","items_purchased":["Blind","Go for the Eyes","Happy Flower","Oddly Smooth Stone","Defragment","Orichalcum"],"campfire_rested":7,"item_purchase_floors":[28,28,28,36,36,53],"current_hp_per_floor":[73,70,70,47,35,57,46,13,13,13,13,35,18,23,45,21,62,59,45,24,24,13,35,35,72,72,65,65,59,59,61,61,7,58,65,65,69,69,23,20,57,62,62,62,47,80,80,80,80,62,76,76,76,48,0],"gold":42,"neow_bonus":"ONE_RARE_RELIC","is_prod":false,"is_daily":false,"chose_seed":false,"campfire_upgraded":3,"win_rate":0,"timestamp":1544225003,"path_taken":["M","M","M","M","M","R","M","E","T","?","?","R","?","?","R","BOSS","M","M","M","?","M","R","?","R","T","E","$","E","?","M","R","BOSS","M","?","M","?","M","E","R","?","T","R","?","R","M","E","R","BOSS","R","$","E","BOSS"],"build_version":"2018-12-4","purchased_purges":1,"victory":false,"max_hp_per_floor":[75,75,75,75,75,75,75,75,75,75,75,75,75,75,75,75,75,75,75,75,75,75,75,75,75,75,75,75,75,75,75,75,75,75,75,75,75,75,75,75,75,80,80,80,80,80,80,80,80,80,80,80,80,80,80],"card_choices":[{"not_picked":["Conserve Battery","Redo"],"picked":"Tempest","floor":1.0},{"not_picked":["Static Discharge","Reprogram"],"picked":"Undo","floor":2.0},{"not_picked":["Go for the Eyes","Hello World"],"picked":"Loop","floor":3.0},{"not_picked":["Turbo","Tempest"],"picked":"Sweeping Beam","floor":4.0},{"not_picked":["Cold Snap","Scrape"],"picked":"Lockon","floor":5.0},{"not_picked":["Barrage","Amplify"],"picked":"Conserve Battery","floor":7.0},{"not_picked":["Coolheaded","Cold Snap"],"picked":"Conserve Battery","floor":8.0},{"not_picked":["Stack","Ball Lightning"],"picked":"Heatsinks","floor":13.0},{"not_picked":["Conserve Battery","Sweeping Beam"],"picked":"Steam","floor":14.0},{"not_picked":["Amplify","Biased Cognition"],"picked":"Reboot","floor":16.0},{"not_picked":["Genetic Algorithm","Cold Snap+1"],"picked":"Coolheaded","floor":18.0},{"not_picked":["Genetic Algorithm","Steam"],"picked":"Leap","floor":19.0},{"not_picked":["Hologram+1","Go for the Eyes"],"picked":"Compile Driver+1","floor":20.0},{"not_picked":["Cold Snap+1","Leap+1"],"picked":"Sunder","floor":22.0},{"not_picked":["Ball Lightning+1","Echo Form"],"picked":"Defragment","floor":27.0},{"not_picked":["Undo+1","Coolheaded"],"picked":"FTL","floor":29.0},{"not_picked":["Reprogram","Go for the Eyes"],"picked":"Cold Snap+1","floor":31.0},{"not_picked":["Core Surge","Hyperbeam"],"picked":"Biased Cognition","floor":33.0},{"not_picked":["Gash+1","Redo"],"picked":"Leap","floor":35.0},{"not_picked":["Cold Snap","Undo+1"],"picked":"Sunder","floor":37.0},{"not_picked":["Go for the Eyes+1","Ball Lightning"],"picked":"Steam","floor":39.0},{"not_picked":["Beam Cell+1","Sweeping Beam"],"picked":"Steam Power+1","floor":40.0},{"not_picked":["Conserve Battery","Streamline+1"],"picked":"Double Energy+1","floor":45.0},{"not_picked":["Leap","Beam Cell"],"picked":"White Noise","floor":47.0},{"not_picked":["Chill+1","Chaos"],"picked":"Force Field+1","floor":48.0},{"not_picked":["Compile Driver+1","Rebound+1"],"picked":"Hologram","floor":54}],"player_experience":647716,"relics_obtained":[{"floor":8.0,"key":"Matryoshka"},{"floor":9.0,"key":"Tiny Chest"},{"floor":9.0,"key":"PreservedInsect"},{"floor":24.0,"key":"Regal Pillow"},{"floor":24.0,"key":"Lantern"},{"floor":27.0,"key":"Darkstone Periapt"},{"floor":29.0,"key":"Boot"},{"floor":40.0,"key":"DataDisk"},{"floor":43.0,"key":"Bottled Flame"},{"floor":48.0,"key":"Centennial Puzzle"},{"floor":54,"key":"Art of War"}],"event_choices":[{"cards_removed":["Doubt"],"damage_healed":0.0,"max_hp_gain":0.0,"max_hp_loss":0.0,"gold_gain":0.0,"event_name":"The Cleric","player_choice":"Card Removal","floor":10.0,"gold_loss":50.0,"damage_taken":0.0},{"damage_healed":0.0,"max_hp_gain":0.0,"max_hp_loss":0.0,"gold_gain":0.0,"event_name":"Accursed Blacksmith","player_choice":"Rummage","floor":11.0,"gold_loss":0.0,"damage_taken":0.0,"relics_obtained":["WarpedTongs"],"cards_obtained":["Pain"]},{"damage_healed":0.0,"max_hp_gain":0.0,"max_hp_loss":0.0,"gold_gain":0.0,"event_name":"Cursed Tome","player_choice":"Ignored","floor":21.0,"gold_loss":0.0,"damage_taken":0.0},{"damage_healed":0.0,"max_hp_gain":0.0,"max_hp_loss":0.0,"gold_gain":0.0,"event_name":"Lab","player_choice":"Got Potions","floor":30.0,"gold_loss":0.0,"damage_taken":0.0},{"damage_healed":0.0,"max_hp_gain":0.0,"max_hp_loss":0.0,"gold_gain":0.0,"event_name":"Tomb of Lord Red Mask","player_choice":"Paid","floor":38.0,"gold_loss":36.0,"damage_taken":0.0,"relics_obtained":["Red Mask"]},{"damage_healed":0.0,"max_hp_gain":0.0,"max_hp_loss":0.0,"gold_gain":0.0,"event_name":"The Woman in Blue","player_choice":"Bought 2 Potions","floor":42.0,"gold_loss":0.0,"damage_taken":0.0}],"is_beta":true,"boss_relics":[{"not_picked":["White Beast Statue","Sozu"],"picked":"Pandora\u0027s Box"},{"not_picked":["Coffee Dripper","Black Star"],"picked":"Inserter"}],"items_purged_floors":[28],"is_endless":false,"potions_floor_spawned":[3,5,7,13,14,16,19,22,27,29,35,40,47],"killed_by":"The Heart","ascension_level":5}