{"gold_per_floor":[115,130,148,160,174,174,199,227,308,308,258,35,35,366,366,466,466,484,502,521,14,27,27,27,27,27,27,41,41,57,73,73,175,175,189,189,189,203,221,254,254,554,554,230,230,259,275,286,286,286,286,286,1,32,32],"floor_reached":55,"playtime":3633,"items_purged":["Normality"],"score":814,"play_id":"ce316e86-5c1c-4e49-9134-9f45b5ba383e","local_time":"20181130042027","is_ascension_mode":false,"campfire_choices":[{"data":"Shockwave","floor":6.0,"key":"SMITH"},{"floor":10.0,"key":"REST"},{"data":"Whirlwind","floor":15.0,"key":"SMITH"},{"data":"Fiend Fire","floor":23.0,"key":"SMITH"},{"data":"Uppercut","floor":25.0,"key":"SMITH"},{"data":"Flame Barrier","floor":27.0,"key":"SMITH"},{"floor":29.0,"key":"REST"},{"floor":32.0,"key":"RECALL"},{"floor":41.0,"key":"REST"},{"data":"Dark Embrace","floor":45.0,"key":"SMITH"},{"floor":49.0,"key":"REST"},{"data":"Armaments","floor":52.0,"key":"SMITH"}],"neow_cost":"NONE","seed_source_timestamp":190686764685200,"circlet_count":0,"master_deck":["Strike_R","Strike_R","Strike_R","Defend_R","Defend_R","Defend_R","Defend_R","Bash","Carnage","Flame Barrier+1","Spot Weakness","Shockwave+1","Uppercut+1","Inflame","Fiend Fire+1","Intimidate","Pain","Whirlwind+1","Feed","Clumsy","Doubt","Hemokinesis","Battle Trance","Ghostly Armor","Carnage","Shrug It Off+1","Armaments+1","Shrug It Off+1","Thunderclap+1","Impervious","Rage+1","Madness","Madness","Flame Barrier","Heavy Blade+1","Dark Embrace+1","Enlightenment","Shrug It Off","Metallicize+1","Parasite","Iron Wave+1","Heavy Blade+1"],"special_seed":0,"relics":["Burning Blood","Strawberry","Vajra","Odd Mushroom","Paper Frog","Bag of Marbles","WarpedTongs","Old Coin","Calling Bell","Pen Nib","Singing Bowl","Turnip","Blue Candle","Happy Flower","Ginger","Mark of Pain","Boot","Bag of Preparation","Potion Belt","Incense Burner","Anchor"],"potions_floor_usage":[],"damage_taken":[{"damage":7.0,"enemies":"2 Louse","floor":1.0,"turns":3.0},{"damage":6.0,"enemies":"Jaw Worm","floor":2.0,"turns":2.0},{"damage":2.0,"enemies":"Small Slimes","floor":3.0,"turns":3.0},{"damage":10.0,"enemies":"Gremlin Gang","floor":4.0,"turns":5.0},{"damage":22.0,"enemies":"Exordium Thugs","floor":5.0,"turns":7.0},{"damage":14.0,"enemies":"Lagavulin","floor":7.0,"turns":7.0},{"damage":23.0,"enemies":"The Mushroom Lair","floor":8.0,"turns":5.0},{"damage":30.0,"enemies":"Gremlin Nob","floor":14.0,"turns":4.0},{"damage":16.0,"enemies":"Hexaghost","floor":16.0,"turns":6.0},{"damage":23.0,"enemies":"Shell Parasite","floor":18.0,"turns":5.0},{"damage":4.0,"enemies":"Spheric Guardian","floor":19.0,"turns":4.0},{"damage":13.0,"enemies":"Snecko","floor":20.0,"turns":5.0},{"damage":16.0,"enemies":"Snake Plant","floor":22.0,"turns":4.0},{"damage":2.0,"enemies":"Slavers","floor":24.0,"turns":1.0},{"damage":29.0,"enemies":"Centurion and Healer","floor":28.0,"turns":5.0},{"damage":8.0,"enemies":"3 Cultists","floor":30.0,"turns":4.0},{"damage":0.0,"enemies":"Snecko","floor":31.0,"turns":2.0},{"damage":16.0,"enemies":"Collector","floor":33.0,"turns":7.0},{"damage":0.0,"enemies":"3 Darklings","floor":35.0,"turns":1.0},{"damage":7.0,"enemies":"3 Shapes","floor":38.0,"turns":5.0},{"damage":6.0,"enemies":"Spire Growth","floor":39.0,"turns":4.0},{"damage":40.0,"enemies":"Nemesis","floor":40.0,"turns":9.0},{"damage":34.0,"enemies":"Giant Head","floor":46.0,"turns":7.0},{"damage":39.0,"enemies":"Transient","floor":47.0,"turns":5.0},{"damage":7.0,"enemies":"Writhing Mass","floor":48.0,"turns":4.0},{"damage":28.0,"enemies":"Awakened One","floor":50.0,"turns":13.0},{"damage":20.0,"enemies":"Shield and Spear","floor":54.0,"turns":5.0},{"damage":111,"enemies":"The Heart","floor":55,"turns":6}],"seed_played":"-690189679651507070","potions_obtained":[{"floor":2.0,"key":"SmokeBomb"},{"floor":3.0,"key":"SmokeBomb"},{"floor":5.0,"key":"Ancient Potion"},{"floor":14.0,"key":"Block Potion"},{"floor":28.0,"key":"Dexterity Potion"},{"floor":31.0,"key":"Poison Potion"},{"floor":35.0,"key":"Strength Potion"},{"floor":40.0,"key":"Energy Potion"},{"floor":47.0,"key":"SmokeBomb"}],"is_trial":false,"path_per_floor":["M","M","M","M","M","R","E","?","T","R","?","$","?","E","R","B",null,"M","M","M","$","M","R","E","R","T","R","M","R","M","M","R","B",null,"M","?","?","M","M","E","R","?","T","$","R","E","M","M","R","B",null,"R","$","E","B"],"character_chosen":"IRONCLAD","items_purchased":["Bag of Marbles","Intimidate","Blue Candle","Ghostly Armor","Carnage","Happy Flower","Bag of Preparation","Enlightenment","Incense Burner"],"campfire_rested":4,"item_purchase_floors":[12,12,21,21,21,21,44,44,53],"current_hp_per_floor":[86,86,87,83,67,67,59,42,42,68,68,68,68,44,44,34,87,70,72,67,67,57,57,61,61,61,61,41,68,66,72,72,62,92,92,80,80,79,79,45,72,72,72,72,72,44,11,10,37,15,92,92,92,78,0],"gold":32,"neow_bonus":"RANDOM_COMMON_RELIC","is_prod":false,"is_daily":false,"chose_seed":false,"campfire_upgraded":7,"win_rate":0,"timestamp":1543519227,"path_taken":["M","M","M","M","M","R","E","?","T","R","?","?","?","E","R","BOSS","M","?","M","$","M","R","E","R","T","R","?","R","M","M","R","BOSS","M","?","?","M","M","E","R","?","T","$","R","E","?","M","R","BOSS","R","$","E","BOSS"],"build_version":"2018-11-15","purchased_purges":1,"victory":false,"max_hp_per_floor":[87,87,87,87,87,87,87,87,87,87,87,87,87,87,87,87,87,87,87,89,89,89,89,89,89,89,89,92,92,92,92,92,92,92,92,92,92,92,92,92,92,92,92,92,92,92,92,92,92,92,92,92,92,92,92],"card_choices":[{"not_picked":["Wild Strike","Cleave"],"picked":"Carnage","floor":1.0},{"not_picked":["Corruption","Burning Pact"],"picked":"Flame Barrier","floor":2.0},{"not_picked":["Anger","Wild Strike"],"picked":"Spot Weakness","floor":3.0},{"not_picked":["Flex","Body Slam"],"picked":"Shockwave","floor":4.0},{"not_picked":["Pommel Strike","Body Slam"],"picked":"Uppercut","floor":5.0},{"not_picked":["Thunderclap","Havoc"],"picked":"Inflame","floor":7.0},{"not_picked":["Hemokinesis","Bloodletting"],"picked":"Fiend Fire","floor":8.0},{"not_picked":["Body Slam","Bloodletting"],"picked":"Whirlwind","floor":14.0},{"not_picked":["Limit Break","Juggernaut"],"picked":"Feed","floor":16.0},{"not_picked":["Uppercut","Body Slam"],"picked":"Hemokinesis","floor":18.0},{"not_picked":["Power Through","Rage"],"picked":"Battle Trance","floor":19.0},{"not_picked":["Cleave","Clash","Warcry"],"picked":"Singing Bowl","floor":20.0},{"not_picked":["Clothesline","Twin Strike+1"],"picked":"Shrug It Off+1","floor":22.0},{"not_picked":["Wild Strike","Heavy Blade"],"picked":"Armaments","floor":28.0},{"not_picked":["Headbutt","Intimidate"],"picked":"Shrug It Off+1","floor":30.0},{"not_picked":["Clothesline","Hemokinesis"],"picked":"Thunderclap+1","floor":31.0},{"not_picked":["Fiend Fire","Berserk"],"picked":"Impervious","floor":33.0},{"not_picked":["Cleave","Clash+1"],"picked":"Rage+1","floor":35.0},{"not_picked":["Cleave+1","Perfected Strike"],"picked":"Flame Barrier","floor":38.0},{"not_picked":["Perfected Strike+1","Flame Barrier+1"],"picked":"Heavy Blade+1","floor":39.0},{"not_picked":["Blood for Blood+1","True Grit"],"picked":"Dark Embrace","floor":40.0},{"not_picked":["Dropkick","Wild Strike+1"],"picked":"Shrug It Off","floor":46.0},{"not_picked":["Headbutt","Iron Wave+1"],"picked":"Metallicize+1","floor":47.0},{"not_picked":["Armaments","Rage+1"],"picked":"Iron Wave+1","floor":48.0},{"not_picked":["Rage","Dual Wield"],"picked":"Heavy Blade+1","floor":54.0}],"player_experience":546932,"relics_obtained":[{"floor":7.0,"key":"Vajra"},{"floor":8.0,"key":"Odd Mushroom"},{"floor":9.0,"key":"Paper Frog"},{"floor":14.0,"key":"Old Coin"},{"floor":17.0,"key":"Pen Nib"},{"floor":17.0,"key":"Singing Bowl"},{"floor":17.0,"key":"Turnip"},{"floor":26.0,"key":"Ginger"},{"floor":40.0,"key":"Boot"},{"floor":46.0,"key":"Potion Belt"},{"floor":54.0,"key":"Anchor"}],"event_choices":[{"damage_healed":0.0,"max_hp_gain":0.0,"max_hp_loss":0.0,"gold_gain":0.0,"event_name":"Mushrooms","player_choice":"Fought Mushrooms","floor":8.0,"gold_loss":0.0,"damage_taken":0.0},{"cards_removed":["Strike_R"],"damage_healed":0.0,"max_hp_gain":0.0,"max_hp_loss":0.0,"gold_gain":0.0,"event_name":"The Cleric","player_choice":"Card Removal","floor":11.0,"gold_loss":50.0,"damage_taken":0.0},{"damage_healed":0.0,"max_hp_gain":0.0,"max_hp_loss":0.0,"gold_gain":0.0,"event_name":"Accursed Blacksmith","player_choice":"Rummage","floor":13.0,"gold_loss":0.0,"damage_taken":0.0,"relics_obtained":["WarpedTongs"],"cards_obtained":["Pain"]},{"damage_healed":0.0,"max_hp_gain":0.0,"max_hp_loss":0.0,"gold_gain":0.0,"event_name":"Winding Halls","player_choice":"Embrace Madness","floor":36.0,"gold_loss":0.0,"damage_taken":12.0,"cards_obtained":["Madness","Madness"]},{"cards_removed":["Strike_R"],"damage_healed":0.0,"max_hp_gain":0.0,"max_hp_loss":0.0,"gold_gain":0.0,"event_name":"Falling","player_choice":"Removed Attack","floor":37.0,"gold_loss":0.0,"damage_taken":0.0},{"damage_healed":0.0,"max_hp_gain":0.0,"max_hp_loss":0.0,"gold_gain":300.0,"event_name":"Wheel of Change","player_choice":"Gold","floor":42.0,"gold_loss":0.0,"damage_taken":0.0}],"is_beta":false,"boss_relics":[{"not_picked":["Eternal Feather","Fusion Hammer"],"picked":"Calling Bell"},{"not_picked":["Snecko Eye","Tiny House"],"picked":"Mark of Pain"}],"items_purged_floors":[44],"is_endless":false,"potions_floor_spawned":[2,3,5,14,18,24,28,31,35,40,47],"killed_by":"The Heart","ascension_level":0}