{"path_per_floor":["M","?","M","$","?","E","?","M","T","R","M","$","R","E","R","B",null,"M","?","$","M","$","E"],"character_chosen":"DEFECT","items_purchased":["Vajra","Apotheosis"],"gold_per_floor":[114,114,133,133,133,171,171,190,265,265,284,84,84,122,122,247,247,266,189,0,19,19,57,57],"floor_reached":24,"campfire_rested":2,"playtime":1625,"current_hp_per_floor":[73,72,66,66,41,32,32,32,32,51,51,51,51,29,47,16,57,47,47,47,39,39,8,0],"items_purged":["Force Field"],"gold":57,"score":297,"play_id":"2a19e0cd-835f-442a-a3b9-9ff9c9b09bb0","local_time":"20180513212426","daily_mods":["Insanity","Elite Swarm","Terminal"],"is_prod":false,"is_daily":true,"chose_seed":false,"is_ascension_mode":false,"campfire_upgraded":1,"timestamp":1526217866,"path_taken":["M","?","M","$","?","E","?","M","T","R","M","?","R","E","R","BOSS","M","?","$","M","$","E","M"],"build_version":"2018-05-10","seed_source_timestamp":0,"purchased_purges":1,"victory":false,"master_deck":["Doom and Gloom","Double Energy","White Noise","Reboot","Steam","Sunder","Rip and Tear","All For One","Steam Power","Defend_B","Skim","Sweeping Beam","Turbo","Reboot","Sunder+1","Double Energy","Scrape","Defend_B","Machine Learning","FTL","FTL","Chill","Auto Shields","Beam Cell","Reboot","Chaos","Blizzard","Sunder","Seek","Recycle","Biased Cognition","Thunder Strike","Machine Learning","Seek","Defragment","Meteor Strike","Darkness","Blizzard","Fusion","Reprogram","Sweeping Beam","Sweeping Beam","Melter","Steam","Zap","Ball Lightning","Turbo","Streamline","Creative AI","Injury","Biased Cognition","Go for the Eyes+1","J.A.X.+1","Apotheosis+1","Skim+1","Reboot+1"],"max_hp_per_floor":[73,72,71,70,69,68,67,66,65,64,63,62,61,60,59,58,57,56,55,54,53,52,51,51],"relics":["Cracked Core","Golden Idol","Juzu Bracelet","Art of War","Smiling Mask","Vajra","Toxic Egg 2","Sozu","Symbiotic Virus"],"card_choices":[{"not_picked":["Thunder Strike","Reboot"],"picked":"Biased Cognition","floor":6},{"not_picked":["Leap","Loop"],"picked":"Go for the Eyes","floor":18},{"not_picked":["Streamline","Steam Power"],"picked":"Skim","floor":21},{"not_picked":["Seek","Buffer"],"picked":"Reboot","floor":23}],"player_experience":59525,"potions_floor_usage":[23],"damage_taken":[{"damage":0,"enemies":"Small Slimes","floor":1,"turns":2},{"damage":6,"enemies":"Jaw Worm","floor":3,"turns":3},{"damage":9,"enemies":"Gremlin Nob","floor":6,"turns":3},{"damage":0,"enemies":"Cultist","floor":8,"turns":3},{"damage":0,"enemies":"Large Slime","floor":11,"turns":4},{"damage":22,"enemies":"Lagavulin","floor":14,"turns":4},{"damage":31,"enemies":"The Guardian","floor":16,"turns":8},{"damage":10,"enemies":"2 Thieves","floor":18,"turns":2},{"damage":8,"enemies":"Chosen","floor":21,"turns":3},{"damage":31,"enemies":"Gremlin Leader","floor":23,"turns":5},{"damage":10,"enemies":"Snake Plant","floor":24,"turns":1}],"event_choices":[{"event_name":"Golden Idol","player_choice":"Take Wound","floor":2,"damage_taken":0},{"event_name":"Scrap Ooze","player_choice":"success","floor":5,"damage_taken":25},{"event_name":"Dead Adventurer","player_choice":"Searched \u00271\u0027 times","floor":7,"damage_taken":0},{"event_name":"Drug Dealer","player_choice":"Got JAXXED","floor":19,"damage_taken":0}],"boss_relics":[{"not_picked":["Nuclear Battery","Black Star"],"picked":"Sozu"}],"potions_floor_spawned":[3,8,14,16,18],"seed_played":"-8602145227359355025","killed_by":"Snake Plant","ascension_level":0,"is_trial":false}