{"gold_per_floor":[209,225,225,235,188,188,206,223,223,223,238,238,238,256,256,351,351,361,361,361,379,210,210,20,20,20,36,36,36,47,47,47,47],"floor_reached":33,"playtime":1290,"items_purged":["Dual Wield"],"score":237,"play_id":"c41a5581-23a7-4a1d-8aa1-065ce155063e","local_time":"20181227133611","is_ascension_mode":false,"campfire_choices":[{"data":"Perfected Strike","floor":6,"key":"SMITH"},{"data":"Demon Form","floor":12,"key":"SMITH"},{"data":"Pommel Strike","floor":15,"key":"SMITH"},{"floor":23,"key":"REST"},{"floor":25,"key":"REST"},{"floor":28,"key":"REST"},{"data":"Offering","floor":32,"key":"SMITH"}],"neow_cost":"NONE","seed_source_timestamp":236781276779396,"circlet_count":0,"master_deck":["Strike_R","Strike_R","Strike_R","Strike_R","Strike_R","Defend_R","Defend_R","Defend_R","Defend_R","Bash","Perfected Strike+1","Twin Strike","Pommel Strike+1","Shrug It Off+1","Demon Form+1","Offering+1","Cleave","Shrug It Off","Whirlwind","Metamorphosis","Battle Trance","Headbutt+1"],"relics":["Burning Blood","Runic Pyramid","Nilry\u0027s Codex","Bottled Tornado","Nloth\u0027s Gift"],"potions_floor_usage":[],"damage_taken":[{"damage":4,"enemies":"2 Louse","floor":1,"turns":4},{"damage":1,"enemies":"Cultist","floor":2,"turns":3},{"damage":5,"enemies":"Small Slimes","floor":4,"turns":3},{"damage":15,"enemies":"Exordium Thugs","floor":7,"turns":4},{"damage":4,"enemies":"Exordium Wildlife","floor":8,"turns":3},{"damage":4,"enemies":"Blue Slaver","floor":11,"turns":3},{"damage":13,"enemies":"Lots of Slimes","floor":14,"turns":3},{"damage":24,"enemies":"Slime Boss","floor":16,"turns":5},{"damage":0,"enemies":"Chosen","floor":18,"turns":4},{"damage":30,"enemies":"Colosseum Slavers","floor":19,"turns":4},{"damage":22,"enemies":"3 Byrds","floor":21,"turns":6},{"damage":15,"enemies":"Snake Plant","floor":27,"turns":4},{"damage":18,"enemies":"3 Cultists","floor":30,"turns":4},{"damage":91,"enemies":"Champ","floor":33,"turns":7}],"seed_played":"-5152329931170310686","potions_obtained":[{"floor":1,"key":"SkillPotion"},{"floor":11,"key":"Explosive Potion"},{"floor":21,"key":"Ancient Potion"}],"is_trial":false,"path_per_floor":["M","M","?","M","$","R","M","M","T","$","M","R","?","M","R","B",null,"M","?","?","M","$","R","$","R","T","M","R","?","M","?","R","B"],"character_chosen":"IRONCLAD","items_purchased":["Shrug It Off","Shrug It Off","Whirlwind","Metamorphosis"],"campfire_rested":3,"item_purchase_floors":[5,22,22,24],"current_hp_per_floor":[80,80,80,80,80,80,71,73,73,73,75,75,75,68,68,50,80,80,56,40,24,24,48,48,72,72,63,80,80,68,68,68,0],"gold":47,"neow_bonus":"HUNDRED_GOLD","is_prod":false,"is_daily":false,"chose_seed":false,"campfire_upgraded":4,"win_rate":0,"timestamp":1545885371,"path_taken":["M","M","?","M","$","R","?","M","T","$","M","R","?","M","R","BOSS","M","?","?","?","$","R","$","R","T","M","R","?","M","?","R","BOSS"],"build_version":"2018-12-20","purchased_purges":1,"victory":false,"max_hp_per_floor":[80,80,80,80,80,80,80,80,80,80,80,80,80,80,80,80,80,80,80,80,80,80,80,80,80,80,80,80,80,80,80,80,80],"card_choices":[{"not_picked":["Clash","Headbutt"],"picked":"Perfected Strike","floor":1},{"not_picked":["Blood for Blood","Second Wind"],"picked":"Twin Strike","floor":2},{"not_picked":["Clash","Uppercut"],"picked":"Pommel Strike","floor":4},{"not_picked":["Disarm","Spot Weakness","Rage"],"picked":"SKIP","floor":7},{"not_picked":["Armaments","Heavy Blade","Hemokinesis"],"picked":"SKIP","floor":8},{"not_picked":["Flex","Rage"],"picked":"Demon Form","floor":11},{"not_picked":["Twin Strike","Clash"],"picked":"Dual Wield","floor":14},{"not_picked":["Double Tap","Limit Break"],"picked":"Offering","floor":16},{"not_picked":["Rage","Corruption+1"],"picked":"Cleave","floor":18},{"not_picked":["Infernal Blade","Warcry","Flex"],"picked":"SKIP","floor":21},{"not_picked":["Flex","Sword Boomerang+1","Body Slam"],"picked":"SKIP","floor":27},{"not_picked":["Flex","Cleave"],"picked":"Headbutt+1","floor":30}],"player_experience":11548,"relics_obtained":[{"floor":9,"key":"Mercury Hourglass"},{"floor":20,"key":"Nilry\u0027s Codex"},{"floor":26,"key":"Bottled Tornado"}],"event_choices":[{"damage_healed":0,"gold_gain":0,"player_choice":"Bought 0 Potions","damage_taken":0,"max_hp_gain":0,"max_hp_loss":0,"event_name":"The Woman in Blue","floor":3,"gold_loss":0},{"damage_healed":0,"gold_gain":0,"player_choice":"Grow","damage_taken":0,"max_hp_gain":0,"max_hp_loss":0,"event_name":"Living Wall","floor":13,"gold_loss":0,"cards_upgraded":["Shrug It Off"]},{"damage_healed":0,"gold_gain":0,"player_choice":"Fight","damage_taken":0,"max_hp_gain":0,"max_hp_loss":0,"event_name":"Colosseum","floor":19,"gold_loss":0},{"damage_healed":0,"gold_gain":0,"player_choice":"Fled From Nobs","damage_taken":0,"max_hp_gain":0,"max_hp_loss":0,"event_name":"Colosseum","floor":19,"gold_loss":0},{"damage_healed":0,"gold_gain":0,"player_choice":"Obtained Book","damage_taken":16,"max_hp_gain":0,"max_hp_loss":0,"event_name":"Cursed Tome","floor":20,"gold_loss":0},{"damage_healed":0,"gold_gain":0,"player_choice":"Read","damage_taken":0,"max_hp_gain":0,"max_hp_loss":0,"event_name":"The Library","floor":29,"gold_loss":0,"cards_obtained":["Battle Trance"]},{"damage_healed":0,"gold_gain":0,"player_choice":"Traded Relic","damage_taken":0,"relics_obtained":["Nloth\u0027s Gift"],"max_hp_gain":0,"max_hp_loss":0,"event_name":"N\u0027loth","floor":31,"relics_lost":["Mercury Hourglass"],"gold_loss":0}],"is_beta":false,"boss_relics":[{"not_picked":["Black Star","Calling Bell"],"picked":"Runic Pyramid"}],"items_purged_floors":[22],"is_endless":false,"potions_floor_spawned":[1,11,19,21],"killed_by":"Champ","ascension_level":0}