{"gold_per_floor":[113,113,113,11,30,30,46,46,46,65,65,83,98,126,126,226,226,245,260,278,278,278],"floor_reached":22,"playtime":1912,"items_purged":[],"score":188,"play_id":"ef70c636-b97d-4baa-a0c6-2bde5e3223d9","local_time":"20180919214440","is_ascension_mode":false,"campfire_choices":[{"data":"Perfected Strike","floor":6.0,"key":"SMITH"},{"data":"Strike_R","floor":8.0,"key":"SMITH"},{"data":"Armaments","floor":15,"key":"SMITH"}],"neow_cost":"NONE","seed_source_timestamp":0,"circlet_count":0,"master_deck":["Strike_R+1","Strike_R","Strike_R","Strike_R","Strike_R+1","Defend_R","Defend_R","Defend_R","Bash","Battle Trance","Perfected Strike+1","Shrug It Off","Flame Barrier","Iron Wave","Anger+1","Double Tap","Cleave","Armaments+1","Feed","Body Slam","Cleave","Pommel Strike"],"special_seed":0,"relics":["Burning Blood","PreservedInsect","Regal Pillow","Peace Pipe","Vajra","Whetstone","Eternal Feather"],"potions_floor_usage":[19],"damage_taken":[{"damage":5.0,"enemies":"Small Slimes","floor":1.0,"turns":4.0},{"damage":1.0,"enemies":"Cultist","floor":5.0,"turns":3.0},{"damage":7.0,"enemies":"2 Louse","floor":7.0,"turns":2.0},{"damage":7.0,"enemies":"Looter","floor":10.0,"turns":3.0},{"damage":11.0,"enemies":"Exordium Wildlife","floor":12.0,"turns":3.0},{"damage":9.0,"enemies":"Gremlin Gang","floor":13.0,"turns":4.0},{"damage":8.0,"enemies":"3 Sentries","floor":14.0,"turns":4.0},{"damage":50,"enemies":"Hexaghost","floor":16,"turns":10},{"damage":33,"enemies":"3 Byrds","floor":18,"turns":5},{"damage":20,"enemies":"Spheric Guardian","floor":19,"turns":4},{"damage":3,"enemies":"Chosen and Byrds","floor":20,"turns":6},{"damage":31,"enemies":"Sentry and Sphere","floor":22,"turns":5}],"seed_played":"-5847938065893211267","potions_obtained":[{"floor":1.0,"key":"AttackPotion"},{"floor":12.0,"key":"Swift Potion"},{"floor":16,"key":"Energy Potion"},{"floor":19,"key":"Swift Potion"}],"is_trial":false,"path_per_floor":["M","?","?","$","M","R","M","R","T","M","T","M","M","E","R","B",null,"M","M","M","?"],"character_chosen":"IRONCLAD","items_purchased":["Perfected Strike","Shrug It Off"],"campfire_rested":0,"item_purchase_floors":[4,4],"current_hp_per_floor":[80,80,77,77,80,80,79,79,79,78,78,73,70,68,68,24,80,53,39,42,27,0],"gold":278,"neow_bonus":"RANDOM_COMMON_RELIC","is_prod":false,"is_daily":false,"chose_seed":false,"campfire_upgraded":3,"win_rate":0.0,"timestamp":1537418680,"path_taken":["M","?","?","?","M","R","M","R","T","?","?","M","?","E","R","BOSS","M","?","M","?","M"],"build_version":"2018-09-06","purchased_purges":0,"victory":false,"max_hp_per_floor":[80,80,80,80,80,80,80,80,80,80,80,80,80,80,80,80,80,80,80,80,85,85],"card_choices":[{"not_picked":["Corruption","Clash"],"picked":"Battle Trance","floor":1.0},{"not_picked":["Body Slam","Bloodletting"],"picked":"Flame Barrier","floor":5.0},{"not_picked":["Cleave","Clash"],"picked":"Iron Wave","floor":7.0},{"not_picked":["Sever Soul","True Grit"],"picked":"Anger","floor":10.0},{"not_picked":["Twin Strike","Flame Barrier"],"picked":"Double Tap","floor":12.0},{"not_picked":["Flex","Shockwave"],"picked":"Cleave","floor":13.0},{"not_picked":["Fire Breathing","Pommel Strike"],"picked":"Armaments","floor":14.0},{"not_picked":["Fiend Fire","Juggernaut"],"picked":"Feed","floor":16},{"not_picked":["Clothesline","Combust"],"picked":"Body Slam","floor":18},{"not_picked":["True Grit+1","Body Slam"],"picked":"Cleave","floor":19},{"not_picked":["Warcry","Sever Soul"],"picked":"Pommel Strike","floor":20}],"player_experience":7379,"relics_obtained":[{"floor":9.0,"key":"Peace Pipe"},{"floor":11.0,"key":"Vajra"},{"floor":14.0,"key":"Whetstone"}],"event_choices":[{"event_name":"Purifier","player_choice":"One Purge","floor":2.0,"damage_taken":0.0},{"event_name":"Scrap Ooze","player_choice":"success","floor":3.0,"damage_taken":3.0},{"event_name":"Forgotten Altar","player_choice":"Shed Blood","floor":21,"damage_taken":0}],"is_beta":false,"boss_relics":[{"not_picked":["Lizard Tail","Runic Cube"],"picked":"Eternal Feather"}],"items_purged_floors":[],"is_endless":false,"potions_floor_spawned":[1,12,16,19],"killed_by":"Sentry and Sphere","ascension_level":0}