{"gold_per_floor":[119,119,21,40,40,40,74,90,113,142,21,41,41,60,60,160,160,175,41,57,57,57],"floor_reached":22,"playtime":1185,"items_purged":["Strike_R","Strike_R"],"score":223,"play_id":"3c4f8faa-78bc-428a-b4b0-fbf79c1be082","local_time":"20190825123306","is_ascension_mode":true,"campfire_choices":[{"floor":6,"key":"RECALL"},{"floor":15,"key":"REST"}],"neow_cost":"TEN_PERCENT_HP_LOSS","seed_source_timestamp":747842467166900,"circlet_count":0,"master_deck":["Defend_R","Defend_R","Defend_R","Defend_R","Bash","Corruption","Second Wind","Heavy Blade","Headbutt","Uppercut","Clash","Anger","Shrug It Off","Warcry","Metallicize","Dual Wield","Entrench","Burning Pact","Demon Form","Shockwave","Spot Weakness","Battle Trance","Shame"],"relics":["Burning Blood","Calipers","Happy Flower","Bronze Scales","Black Star","Centennial Puzzle"],"potions_floor_usage":[7,10,16,16,22],"damage_taken":[{"damage":11,"enemies":"Cultist","floor":1,"turns":4},{"damage":5,"enemies":"Small Slimes","floor":4,"turns":4},{"damage":39,"enemies":"Lagavulin","floor":7,"turns":5},{"damage":4,"enemies":"2 Louse","floor":8,"turns":3},{"damage":17,"enemies":"3 Sentries","floor":10,"turns":7},{"damage":10,"enemies":"2 Fungi Beasts","floor":12,"turns":3},{"damage":1,"enemies":"Exordium Wildlife","floor":14,"turns":4},{"damage":34,"enemies":"Slime Boss","floor":16,"turns":11},{"damage":33,"enemies":"Chosen","floor":18,"turns":7},{"damage":43,"enemies":"Spheric Guardian","floor":20,"turns":6},{"damage":11,"enemies":"Snake Plant","floor":22,"turns":1}],"seed_played":"-530573342028231379","potions_obtained":[{"floor":4,"key":"Strength Potion"},{"floor":7,"key":"AttackPotion"},{"floor":12,"key":"Block Potion"},{"floor":14,"key":"BloodPotion"},{"floor":20,"key":"Poison Potion"}],"is_trial":false,"path_per_floor":["M","T","$","M","?","R","E","M","T","E","$","M","?","M","R","B",null,"M","$","M","?","M"],"character_chosen":"IRONCLAD","items_purchased":["Headbutt","Metallicize","Dual Wield","Spot Weakness"],"campfire_rested":1,"item_purchase_floors":[3,11,11,19],"current_hp_per_floor":[67,67,67,68,68,68,35,37,37,26,26,22,22,27,48,38,72,45,45,8,8,0],"gold":57,"neow_bonus":"TRANSFORM_TWO_CARDS","is_prod":false,"is_daily":false,"chose_seed":false,"campfire_upgraded":0,"win_rate":0,"timestamp":1566729186,"path_taken":["M","?","?","M","?","R","E","M","T","E","$","M","?","M","R","BOSS","M","$","M","?","M"],"build_version":"2019-07-17","purchased_purges":2,"victory":false,"max_hp_per_floor":[72,72,72,72,72,72,72,72,72,72,72,72,72,72,72,72,72,72,72,72,72,72],"card_choices":[{"not_picked":["Flex","True Grit"],"picked":"Heavy Blade","floor":1},{"not_picked":["Heavy Blade","Wild Strike"],"picked":"Uppercut","floor":4},{"not_picked":["Searing Blow","Brutality"],"picked":"Anger","floor":7},{"not_picked":["Clothesline","Intimidate"],"picked":"Shrug It Off","floor":8},{"not_picked":["Flex","Body Slam"],"picked":"Warcry","floor":10},{"not_picked":["Clash","Body Slam"],"picked":"Entrench","floor":12},{"not_picked":["Iron Wave","Shrug It Off"],"picked":"Burning Pact","floor":14},{"not_picked":["Exhume","Offering"],"picked":"Demon Form","floor":16},{"not_picked":["Thunderclap+1","Feel No Pain"],"picked":"Shockwave","floor":18},{"not_picked":["Second Wind","True Grit+1"],"picked":"Battle Trance","floor":20}],"player_experience":62405,"relics_obtained":[{"floor":7,"key":"Calipers"},{"floor":9,"key":"Happy Flower"},{"floor":10,"key":"Bronze Scales"}],"event_choices":[{"damage_healed":0,"gold_gain":0,"cards_transformed":["Strike_R"],"player_choice":"Change","damage_taken":0,"max_hp_gain":0,"max_hp_loss":0,"event_name":"Living Wall","floor":5,"gold_loss":0,"cards_obtained":["Clash"]},{"damage_healed":0,"gold_gain":0,"player_choice":"Ignored","damage_taken":0,"max_hp_gain":0,"max_hp_loss":0,"event_name":"Liars Game","floor":13,"gold_loss":0},{"damage_healed":0,"gold_gain":0,"player_choice":"Stole Relic","damage_taken":0,"relics_obtained":["Centennial Puzzle"],"max_hp_gain":0,"max_hp_loss":0,"event_name":"Addict","floor":21,"gold_loss":0,"cards_obtained":["Shame"]}],"is_beta":false,"boss_relics":[{"not_picked":["Tiny House","Astrolabe"],"picked":"Black Star"}],"items_purged_floors":[3,19],"is_endless":false,"potions_floor_spawned":[4,7,12,14,20],"killed_by":"Snake Plant","ascension_level":3}