{"gold_per_floor":[114,114,44,44,62,94,113,113,138,20,35,61,76,111,111,208,208,226,5,17,35,35,35,50,50,77,77,97,11,44,44,44,145,145,161,16,32,49,49,63,63,13,13,13,13,27,52,0,0,0,0,0,0,0],"floor_reached":54,"playtime":3657,"items_purged":["Strike_G","Eviscerate"],"score":922,"play_id":"b62b6b0c-2428-4ae8-bb50-27c0618e0d7e","local_time":"20190721095040","is_ascension_mode":true,"campfire_choices":[{"data":"Sucker Punch","floor":8,"key":"SMITH"},{"data":"Terror","floor":15,"key":"SMITH"},{"data":"Noxious Fumes","floor":23,"key":"SMITH"},{"data":"Glass Knife","floor":25,"key":"SMITH"},{"data":"Footwork","floor":27,"key":"SMITH"},{"data":"Noxious Fumes","floor":32,"key":"SMITH"},{"floor":41,"key":"REST"},{"data":"Bullet Time","floor":44,"key":"SMITH"},{"floor":49,"key":"RECALL"},{"data":"Caltrops","floor":52,"key":"SMITH"}],"neow_cost":"NONE","seed_source_timestamp":158132390077400,"circlet_count":0,"master_deck":["Survivor","Neutralize","Noxious Fumes+1","Footwork+1","Sucker Punch+1","Unload","Heel Hook","Blur","Well Laid Plans","Terror+1","Glass Knife+1","Setup+1","Backflip","Backflip+1","Ghostly","Ghostly","Ghostly","Ghostly","Ghostly","Noxious Fumes+1","Underhanded Strike","Riddle With Holes","Bullet Time+1","Tactician","Caltrops+1","Skewer","Poisoned Stab","Prepared+1","Panacea","Masterful Stab+1"],"relics":["Ring of the Snake","NeowsBlessing","Snake Skull","Potion Belt","Omamori","Vajra","Busted Crown","Art of War","Dodecahedron","Smiling Mask","Pandora\u0027s Box","Juzu Bracelet","Ornamental Fan","Bag of Marbles","Red Mask"],"potions_floor_usage":[11,14,14,16,21,33,33,50,50,50],"damage_taken":[{"damage":0,"enemies":"Jaw Worm","floor":1,"turns":1},{"damage":0,"enemies":"Cultist","floor":5,"turns":1},{"damage":0,"enemies":"Lagavulin","floor":6,"turns":1},{"damage":0,"enemies":"2 Louse","floor":7,"turns":2},{"damage":7,"enemies":"Exordium Thugs","floor":11,"turns":5},{"damage":1,"enemies":"2 Fungi Beasts","floor":13,"turns":4},{"damage":21,"enemies":"3 Sentries","floor":14,"turns":7},{"damage":23,"enemies":"The Guardian","floor":16,"turns":8},{"damage":6,"enemies":"3 Byrds","floor":18,"turns":4},{"damage":13,"enemies":"Chosen","floor":20,"turns":6},{"damage":1,"enemies":"Snake Plant","floor":21,"turns":4},{"damage":12,"enemies":"Cultist and Chosen","floor":24,"turns":7},{"damage":0,"enemies":"3 Cultists","floor":28,"turns":6},{"damage":0,"enemies":"Gremlin Leader","floor":30,"turns":6},{"damage":10,"enemies":"Champ","floor":33,"turns":12},{"damage":4,"enemies":"3 Shapes","floor":35,"turns":5},{"damage":14,"enemies":"Orb Walker","floor":37,"turns":4},{"damage":6,"enemies":"4 Shapes","floor":38,"turns":7},{"damage":0,"enemies":"Maw","floor":40,"turns":7},{"damage":2,"enemies":"Jaw Worm Horde","floor":46,"turns":5},{"damage":28,"enemies":"Donu and Deca","floor":50,"turns":10},{"damage":12,"enemies":"Shield and Spear","floor":54,"turns":7}],"seed_played":"4622963204370852873","potions_obtained":[{"floor":6,"key":"AttackPotion"},{"floor":11,"key":"SkillPotion"},{"floor":13,"key":"Regen Potion"},{"floor":14,"key":"PowerPotion"},{"floor":20,"key":"Strength Potion"},{"floor":28,"key":"EssenceOfSteel"},{"floor":33,"key":"Explosive Potion"},{"floor":37,"key":"Dexterity Potion"},{"floor":46,"key":"Fire Potion"}],"is_trial":false,"path_per_floor":["M","?","$","?","M","E","M","R","T","$","M","T","M","E","R","B",null,"M","$","M","M","?","R","M","R","T","R","M","$","E","?","R","B",null,"M","$","M","M","?","M","R","$","T","R","?","M","T","?","R","B",null,"R","$","E"],"character_chosen":"THE_SILENT","items_purchased":["Footwork","Blur","Well Laid Plans","Art of War","Noxious Fumes","Block Potion","Juzu Bracelet"],"campfire_rested":1,"item_purchase_floors":[3,10,10,19,29,29,36],"current_hp_per_floor":[63,70,70,70,70,70,70,70,70,70,63,63,62,56,56,33,61,55,55,42,41,35,35,23,23,23,23,23,23,23,23,23,13,30,26,26,12,6,6,6,16,16,16,16,31,29,29,29,29,1,24,24,24,12],"gold":0,"neow_bonus":"THREE_ENEMY_KILL","is_prod":false,"is_daily":false,"chose_seed":false,"campfire_upgraded":8,"win_rate":0,"timestamp":1563670240,"path_taken":["M","?","?","?","?","E","M","R","T","$","M","?","M","E","R","BOSS","M","$","M","M","?","R","M","R","T","R","M","$","E","?","R","BOSS","M","$","M","M","?","M","R","$","T","R","?","M","?","?","R","BOSS","R","$","E"],"build_version":"2019-07-17","purchased_purges":2,"victory":false,"max_hp_per_floor":[70,70,70,70,70,70,70,70,70,70,70,70,70,70,70,70,70,70,70,70,70,35,35,35,35,35,35,35,35,35,35,35,35,35,35,35,35,35,35,35,35,35,35,35,31,31,31,31,31,31,31,31,31,31],"card_choices":[{"not_picked":["Bane","Sucker Punch"],"picked":"Noxious Fumes","floor":1},{"not_picked":["Outmaneuver","Prepared"],"picked":"Sucker Punch","floor":5},{"not_picked":["Deflect","Setup"],"picked":"Unload","floor":6},{"not_picked":["Blade Dance","Quick Slash"],"picked":"Heel Hook","floor":7},{"not_picked":["Deflect","Outmaneuver","Finisher"],"picked":"SKIP","floor":11},{"not_picked":["Expertise","Deadly Poison"],"picked":"Terror","floor":13},{"not_picked":["Escape Plan","Concentrate"],"picked":"Dagger Spray","floor":14},{"not_picked":["After Image","Phantasmal Killer"],"picked":"Glass Knife","floor":16},{"not_picked":[],"picked":"Setup+1","floor":18},{"not_picked":[],"picked":"Backflip","floor":20},{"not_picked":[],"picked":"Backflip+1","floor":21},{"not_picked":["Concentrate"],"picked":"SKIP","floor":24},{"not_picked":["Backflip"],"picked":"SKIP","floor":28},{"not_picked":["Poisoned Stab+1"],"picked":"SKIP","floor":30},{"not_picked":["Riddle With Holes"],"picked":"SKIP","floor":35},{"not_picked":["Poisoned Stab+1"],"picked":"SKIP","floor":37},{"not_picked":[],"picked":"Prepared+1","floor":38},{"not_picked":[],"picked":"Panacea","floor":39},{"not_picked":[],"picked":"Masterful Stab+1","floor":40},{"not_picked":["Prepared"],"picked":"SKIP","floor":46}],"player_experience":382182,"relics_obtained":[{"floor":6,"key":"Snake Skull"},{"floor":9,"key":"Potion Belt"},{"floor":12,"key":"Omamori"},{"floor":14,"key":"Vajra"},{"floor":30,"key":"Dodecahedron"},{"floor":43,"key":"Ornamental Fan"},{"floor":47,"key":"Bag of Marbles"}],"event_choices":[{"damage_healed":7,"gold_gain":0,"player_choice":"Full Heal","damage_taken":0,"max_hp_gain":0,"max_hp_loss":0,"event_name":"Wheel of Change","floor":2,"gold_loss":0},{"cards_removed":["Strike_G"],"damage_healed":0,"gold_gain":0,"player_choice":"Offered Basic","damage_taken":0,"max_hp_gain":0,"max_hp_loss":0,"event_name":"Bonfire Elementals","floor":4,"gold_loss":0},{"damage_healed":0,"gold_gain":0,"player_choice":"Became a Ghost","damage_taken":0,"max_hp_gain":0,"max_hp_loss":35,"event_name":"Ghosts","floor":22,"gold_loss":0,"cards_obtained":["Ghostly","Ghostly","Ghostly","Ghostly","Ghostly"]},{"cards_removed":["Dagger Spray"],"damage_healed":0,"gold_gain":0,"player_choice":"Gave Card","damage_taken":0,"relics_obtained":["Smiling Mask"],"max_hp_gain":0,"max_hp_loss":0,"event_name":"WeMeetAgain","floor":31,"gold_loss":0},{"damage_healed":0,"gold_gain":0,"player_choice":"Memory 1","damage_taken":0,"max_hp_gain":0,"max_hp_loss":0,"event_name":"SensoryStone","floor":39,"gold_loss":0},{"damage_healed":31,"gold_gain":0,"player_choice":"Heal","damage_taken":0,"max_hp_gain":0,"max_hp_loss":4,"event_name":"The Moai Head","floor":45,"gold_loss":0},{"damage_healed":0,"gold_gain":0,"player_choice":"Paid","damage_taken":0,"relics_obtained":["Red Mask"],"max_hp_gain":0,"max_hp_loss":0,"event_name":"Tomb of Lord Red Mask","floor":48,"gold_loss":52}],"is_beta":false,"boss_relics":[{"not_picked":["Eternal Feather","Lizard Tail"],"picked":"Busted Crown"},{"not_picked":["Snecko Eye","HoveringKite"],"picked":"Pandora\u0027s Box"}],"items_purged_floors":[19,42],"is_endless":false,"potions_floor_spawned":[6,11,13,14,20,28,33,37,46],"killed_by":"Shield and Spear","ascension_level":6}