{"gold_per_floor":[111,111,121,131,131,131,166,180,256,324,355,3,178,213,213,315,315,332,332,346,91,109,442,453,470,470,490,490,490,506,38,38,133,133,145,155,172,172,186,186],"floor_reached":40,"playtime":2347,"items_purged":["Decay","Doubt","Strike_B"],"score":609,"play_id":"9d6553f4-3f36-4511-9105-749038b74ee4","local_time":"20190827000524","is_ascension_mode":true,"campfire_choices":[{"data":"Dualcast","floor":6.0,"key":"SMITH"},{"floor":15.0,"key":"REST"},{"data":"Trip","floor":29.0,"key":"SMITH"},{"floor":32.0,"key":"REST"}],"neow_cost":"NONE","seed_source_timestamp":2342222784400,"circlet_count":0,"master_deck":["Strike_B","Strike_B","Strike_B","Defend_B","Defend_B+1","Defend_B","Defend_B","Zap+1","Dualcast+1","BootSequence","Undo","Beam Cell","Streamline","Beam Cell","Double Energy+1","Trip+1","Doom and Gloom","Melter","Electrodynamics","Reinforced Body+1","Double Energy+1","Stack+1","All For One","Go for the Eyes","BootSequence","Gash+1","Turbo+1","Redo+1","Go for the Eyes","Bandage Up","Buffer","Capacitor","Coolheaded+1","Clumsy","BootSequence+1"],"special_seed":0,"relics":["Cracked Core","Happy Flower","Singing Bowl","Tiny Chest","Dodecahedron","War Paint","Bag of Preparation","Centennial Puzzle","Cursed Key","Old Coin","Cables","Symbiotic Virus","Nuclear Battery","Bottled Flame"],"potions_floor_usage":[40],"damage_taken":[{"damage":2.0,"enemies":"2 Louse","floor":1.0,"turns":2.0},{"damage":0.0,"enemies":"Cultist","floor":3.0,"turns":3.0},{"damage":1.0,"enemies":"Small Slimes","floor":4.0,"turns":3.0},{"damage":20.0,"enemies":"Lagavulin","floor":7.0,"turns":9.0},{"damage":5.0,"enemies":"Blue Slaver","floor":8.0,"turns":3.0},{"damage":12.0,"enemies":"Gremlin Nob","floor":11.0,"turns":4.0},{"damage":15.0,"enemies":"Lagavulin","floor":14.0,"turns":5.0},{"damage":9.0,"enemies":"The Guardian","floor":16.0,"turns":8.0},{"damage":0.0,"enemies":"Spheric Guardian","floor":18.0,"turns":1.0},{"damage":12.0,"enemies":"3 Byrds","floor":20.0,"turns":4.0},{"damage":5.0,"enemies":"3 Cultists","floor":22.0,"turns":6.0},{"damage":12.0,"enemies":"Book of Stabbing","floor":23.0,"turns":3.0},{"damage":0.0,"enemies":"Sentry and Sphere","floor":24.0,"turns":3.0},{"damage":0.0,"enemies":"Centurion and Healer","floor":25.0,"turns":4.0},{"damage":0.0,"enemies":"3 Cultists","floor":27.0,"turns":2.0},{"damage":15.0,"enemies":"Snake Plant","floor":30.0,"turns":4.0},{"damage":41.0,"enemies":"Champ","floor":33.0,"turns":8.0},{"damage":3.0,"enemies":"Orb Walker","floor":35.0,"turns":4.0},{"damage":10.0,"enemies":"3 Darklings","floor":36.0,"turns":7.0},{"damage":2.0,"enemies":"Spire Growth","floor":37.0,"turns":5.0},{"damage":11.0,"enemies":"Sphere and 2 Shapes","floor":39.0,"turns":4.0},{"damage":90,"enemies":"Giant Head","floor":40,"turns":8}],"seed_played":"-4400086716060645694","potions_obtained":[{"floor":3.0,"key":"Weak Potion"},{"floor":4.0,"key":"GamblersBrew"},{"floor":7.0,"key":"EssenceOfSteel"},{"floor":11.0,"key":"Swift Potion"},{"floor":16.0,"key":"GamblersBrew"},{"floor":18.0,"key":"SteroidPotion"},{"floor":20.0,"key":"FearPotion"},{"floor":30.0,"key":"Strength Potion"},{"floor":33.0,"key":"LiquidBronze"},{"floor":36.0,"key":"SteroidPotion"},{"floor":39.0,"key":"Dexterity Potion"}],"is_trial":false,"path_per_floor":["M","?","M","M","?","R","E","M","T","T","E","$","?","E","R","B",null,"M","?","M","$","M","E","M","M","T","M","?","R","M","$","R","B",null,"M","M","M","T","M","E"],"character_chosen":"DEFECT","items_purchased":["Trip","Bag of Preparation","Doom and Gloom","All For One","Symbiotic Virus","Bandage Up"],"campfire_rested":2,"item_purchase_floors":[12,12,12,21,31,31],"current_hp_per_floor":[66,66,66,65,65,65,45,40,40,40,28,28,28,13,35,26,63,63,63,51,51,46,34,34,34,34,34,34,34,19,19,41,4,57,56,50,52,52,45,0],"gold":186,"neow_bonus":"RANDOM_COMMON_RELIC","is_prod":false,"is_daily":false,"chose_seed":false,"campfire_upgraded":2,"win_rate":0,"timestamp":1566831924,"path_taken":["M","?","?","M","?","R","E","?","T","?","E","$","?","E","R","BOSS","M","?","?","$","M","E","M","M","T","?","?","R","?","?","R","BOSS","M","M","M","?","M","E"],"build_version":"2019-07-17","purchased_purges":3,"victory":false,"max_hp_per_floor":[75,75,75,75,75,75,75,75,75,75,75,75,75,75,75,75,75,75,75,75,75,75,75,75,75,75,75,75,75,75,75,75,75,75,77,77,77,77,77,77],"card_choices":[{"not_picked":["Steam","Force Field"],"picked":"BootSequence","floor":1.0},{"not_picked":["Lockon","Glacier"],"picked":"Undo","floor":3.0},{"not_picked":["Steam","Streamline"],"picked":"Beam Cell","floor":4.0},{"not_picked":["Chaos","Rip and Tear"],"picked":"Streamline","floor":7.0},{"not_picked":["Hologram","Conserve Battery"],"picked":"Beam Cell","floor":8.0},{"not_picked":["Coolheaded","White Noise"],"picked":"Double Energy","floor":11.0},{"not_picked":["Stack","Cold Snap"],"picked":"Melter","floor":14.0},{"not_picked":["Amplify","Meteor Strike"],"picked":"Electrodynamics","floor":16.0},{"not_picked":["Stack","Streamline"],"picked":"Reinforced Body+1","floor":18.0},{"not_picked":["Gash","Hologram"],"picked":"Stack+1","floor":20.0},{"not_picked":["Leap","Defragment"],"picked":"Go for the Eyes","floor":22.0},{"not_picked":["Conserve Battery+1","Force Field+1"],"picked":"BootSequence","floor":23.0},{"not_picked":["Compile Driver+1","Recycle+1"],"picked":"Gash+1","floor":24.0},{"not_picked":["Gash+1","Lockon+1"],"picked":"Turbo+1","floor":25.0},{"not_picked":["Rainbow","Leap"],"picked":"Redo+1","floor":27.0},{"not_picked":["Hologram","Rebound"],"picked":"Go for the Eyes","floor":30.0},{"not_picked":["Multi-Cast","Amplify"],"picked":"Buffer","floor":33.0},{"not_picked":["Redo+1","Turbo","Barrage"],"picked":"Singing Bowl","floor":35.0},{"not_picked":["Darkness","White Noise"],"picked":"Capacitor","floor":36.0},{"not_picked":["Darkness+1","Rebound+1"],"picked":"Coolheaded+1","floor":37.0},{"not_picked":["Fusion","Heatsinks"],"picked":"BootSequence+1","floor":39.0}],"player_experience":706345,"relics_obtained":[{"floor":7.0,"key":"Singing Bowl"},{"floor":9.0,"key":"Tiny Chest"},{"floor":10.0,"key":"Dodecahedron"},{"floor":11.0,"key":"War Paint"},{"floor":14.0,"key":"Centennial Puzzle"},{"floor":23.0,"key":"Old Coin"},{"floor":26.0,"key":"Cables"},{"floor":38.0,"key":"Bottled Flame"}],"event_choices":[{"damage_healed":0.0,"max_hp_gain":0.0,"max_hp_loss":0.0,"gold_gain":0.0,"event_name":"Upgrade Shrine","player_choice":"Upgraded","floor":2.0,"gold_loss":0.0,"damage_taken":0.0,"cards_upgraded":["Zap"]},{"damage_healed":0.0,"max_hp_gain":0.0,"max_hp_loss":0.0,"gold_gain":0.0,"event_name":"Wheel of Change","player_choice":"Cursed","floor":5.0,"gold_loss":0.0,"damage_taken":0.0,"cards_obtained":["Decay"]},{"damage_healed":0.0,"max_hp_gain":0.0,"max_hp_loss":0.0,"gold_gain":175.0,"event_name":"Liars Game","player_choice":"AGREE","floor":13.0,"gold_loss":0.0,"damage_taken":0.0,"cards_obtained":["Doubt"]},{"damage_healed":0.0,"max_hp_gain":0.0,"max_hp_loss":0.0,"gold_gain":0.0,"event_name":"Duplicator","player_choice":"Copied","floor":19.0,"gold_loss":0.0,"damage_taken":0.0,"cards_obtained":["Double Energy"]},{"cards_removed":["Regret"],"damage_healed":0.0,"max_hp_gain":0.0,"max_hp_loss":0.0,"gold_gain":0.0,"event_name":"Wheel of Change","player_choice":"Card Removal","floor":28.0,"gold_loss":0.0,"damage_taken":0.0}],"is_beta":false,"boss_relics":[{"not_picked":["Eternal Feather","Calling Bell"],"picked":"Cursed Key"},{"not_picked":["FrozenCore","Coffee Dripper"],"picked":"Nuclear Battery"}],"items_purged_floors":[12,21,31],"is_endless":false,"potions_floor_spawned":[3,4,7,11,16,18,20,30,33,36,39],"killed_by":"Giant Head","ascension_level":6}