{"gold_per_floor":[116,128,147,164,178,206,206,217,244,24,59,59,78,78,78,181,181,197,197,19,19,19,45,45,45,45,45,64,64,83,95,95,95],"floor_reached":33,"playtime":4721,"items_purged":["Strike_R"],"score":371,"play_id":"961a64c4-011e-4976-910c-f8749f20eb36","local_time":"20181208192533","is_ascension_mode":true,"campfire_choices":[{"data":"Inflame","floor":7.0,"key":"SMITH"},{"data":"Uppercut","floor":15.0,"key":"SMITH"},{"data":"Uppercut","floor":27.0,"key":"SMITH"},{"data":"Metallicize","floor":29.0,"key":"SMITH"},{"data":"Bite","floor":32.0,"key":"SMITH"}],"neow_cost":"NONE","seed_source_timestamp":424738955554866,"circlet_count":0,"master_deck":["Defend_R","Defend_R","Defend_R","Defend_R","Bash","Uppercut+1","Flex","Pummel","Metallicize+1","Inflame+1","Disarm","Uppercut+1","True Grit","Iron Wave","Juggernaut","Seeing Red+1","True Grit","Bite+1","Bite","Bite","Bite","Bite","J.A.X.","Carnage"],"special_seed":0,"relics":["Burning Blood","Gambling Chip","MawBank","Oddly Smooth Stone","Coffee Dripper","Enchiridion","Omamori","Pen Nib","StoneCalendar"],"potions_floor_usage":[],"damage_taken":[{"damage":1.0,"enemies":"Cultist","floor":1.0,"turns":3.0},{"damage":3.0,"enemies":"2 Louse","floor":2.0,"turns":3.0},{"damage":2.0,"enemies":"Jaw Worm","floor":3.0,"turns":3.0},{"damage":0.0,"enemies":"Large Slime","floor":4.0,"turns":4.0},{"damage":9.0,"enemies":"2 Fungi Beasts","floor":5.0,"turns":3.0},{"damage":19.0,"enemies":"Lagavulin","floor":6.0,"turns":6.0},{"damage":10.0,"enemies":"Looter","floor":8.0,"turns":3.0},{"damage":1.0,"enemies":"Gremlin Nob","floor":11.0,"turns":5.0},{"damage":24.0,"enemies":"Exordium Wildlife","floor":13.0,"turns":6.0},{"damage":29.0,"enemies":"Hexaghost","floor":16.0,"turns":15.0},{"damage":6.0,"enemies":"3 Byrds","floor":18.0,"turns":6.0},{"damage":15.0,"enemies":"Gremlin Leader","floor":23.0,"turns":5.0},{"damage":23.0,"enemies":"2 Thieves","floor":28.0,"turns":4.0},{"damage":5.0,"enemies":"Shelled Parasite and Fungi","floor":30.0,"turns":3.0},{"damage":16.0,"enemies":"Snecko","floor":31.0,"turns":4.0},{"damage":83,"enemies":"Automaton","floor":33,"turns":6}],"seed_played":"4785669780961983555","potions_obtained":[{"floor":2.0,"key":"Regen Potion"},{"floor":4.0,"key":"Block Potion"},{"floor":5.0,"key":"Strength Potion"},{"floor":23.0,"key":"Explosive Potion"},{"floor":28.0,"key":"Weak Potion"},{"floor":31.0,"key":"Explosive Potion"}],"is_trial":false,"path_per_floor":["M","M","M","M","M","E","R","M","T","$","E","$","M","?","R","B",null,"M","?","$","?","?","E","$","?","T","R","M","R","M","M","R","B"],"character_chosen":"IRONCLAD","items_purchased":["Oddly Smooth Stone","Omamori","True Grit"],"campfire_rested":0,"item_purchase_floors":[10,20,20],"current_hp_per_floor":[88,88,88,88,85,72,72,68,68,68,87,87,70,63,63,42,77,79,63,63,63,63,62,62,62,62,62,51,51,54,54,54,0],"gold":95,"neow_bonus":"TEN_PERCENT_HP_BONUS","is_prod":false,"is_daily":false,"chose_seed":false,"campfire_upgraded":5,"win_rate":0,"timestamp":1544325933,"path_taken":["M","M","M","M","?","E","R","M","T","$","E","?","M","?","R","BOSS","M","?","$","?","?","E","$","?","T","R","M","R","M","M","R","BOSS"],"build_version":"2018-12-06","purchased_purges":1,"victory":false,"max_hp_per_floor":[88,88,88,88,88,88,88,88,88,88,88,88,88,88,88,88,88,88,88,88,88,88,88,88,88,88,88,88,88,88,88,88,88],"card_choices":[{"not_picked":["Heavy Blade","Twin Strike"],"picked":"Uppercut","floor":1.0},{"not_picked":["Hemokinesis","Twin Strike"],"picked":"Flex","floor":2.0},{"not_picked":["Clothesline","Corruption"],"picked":"Pummel","floor":3.0},{"not_picked":["Thunderclap","Second Wind"],"picked":"Metallicize","floor":4.0},{"not_picked":["Dark Embrace","Shockwave"],"picked":"Inflame","floor":5.0},{"not_picked":["Flex","Anger"],"picked":"Disarm","floor":6.0},{"not_picked":["Thunderclap","Wild Strike"],"picked":"Uppercut","floor":8.0},{"not_picked":["Perfected Strike","Headbutt"],"picked":"True Grit","floor":11.0},{"not_picked":["Clothesline","Thunderclap"],"picked":"Iron Wave","floor":13.0},{"not_picked":["Dark Embrace","Brutality"],"picked":"Juggernaut","floor":16.0},{"not_picked":["Pommel Strike","Body Slam"],"picked":"Seeing Red+1","floor":18.0},{"not_picked":["Dual Wield","Clothesline+1"],"picked":"Carnage","floor":23.0},{"not_picked":["Clash+1","Thunderclap+1","Havoc"],"picked":"SKIP","floor":28.0},{"not_picked":["Thunderclap","Immolate","Power Through"],"picked":"SKIP","floor":30.0},{"not_picked":["Intimidate","Clothesline","Corruption+1"],"picked":"SKIP","floor":31.0}],"player_experience":393398,"relics_obtained":[{"floor":6.0,"key":"Gambling Chip"},{"floor":9.0,"key":"MawBank"},{"floor":11.0,"key":"Blood Vial"},{"floor":19.0,"key":"Enchiridion"},{"floor":23.0,"key":"Pen Nib"},{"floor":26.0,"key":"StoneCalendar"}],"event_choices":[{"cards_removed":["Strike_R"],"damage_healed":0.0,"max_hp_gain":0.0,"max_hp_loss":0.0,"gold_gain":0.0,"event_name":"Golden Wing","player_choice":"Card Removal","floor":14.0,"gold_loss":0.0,"damage_taken":7.0},{"damage_healed":0.0,"max_hp_gain":0.0,"max_hp_loss":0.0,"gold_gain":0.0,"event_name":"Cursed Tome","player_choice":"Obtained Book","floor":19.0,"gold_loss":0.0,"damage_taken":16.0},{"damage_healed":0.0,"max_hp_gain":0.0,"max_hp_loss":0.0,"gold_gain":0.0,"event_name":"Vampires","player_choice":"Became a vampire (Vial)","floor":21.0,"relics_lost":["Blood Vial"],"gold_loss":0.0,"damage_taken":0.0,"cards_obtained":["Bite","Bite","Bite","Bite","Bite"]},{"damage_healed":0.0,"max_hp_gain":0.0,"max_hp_loss":0.0,"gold_gain":0.0,"event_name":"Drug Dealer","player_choice":"Obtain J.A.X.","floor":22.0,"gold_loss":0.0,"damage_taken":0.0,"cards_obtained":["J.A.X."]},{"damage_healed":0.0,"max_hp_gain":0.0,"max_hp_loss":0.0,"gold_gain":0.0,"event_name":"Beggar","player_choice":"Ignored","floor":25.0,"gold_loss":0.0,"damage_taken":0.0}],"is_beta":false,"boss_relics":[{"not_picked":["Mark of Pain","Ectoplasm"],"picked":"Coffee Dripper"}],"items_purged_floors":[10],"is_endless":false,"potions_floor_spawned":[2,4,5,6,23,28,31],"killed_by":"Automaton","ascension_level":5}