{"gold_per_floor":[110,120,120,47,58,58,69,102,125,145,145,145,155,174,174,278,278,297,316,23,33,49,49,61,71,148,167,167,167,180,200,200,299,299,318,337,337,355,367,367,367,381,381,394,394,394,394,24,24,24],"floor_reached":50,"playtime":6389,"items_purged":[],"score":479,"play_id":"9d9ec65d-bdc9-413a-b472-4576a1040ecf","local_time":"20180920141912","is_ascension_mode":false,"campfire_choices":[{"data":"Zap","floor":6,"key":"SMITH"},{"data":"Rip and Tear","floor":11,"key":"SMITH"},{"data":"Reinforced Body","floor":15,"key":"SMITH"},{"floor":23,"key":"REST"},{"floor":29,"key":"REST"},{"floor":32,"key":"REST"},{"floor":40,"key":"REST"},{"floor":45,"key":"REST"},{"floor":47,"key":"REST"},{"data":"Barrage","floor":49,"key":"SMITH"}],"neow_cost":"","seed_source_timestamp":93161536951172,"circlet_count":0,"master_deck":["Strike_B","Strike_B","Strike_B","Strike_B","Defend_B","Defend_B","Defend_B","Defend_B","Zap+1","Dualcast","Reinforced Body+1","Rip and Tear+1","Rip and Tear","Self Repair","Auto Shields","Defragment","Barrage+1","Coolheaded","Coolheaded","Biased Cognition","Barrage+1","Melter","Cold Snap+1","Ball Lightning","Loop+1","Redo+1","Coolheaded+1","Loop+1","Force Field+1","Machine Learning","Gash","Blizzard","Writhe","Ball Lightning","Beam Cell","Darkness+1","Storm+1","Double Energy+1","Barrage"],"relics":["Cracked Core","GremlinMask","Ancient Tea Set","Bronze Scales","Snecko Eye","FossilizedHelix","Toxic Egg 2","Kunai","Lizard Tail","Darkstone Periapt","Dream Catcher","Pantograph"],"potions_floor_usage":[8,14,16,21,27,33,33,33,39,50,50,50,50,50],"damage_taken":[{"damage":0,"enemies":"Cultist","floor":1,"turns":4},{"damage":0,"enemies":"Jaw Worm","floor":2,"turns":3},{"damage":0,"enemies":"Small Slimes","floor":5,"turns":2},{"damage":7,"enemies":"Blue Slaver","floor":7,"turns":3},{"damage":25,"enemies":"Lagavulin","floor":8,"turns":7},{"damage":15,"enemies":"Looter","floor":10,"turns":3},{"damage":0,"enemies":"Lots of Slimes","floor":13,"turns":3},{"damage":12,"enemies":"Exordium Thugs","floor":14,"turns":5},{"damage":13,"enemies":"Slime Boss","floor":16,"turns":10},{"damage":0,"enemies":"3 Byrds","floor":18,"turns":5},{"damage":9,"enemies":"2 Thieves","floor":19,"turns":4},{"damage":20,"enemies":"3 Cultists","floor":21,"turns":5},{"damage":13,"enemies":"Snake Plant","floor":22,"turns":5},{"damage":37,"enemies":"Shelled Parasite and Fungi","floor":24,"turns":4},{"damage":0,"enemies":"Snecko","floor":25,"turns":5},{"damage":0,"enemies":"Cultist and Chosen","floor":27,"turns":6},{"damage":0,"enemies":"3 Cultists","floor":30,"turns":5},{"damage":18,"enemies":"Snecko","floor":31,"turns":5},{"damage":30,"enemies":"Champ","floor":33,"turns":14},{"damage":8,"enemies":"3 Darklings","floor":35,"turns":6},{"damage":9,"enemies":"3 Shapes","floor":36,"turns":3},{"damage":20,"enemies":"Transient","floor":38,"turns":5},{"damage":57,"enemies":"3 Darklings","floor":39,"turns":7},{"damage":22,"enemies":"Spire Growth","floor":42,"turns":6},{"damage":43,"enemies":"Maw","floor":44,"turns":9},{"damage":109,"enemies":"Time Eater","floor":50,"turns":9}],"seed_played":"-2535557318704679604","potions_obtained":[{"floor":1,"key":"Regen Potion"},{"floor":2,"key":"PowerPotion"},{"floor":7,"key":"Explosive Potion"},{"floor":10,"key":"Poison Potion"},{"floor":16,"key":"Strength Potion"},{"floor":18,"key":"SpeedPotion"},{"floor":21,"key":"Energy Potion"},{"floor":25,"key":"EssenceOfSteel"},{"floor":30,"key":"Ancient Potion"},{"floor":31,"key":"Regen Potion"},{"floor":35,"key":"SkillPotion"},{"floor":42,"key":"Explosive Potion"}],"is_trial":false,"path_per_floor":["M","M","?","$","M","R","M","E","T","M","R","?","M","M","R","B",null,"M","M","$","M","M","R","M","M","T","M","T","R","M","M","R","B",null,"M","M","?","M","M","R","?","M","T","M","R","T","R","$","R"],"character_chosen":"DEFECT","items_purchased":["Rip and Tear","FossilizedHelix","Pantograph","EntropicBrew","Barrage"],"campfire_rested":6,"item_purchase_floors":[4,20,48,48,48],"current_hp_per_floor":[75,75,75,75,75,75,75,71,71,63,63,68,75,70,70,64,80,80,78,78,58,52,76,39,46,46,53,53,77,77,66,80,66,80,72,63,80,60,10,34,70,48,48,12,33,33,54,54,54,0],"gold":24,"neow_bonus":"","is_prod":false,"is_daily":false,"chose_seed":false,"campfire_upgraded":4,"win_rate":0.0,"timestamp":1537478352,"path_taken":["M","?","?","$","M","R","M","E","T","M","R","?","M","M","R","BOSS","M","?","$","M","M","R","M","M","T","M","?","R","M","M","R","BOSS","M","M","?","?","M","R","?","M","T","M","R","?","R","$","R","BOSS"],"build_version":"2018-09-06","purchased_purges":0,"victory":false,"max_hp_per_floor":[75,75,75,75,75,75,75,75,75,75,75,80,80,80,80,80,80,80,80,80,80,80,80,80,80,80,80,80,80,80,80,80,80,80,80,80,80,80,80,80,70,70,70,70,70,70,70,70,70,70],"card_choices":[{"not_picked":["Double Energy","Streamline"],"picked":"Reinforced Body","floor":1},{"not_picked":["Defragment","Streamline"],"picked":"Rip and Tear","floor":2},{"not_picked":["Glacier","Beam Cell"],"picked":"Self Repair","floor":5},{"not_picked":["Hologram","Redo"],"picked":"Auto Shields","floor":7},{"not_picked":["Sweeping Beam","Stack"],"picked":"Defragment","floor":8},{"not_picked":["Steam","Defragment"],"picked":"Barrage","floor":10},{"not_picked":["Electrodynamics","Compile Driver"],"picked":"Coolheaded","floor":13},{"not_picked":["Conserve Battery","Compile Driver"],"picked":"Coolheaded","floor":14},{"not_picked":["Machine Learning","All For One"],"picked":"Biased Cognition","floor":16},{"not_picked":["Auto Shields+1","Conserve Battery"],"picked":"Barrage+1","floor":18},{"not_picked":["Coolheaded","Seek"],"picked":"Melter","floor":19},{"not_picked":["Hologram","Coolheaded+1"],"picked":"Cold Snap+1","floor":21},{"not_picked":["Coolheaded+1","Barrage"],"picked":"Ball Lightning","floor":22},{"not_picked":["Redo","Heatsinks+1"],"picked":"Loop+1","floor":24},{"not_picked":["Sweeping Beam+1","Coolheaded+1"],"picked":"Redo+1","floor":25},{"not_picked":["Sweeping Beam","Doom and Gloom"],"picked":"Coolheaded+1","floor":27},{"not_picked":["Steam+1","Leap+1"],"picked":"Loop+1","floor":30},{"not_picked":["All For One","Cold Snap"],"picked":"Force Field+1","floor":31},{"not_picked":["Amplify+1","All For One"],"picked":"Machine Learning","floor":33},{"not_picked":["Leap+1","Conserve Battery+1"],"picked":"Gash","floor":35},{"not_picked":["Compile Driver","Beam Cell"],"picked":"Blizzard","floor":36},{"not_picked":["Go for the Eyes","Hello World"],"picked":"Ball Lightning","floor":38},{"not_picked":["Hologram+1","Coolheaded+1"],"picked":"Beam Cell","floor":39},{"not_picked":["Barrage+1","FTL+1"],"picked":"Darkness+1","floor":42},{"not_picked":["Compile Driver","Chaos+1"],"picked":"Storm+1","floor":44},{"not_picked":["Cold Snap","Seek+1"],"picked":"Double Energy+1","floor":47}],"player_experience":19069,"relics_obtained":[{"floor":8,"key":"Ancient Tea Set"},{"floor":9,"key":"Bronze Scales"},{"floor":26,"key":"Toxic Egg 2"},{"floor":28,"key":"Kunai"},{"floor":43,"key":"Darkstone Periapt"},{"floor":46,"key":"Dream Catcher"}],"event_choices":[{"event_name":"FaceTrader","player_choice":"Trade","floor":3,"damage_taken":0},{"event_name":"Big Fish","player_choice":"Donut","floor":12,"damage_taken":0},{"event_name":"Winding Halls","player_choice":"Writhe","floor":37,"damage_taken":0},{"event_name":"The Moai Head","player_choice":"Heal","floor":41,"damage_taken":0}],"is_beta":false,"boss_relics":[{"not_picked":["Calling Bell","Runic Pyramid"],"picked":"Snecko Eye"},{"not_picked":["Runic Dome","Fusion Hammer"],"picked":"Lizard Tail"}],"items_purged_floors":[],"is_endless":false,"potions_floor_spawned":[1,2,7,10,13,16,18,21,25,30,31,35,42],"killed_by":"Time Eater","ascension_level":0}