{"path_per_floor":["M","M","M","?","?","E","R","E","T","M","M","$","M","M","R","B",null,"M","?","M","M","?","R","?","M","T","M","M"],"character_chosen":"DEFECT","items_purchased":["Pantograph","Barrage"],"gold_per_floor":[118,129,143,143,318,353,353,382,382,398,413,78,89,100,100,198,198,217,217,231,241,241,241,241,261,312,323,337,337],"floor_reached":29,"campfire_rested":1,"playtime":1525,"current_hp_per_floor":[75,70,62,62,62,50,50,31,31,31,38,38,37,46,46,40,75,51,51,41,19,19,51,35,32,32,24,14,0],"items_purged":["Doubt"],"gold":337,"score":253,"play_id":"09942a41-5ab2-4300-9dd5-59694241c7b7","local_time":"20180505034941","is_prod":false,"is_daily":false,"chose_seed":false,"is_ascension_mode":true,"campfire_upgraded":2,"timestamp":1525459781,"path_taken":["M","?","M","?","?","E","R","E","T","M","M","$","M","M","R","BOSS","M","?","M","M","?","R","?","M","T","?","M","M"],"build_version":"2018-05-03","seed_source_timestamp":182381529680466,"purchased_purges":1,"victory":false,"master_deck":["Strike_B+1","Strike_B+1","Strike_B+1","Strike_B+1","Defend_B+1","Defend_B+1","Defend_B+1","Defend_B+1","Zap","Dualcast","Go for the Eyes","Sweeping Beam+1","Beam Cell","Regret","Reprogram","Fusion+1","Darkness","Ball Lightning","Barrage","Coolheaded","BootSequence","Biased Cognition","Conserve Battery+1","Impulse","Capacitor","Decay","Necronomicurse","Doom and Gloom","Leap","Auto Shields"],"max_hp_per_floor":[75,75,75,75,75,75,75,75,75,75,75,75,75,75,75,75,75,75,75,75,75,75,75,75,75,75,75,75,75],"relics":["Cracked Core","Smiling Mask","Meat on the Bone","Gremlin Horn","Question Card","Pantograph","Eternal Feather","Necronomicon","Anchor"],"card_choices":[{"not_picked":["Stack","Hologram"],"picked":"Go for the Eyes","floor":1},{"not_picked":["Barrage","Self Repair"],"picked":"Sweeping Beam","floor":2},{"not_picked":["Axe Kick","Streamline"],"picked":"Beam Cell","floor":3},{"not_picked":["Axe Kick","Capacitor"],"picked":"Reprogram","floor":6},{"not_picked":["Leap","Go for the Eyes"],"picked":"Fusion","floor":8},{"not_picked":["Beam Cell","Go for the Eyes","Self Repair"],"picked":"Darkness","floor":10},{"not_picked":["Storm","Scrape","Cold Snap"],"picked":"Ball Lightning","floor":11},{"not_picked":["BootSequence","Conserve Battery","Leap"],"picked":"Coolheaded","floor":13},{"not_picked":["Genetic Algorithm","Coolheaded","Heatsinks"],"picked":"BootSequence","floor":14},{"not_picked":["Amplify","All For One","Redo"],"picked":"Biased Cognition","floor":16},{"not_picked":["Ball Lightning","Cold Snap","Chill"],"picked":"Conserve Battery","floor":18},{"not_picked":["Go for the Eyes","Tempest","Consume"],"picked":"Impulse","floor":20},{"not_picked":["Go for the Eyes","Sweeping Beam","Cold Snap"],"picked":"Capacitor","floor":21},{"not_picked":["Darkness","Ball Lightning","Hologram"],"picked":"Doom and Gloom","floor":25},{"not_picked":["Capacitor","Coolheaded","Ball Lightning"],"picked":"Leap","floor":27},{"not_picked":["Leap","Capacitor","Sweeping Beam"],"picked":"Auto Shields","floor":28}],"player_experience":509185,"potions_floor_usage":[6,8,16,18,25,25,28],"damage_taken":[{"damage":0,"enemies":"Cultist","floor":1,"turns":3},{"damage":5,"enemies":"2 Louse","floor":2,"turns":2},{"damage":8,"enemies":"Jaw Worm","floor":3,"turns":2},{"damage":12,"enemies":"3 Sentries","floor":6,"turns":5},{"damage":31,"enemies":"Lagavulin","floor":8,"turns":7},{"damage":12,"enemies":"Looter","floor":10,"turns":3},{"damage":5,"enemies":"2 Fungi Beasts","floor":11,"turns":3},{"damage":13,"enemies":"Large Slime","floor":13,"turns":4},{"damage":3,"enemies":"Exordium Wildlife","floor":14,"turns":2},{"damage":31,"enemies":"The Guardian","floor":16,"turns":11},{"damage":24,"enemies":"Shell Parasite","floor":18,"turns":5},{"damage":10,"enemies":"3 Byrds","floor":20,"turns":5},{"damage":34,"enemies":"Centurion and Healer","floor":21,"turns":9},{"damage":15,"enemies":"Snake Plant","floor":25,"turns":3},{"damage":20,"enemies":"Cultist and Chosen","floor":27,"turns":6},{"damage":22,"enemies":"3 Cultists","floor":28,"turns":4},{"damage":15,"enemies":"Snake Plant","floor":29,"turns":2}],"event_choices":[{"event_name":"Big Fish","player_choice":"Box","floor":4,"damage_taken":0},{"event_name":"Liars Game","player_choice":"agreed","floor":5,"damage_taken":0},{"event_name":"Back to Basics","player_choice":"Simplicity","floor":19,"damage_taken":0},{"event_name":"Forgotten Altar","player_choice":"Smashed Altar","floor":22,"damage_taken":0},{"event_name":"Cursed Tome","player_choice":"Obtained Book","floor":24,"damage_taken":0}],"boss_relics":[{"not_picked":["Calling Bell","Tiny House"],"picked":"Eternal Feather"}],"potions_floor_spawned":[3,11,13,14,16,20,21],"seed_played":"8601063618959866597","killed_by":"Snake Plant","ascension_level":1,"is_trial":false}