{"gold_per_floor":[119,133,151,76,94,123,140,40,118,130,130,143,143,162,162,259,259,273,273,289,289,121,121,149,167,190,190,200,216,247,257,257,356,356,376,423,443,9,9,21,21,46,46,62,81,81,81,92,92,92,92,92,31,57,57],"floor_reached":56,"playtime":20284,"items_purged":["Aggregate","Dualcast","Static Discharge"],"score":1350,"play_id":"ef50500a-86f8-47a8-8306-df5860e9cdf8","local_time":"20190705055440","is_ascension_mode":true,"campfire_choices":[{"data":"Reboot","floor":11.0,"key":"SMITH"},{"data":"Glacier","floor":13.0,"key":"SMITH"},{"data":"Chill","floor":15.0,"key":"SMITH"},{"floor":23.0,"key":"RECALL"},{"floor":27.0,"key":"REST"},{"floor":32.0,"key":"REST"},{"floor":41.0,"key":"DIG"},{"floor":46,"key":"DIG"},{"floor":49,"key":"REST"},{"floor":52,"key":"DIG"}],"neow_cost":"NONE","seed_source_timestamp":305023407932900,"circlet_count":0,"master_deck":["Zap","Self Repair","Buffer","Reboot+1","Reinforced Body","FTL","Consume","Glacier+1","Chill+1","Reboot","Go for the Eyes+1","Static Discharge+1","Conserve Battery","Apotheosis+1","Capacitor","Go for the Eyes+1","Capacitor","Conserve Battery","Skim+1","Echo Form","Chill+1","Barrage+1","Sweeping Beam+1","Skim","Recycle","Conserve Battery+1"],"special_seed":0,"relics":["Pandora\u0027s Box","Gremlin Horn","Molten Egg 2","Fusion Hammer","Ice Cream","Omamori","Ancient Tea Set","Empty Cage","Shovel","Thread and Needle","The Courier","Mercury Hourglass","Bottled Tornado","Sundial","Pear"],"potions_floor_usage":[50,55,55,55],"damage_taken":[{"damage":1.0,"enemies":"Jaw Worm","floor":1.0,"turns":4.0},{"damage":2.0,"enemies":"2 Louse","floor":2.0,"turns":2.0},{"damage":6.0,"enemies":"Cultist","floor":3.0,"turns":3.0},{"damage":6.0,"enemies":"3 Louse","floor":5.0,"turns":3.0},{"damage":9.0,"enemies":"3 Sentries","floor":6.0,"turns":3.0},{"damage":4.0,"enemies":"Large Slime","floor":7.0,"turns":6.0},{"damage":8.0,"enemies":"Gremlin Gang","floor":10.0,"turns":2.0},{"damage":19.0,"enemies":"Exordium Thugs","floor":12.0,"turns":3.0},{"damage":0.0,"enemies":"Blue Slaver","floor":14.0,"turns":6.0},{"damage":34.0,"enemies":"Hexaghost","floor":16.0,"turns":13.0},{"damage":13.0,"enemies":"Spheric Guardian","floor":18.0,"turns":6.0},{"damage":0.0,"enemies":"3 Byrds","floor":20.0,"turns":8.0},{"damage":17.0,"enemies":"Gremlin Leader","floor":24.0,"turns":11.0},{"damage":2.0,"enemies":"Sentry and Sphere","floor":25.0,"turns":6.0},{"damage":0.0,"enemies":"Centurion and Healer","floor":28.0,"turns":11.0},{"damage":0.0,"enemies":"Snecko","floor":29.0,"turns":6.0},{"damage":24.0,"enemies":"Slavers","floor":30.0,"turns":7.0},{"damage":6.0,"enemies":"Snake Plant","floor":31.0,"turns":6.0},{"damage":0.0,"enemies":"Champ","floor":33.0,"turns":11.0},{"damage":0.0,"enemies":"Orb Walker","floor":35.0,"turns":7.0},{"damage":20.0,"enemies":"2 Orb Walkers","floor":36.0,"turns":10.0},{"damage":28.0,"enemies":"3 Shapes","floor":37.0,"turns":8.0},{"damage":3.0,"enemies":"Sphere and 2 Shapes","floor":40.0,"turns":5.0},{"damage":10.0,"enemies":"Nemesis","floor":42.0,"turns":7.0},{"damage":4.0,"enemies":"4 Shapes","floor":44.0,"turns":6.0},{"damage":11.0,"enemies":"Maw","floor":45.0,"turns":9.0},{"damage":5,"enemies":"Sphere and 2 Shapes","floor":48,"turns":4},{"damage":0,"enemies":"Time Eater","floor":50,"turns":14},{"damage":2,"enemies":"Shield and Spear","floor":54,"turns":8},{"damage":44,"enemies":"The Heart","floor":55,"turns":12}],"seed_played":"-120443252595756718","potions_obtained":[{"floor":5.0,"key":"AttackPotion"},{"floor":6.0,"key":"Energy Potion"},{"floor":10.0,"key":"Weak Potion"},{"floor":12.0,"key":"PowerPotion"},{"floor":20.0,"key":"Energy Potion"},{"floor":29.0,"key":"Explosive Potion"},{"floor":30.0,"key":"Block Potion"},{"floor":31.0,"key":"Swift Potion"},{"floor":35.0,"key":"EssenceOfSteel"},{"floor":36.0,"key":"Poison Potion"},{"floor":40.0,"key":"FearPotion"},{"floor":42.0,"key":"EssenceOfSteel"},{"floor":48,"key":"SpeedPotion"},{"floor":54,"key":"Energy Potion"}],"is_trial":false,"path_per_floor":["M","M","M","$","M","E","M","$","T","M","R","M","R","M","R","B",null,"M","?","M","?","$","R","E","M","T","R","M","M","E","M","R","B",null,"M","?","M","$","?","M","R","E","T","M","M","R","?","M","R","B",null,"R","$","E","B",null],"character_chosen":"DEFECT","items_purchased":["Apotheosis","Thread and Needle","Recycle"],"campfire_rested":3,"item_purchase_floors":[22,38,53],"current_hp_per_floor":[74,75,69,69,70,61,64,64,64,56,56,44,44,51,51,24,75,69,69,75,75,75,75,68,75,75,75,75,75,58,62,75,75,75,75,65,47,47,47,54,54,51,51,57,56,56,56,58,75,75,75,75,75,85,51],"gold":57,"neow_bonus":"BOSS_RELIC","is_prod":false,"is_daily":false,"chose_seed":false,"campfire_upgraded":3,"win_rate":0,"timestamp":1562273680,"path_taken":["M","M","M","$","M","E","M","$","T","M","R","M","R","M","R","BOSS","M","?","M","?","?","R","E","M","T","R","M","?","E","M","R","BOSS","M","?","M","$","?","?","R","E","T","M","M","R","?","M","R","BOSS","R","$","E","BOSS"],"build_version":"2019-07-01","purchased_purges":3,"victory":true,"max_hp_per_floor":[75,75,75,75,75,75,75,75,75,75,75,75,75,75,75,75,75,75,75,75,75,75,75,75,75,75,75,75,75,75,75,75,75,75,75,75,75,75,75,75,75,75,75,75,75,75,75,75,75,75,75,75,75,85,85],"card_choices":[{"not_picked":["Stack","Compile Driver","Rebound"],"picked":"SKIP","floor":1.0},{"not_picked":["Beam Cell","Gash"],"picked":"Static Discharge","floor":2.0},{"not_picked":["Stack","Chaos"],"picked":"FTL","floor":3.0},{"not_picked":["Barrage","Coolheaded","Heatsinks"],"picked":"SKIP","floor":5.0},{"not_picked":["Go for the Eyes","Rip and Tear"],"picked":"Consume","floor":6.0},{"not_picked":["Gash","Barrage","Echo Form"],"picked":"SKIP","floor":7.0},{"not_picked":["Steam Power","Cold Snap+1"],"picked":"Steam","floor":10.0},{"not_picked":["Loop","Gash+1"],"picked":"Glacier","floor":12.0},{"not_picked":["Sweeping Beam+1","Conserve Battery"],"picked":"Chill","floor":14.0},{"not_picked":["All For One+1","Amplify"],"picked":"Reboot","floor":16.0},{"not_picked":["Redo","Cold Snap+1"],"picked":"Go for the Eyes+1","floor":18.0},{"not_picked":["Undo","Lockon+1"],"picked":"Static Discharge+1","floor":20.0},{"not_picked":["Sweeping Beam+1","Coolheaded"],"picked":"Capacitor","floor":24.0},{"not_picked":["Rebound+1","Turbo"],"picked":"Go for the Eyes+1","floor":25.0},{"not_picked":["Coolheaded+1","Gash+1"],"picked":"Capacitor","floor":28.0},{"not_picked":["Ball Lightning+1","Aggregate","Rebound+1"],"picked":"SKIP","floor":29.0},{"not_picked":["Rip and Tear+1","Darkness"],"picked":"Conserve Battery","floor":30.0},{"not_picked":["Leap","Capacitor+1"],"picked":"Skim+1","floor":31.0},{"not_picked":["Multi-Cast","Biased Cognition"],"picked":"Echo Form","floor":33.0},{"not_picked":["Gash+1","Cold Snap+1"],"picked":"Chill+1","floor":35.0},{"not_picked":["Gash+1","Stack+1"],"picked":"Barrage+1","floor":36.0},{"not_picked":["Aggregate+1","BootSequence+1"],"picked":"Sweeping Beam+1","floor":37.0},{"not_picked":["Leap+1","Sunder+1","Ball Lightning+1"],"picked":"SKIP","floor":40.0},{"not_picked":["Scrape+1","Consume+1","Hologram+1"],"picked":"SKIP","floor":42.0},{"not_picked":["Beam Cell+1","Gash+1","Lockon+1"],"picked":"SKIP","floor":44.0},{"not_picked":["Rebound+1","Hologram"],"picked":"Skim","floor":45.0},{"not_picked":["Reinforced Body","Compile Driver+1","Thunder Strike+1"],"picked":"SKIP","floor":48},{"not_picked":["Tempest","Auto Shields+1"],"picked":"Conserve Battery+1","floor":54}],"player_experience":207729,"relics_obtained":[{"floor":6.0,"key":"Gremlin Horn"},{"floor":9.0,"key":"Molten Egg 2"},{"floor":24.0,"key":"Ice Cream"},{"floor":26.0,"key":"Omamori"},{"floor":30.0,"key":"Ancient Tea Set"},{"floor":36.0,"key":"Shovel"},{"floor":41.0,"key":"The Courier"},{"floor":42.0,"key":"Mercury Hourglass"},{"floor":46,"key":"Bottled Tornado"},{"floor":52,"key":"Sundial"},{"floor":54,"key":"Pear"}],"event_choices":[{"cards_removed":["Doom and Gloom"],"damage_healed":0.0,"max_hp_gain":0.0,"max_hp_loss":0.0,"gold_gain":0.0,"event_name":"Back to Basics","player_choice":"Elegance","floor":19.0,"gold_loss":0.0,"damage_taken":0.0},{"damage_healed":0.0,"max_hp_gain":0.0,"max_hp_loss":0.0,"gold_gain":0.0,"event_name":"The Library","player_choice":"Read","floor":21.0,"gold_loss":0.0,"damage_taken":0.0,"cards_obtained":["Conserve Battery"]},{"damage_healed":0.0,"max_hp_gain":0.0,"max_hp_loss":0.0,"gold_gain":0.0,"event_name":"Mysterious Sphere","player_choice":"Fight","floor":36.0,"gold_loss":0.0,"damage_taken":0.0},{"damage_healed":0.0,"max_hp_gain":0.0,"max_hp_loss":0.0,"gold_gain":0.0,"event_name":"Accursed Blacksmith","player_choice":"Forge","floor":39.0,"gold_loss":0.0,"damage_taken":0.0,"cards_upgraded":["Apotheosis"]},{"cards_removed":["Sweeping Beam"],"damage_healed":0,"gold_gain":0,"player_choice":"Removed Attack","damage_taken":0,"max_hp_gain":0,"max_hp_loss":0,"event_name":"Falling","floor":47,"gold_loss":0}],"is_beta":false,"boss_relics":[{"not_picked":["Black Star","Lizard Tail"],"picked":"Fusion Hammer"},{"not_picked":["Coffee Dripper","Tiny House"],"picked":"Empty Cage"}],"items_purged_floors":[4,8,38],"is_endless":false,"potions_floor_spawned":[5,6,10,12,20,29,30,31,35,36,40,42,48,54],"ascension_level":2}