{"gold_per_floor":[117,133,152,169,181,181,191,218,218,218,234,267,267,343,343,446,446,456,475,475,103,120,154,154,154],"floor_reached":25,"playtime":1256,"items_purged":["Strike_B"],"score":319,"play_id":"d44e8ded-bbf3-4ad9-9bc8-1b830c40011b","local_time":"20190824065732","is_ascension_mode":true,"campfire_choices":[{"floor":6.0,"key":"REST"},{"data":"Double Energy","floor":10.0,"key":"SMITH"},{"floor":15.0,"key":"REST"},{"floor":24,"key":"REST"}],"neow_cost":"NONE","seed_source_timestamp":550118128693699,"circlet_count":0,"master_deck":["Strike_B+1","Strike_B","Strike_B+1","Defend_B","Defend_B","Defend_B","Defend_B","Zap","Dualcast","Ball Lightning","Steam","Double Energy+1","Coolheaded","Conserve Battery","Go for the Eyes","Machine Learning","Go for the Eyes","Doom and Gloom","Electrodynamics","Barrage+1","Double Energy","Gash+1","Steam","Conserve Battery","Stack","Beam Cell+1","Hologram","Go for the Eyes+1","Gash+1"],"special_seed":0,"relics":["Cracked Core","Pear","Bottled Tornado","Whetstone","Letter Opener","Molten Egg 2","Orrery","Gremlin Horn","Bottled Lightning","Anchor"],"potions_floor_usage":[16,19,22,23,23],"damage_taken":[{"damage":12.0,"enemies":"Jaw Worm","floor":1.0,"turns":3.0},{"damage":7.0,"enemies":"Small Slimes","floor":2.0,"turns":2.0},{"damage":0.0,"enemies":"Cultist","floor":3.0,"turns":3.0},{"damage":11.0,"enemies":"3 Louse","floor":4.0,"turns":3.0},{"damage":18.0,"enemies":"Exordium Thugs","floor":5.0,"turns":3.0},{"damage":1.0,"enemies":"Large Slime","floor":7.0,"turns":5.0},{"damage":12.0,"enemies":"Gremlin Nob","floor":8.0,"turns":4.0},{"damage":0.0,"enemies":"3 Louse","floor":11.0,"turns":2.0},{"damage":14.0,"enemies":"3 Sentries","floor":12.0,"turns":7.0},{"damage":13,"enemies":"Slime Boss","floor":16,"turns":7},{"damage":17,"enemies":"Shell Parasite","floor":18,"turns":5},{"damage":13,"enemies":"3 Byrds","floor":19,"turns":4},{"damage":19,"enemies":"Shelled Parasite and Fungi","floor":22,"turns":3},{"damage":22,"enemies":"Book of Stabbing","floor":23,"turns":5},{"damage":38,"enemies":"Gremlin Leader","floor":25,"turns":5}],"seed_played":"8775501246217697443","potions_obtained":[{"floor":2.0,"key":"PowerPotion"},{"floor":5.0,"key":"Explosive Potion"},{"floor":11.0,"key":"FearPotion"},{"floor":16,"key":"FearPotion"},{"floor":18,"key":"Poison Potion"},{"floor":19,"key":"Weak Potion"}],"is_trial":false,"path_per_floor":["M","M","M","M","M","R","M","E","T","R","M","E","?","T","R","B",null,"M","M","?","$","M","E","R","E"],"character_chosen":"DEFECT","items_purchased":["Hologram","Bottled Lightning"],"campfire_rested":3,"item_purchase_floors":[21,21],"current_hp_per_floor":[70,63,63,52,34,58,57,55,55,55,55,41,34,34,61,48,81,64,51,51,51,32,10,37,0],"gold":154,"neow_bonus":"TEN_PERCENT_HP_BONUS","is_prod":false,"is_daily":false,"chose_seed":false,"campfire_upgraded":1,"win_rate":0,"timestamp":1566597452,"path_taken":["M","M","M","M","M","R","M","E","T","R","M","E","?","?","R","BOSS","M","M","?","$","M","E","R","E"],"build_version":"2019-07-17","purchased_purges":1,"victory":false,"max_hp_per_floor":[82,82,82,82,82,82,82,92,92,92,92,92,92,92,92,92,92,92,92,92,92,92,92,92,92],"card_choices":[{"not_picked":["Melter","Barrage"],"picked":"Ball Lightning","floor":1.0},{"not_picked":["Static Discharge","Compile Driver"],"picked":"Steam","floor":2.0},{"not_picked":["Tempest","Redo"],"picked":"Double Energy","floor":3.0},{"not_picked":["Reinforced Body","Cold Snap"],"picked":"Coolheaded","floor":4.0},{"not_picked":["Rebound","Compile Driver"],"picked":"Conserve Battery","floor":5.0},{"not_picked":["Turbo","Coolheaded"],"picked":"Go for the Eyes","floor":7.0},{"not_picked":["Compile Driver","Rip and Tear"],"picked":"Machine Learning","floor":8.0},{"not_picked":["Sunder","Stack"],"picked":"Go for the Eyes","floor":11.0},{"not_picked":["Streamline","Barrage"],"picked":"Doom and Gloom","floor":12.0},{"not_picked":["Meteor Strike+1","Thunder Strike+1"],"picked":"Electrodynamics","floor":16},{"not_picked":["Tempest","Rip and Tear+1"],"picked":"Barrage+1","floor":17},{"not_picked":["Barrage+1","Sweeping Beam+1"],"picked":"Double Energy","floor":17},{"not_picked":["Steam","Capacitor"],"picked":"Gash+1","floor":17},{"not_picked":["Ball Lightning+1","Force Field"],"picked":"Steam","floor":17},{"not_picked":["Steam","Redo"],"picked":"Conserve Battery","floor":17},{"not_picked":["Rebound+1","Consume"],"picked":"Stack","floor":18},{"not_picked":["Compile Driver+1","Redo"],"picked":"Beam Cell+1","floor":19},{"not_picked":["Barrage+1","Genetic Algorithm"],"picked":"Go for the Eyes+1","floor":22},{"not_picked":["Creative AI","Beam Cell+1"],"picked":"Gash+1","floor":23}],"player_experience":700812,"relics_obtained":[{"floor":8.0,"key":"Pear"},{"floor":9.0,"key":"Bottled Tornado"},{"floor":12.0,"key":"Whetstone"},{"floor":14.0,"key":"Molten Egg 2"},{"floor":23,"key":"Anchor"}],"event_choices":[{"damage_healed":0.0,"max_hp_gain":0.0,"max_hp_loss":0.0,"gold_gain":0.0,"event_name":"Scrap Ooze","player_choice":"Success","floor":13.0,"gold_loss":0.0,"damage_taken":7.0,"relics_obtained":["Letter Opener"]},{"damage_healed":0,"gold_gain":0,"player_choice":"Opened","damage_taken":0,"relics_obtained":["Gremlin Horn"],"max_hp_gain":0,"max_hp_loss":0,"event_name":"The Mausoleum","floor":20,"gold_loss":0}],"is_beta":false,"boss_relics":[{"not_picked":["Black Star","Sozu"],"picked":"Orrery"}],"items_purged_floors":[21],"is_endless":false,"potions_floor_spawned":[2,5,11,16,18,19],"killed_by":"Gremlin Leader","ascension_level":5}