{"gold_per_floor":[119,132,232,247,260,260,295,295,295,329,329,329,329,346,346,448,448,467,483,48,63,73,73,92,92,92,110,129,129,146,146,146,146],"floor_reached":33,"playtime":1772,"items_purged":["Defend_R"],"score":418,"play_id":"9dc04f5e-21f4-4961-82dd-6d66255213aa","local_time":"20190826171553","is_ascension_mode":true,"campfire_choices":[{"data":"Anger","floor":6,"key":"SMITH"},{"floor":8,"key":"REST"},{"data":"Immolate","floor":11,"key":"SMITH"},{"floor":13,"key":"REST"},{"data":"Inflame","floor":15,"key":"SMITH"},{"floor":23,"key":"REST"},{"data":"Armaments","floor":25,"key":"SMITH"},{"floor":32,"key":"REST"}],"neow_cost":"NONE","seed_source_timestamp":587695004137600,"circlet_count":0,"master_deck":["AscendersBane","Strike_R","Strike_R","Strike_R","Strike_R","Strike_R","Defend_R","Defend_R","Defend_R","Bash+1","Anger+1","Pommel Strike","Burning Pact","Ghostly Armor+1","Inflame+1","Immolate+1","Shrug It Off","Offering","Disarm+1","Rampage","Armaments+1","Mayhem","Clothesline","Shrug It Off","Clash","Immolate","Anger+1","Anger+1"],"relics":["Burning Blood","Regal Pillow","Lantern","Bottled Flame","Sozu","Membership Card","Dream Catcher","Bag of Marbles"],"potions_floor_usage":[7,7,16,33],"damage_taken":[{"damage":0,"enemies":"2 Louse","floor":1,"turns":3},{"damage":1,"enemies":"Cultist","floor":2,"turns":3},{"damage":10,"enemies":"Small Slimes","floor":4,"turns":4},{"damage":12,"enemies":"2 Fungi Beasts","floor":5,"turns":4},{"damage":35,"enemies":"3 Sentries","floor":7,"turns":7},{"damage":39,"enemies":"Gremlin Nob","floor":10,"turns":5},{"damage":0,"enemies":"Gremlin Gang","floor":14,"turns":3},{"damage":62,"enemies":"Hexaghost","floor":16,"turns":7},{"damage":6,"enemies":"Chosen","floor":18,"turns":4},{"damage":16,"enemies":"Shell Parasite","floor":19,"turns":4},{"damage":20,"enemies":"Centurion and Healer","floor":21,"turns":6},{"damage":31,"enemies":"Snake Plant","floor":22,"turns":4},{"damage":8,"enemies":"Snecko","floor":24,"turns":3},{"damage":17,"enemies":"Shelled Parasite and Fungi","floor":27,"turns":5},{"damage":6,"enemies":"Centurion and Healer","floor":28,"turns":5},{"damage":11,"enemies":"Snake Plant","floor":30,"turns":3},{"damage":77,"enemies":"Automaton","floor":33,"turns":6}],"seed_played":"7255022175556452729","potions_obtained":[{"floor":2,"key":"Strength Potion"},{"floor":4,"key":"Swift Potion"},{"floor":7,"key":"EssenceOfSteel"},{"floor":14,"key":"Strength Potion"}],"is_trial":false,"path_per_floor":["M","M","?","M","M","R","E","R","T","E","R","?","R","M","R","B",null,"M","M","$","M","M","R","M","R","T","M","M","?","M","?","R","B"],"character_chosen":"IRONCLAD","items_purchased":["Membership Card","Armaments","Mayhem","Dream Catcher"],"campfire_rested":4,"item_purchase_floors":[20,20,20,20],"current_hp_per_floor":[78,80,80,76,70,70,41,80,80,47,47,31,70,76,76,20,65,65,55,55,41,16,55,53,53,53,42,42,42,37,37,76,0],"gold":146,"neow_bonus":"THREE_CARDS","is_prod":false,"is_daily":false,"chose_seed":false,"campfire_upgraded":4,"win_rate":0,"timestamp":1566864953,"path_taken":["M","M","?","M","?","R","E","R","T","E","R","?","R","M","R","BOSS","M","M","$","M","M","R","M","R","T","M","M","?","?","?","R","BOSS"],"build_version":"2019-07-17","purchased_purges":1,"victory":false,"max_hp_per_floor":[80,80,80,80,80,80,80,80,80,80,80,80,80,80,80,80,80,80,80,80,80,80,80,80,80,80,80,80,80,80,80,80,80],"card_choices":[{"not_picked":["Warcry","Twin Strike"],"picked":"Anger","floor":0},{"not_picked":["True Grit","Blood for Blood"],"picked":"Pommel Strike","floor":1},{"not_picked":["Havoc","Clothesline"],"picked":"Burning Pact","floor":2},{"not_picked":["Cleave","Clash"],"picked":"Ghostly Armor","floor":4},{"not_picked":["Ghostly Armor","Headbutt"],"picked":"Inflame","floor":5},{"not_picked":["Bludgeon","Second Wind"],"picked":"Immolate","floor":7},{"not_picked":["Thunderclap","Carnage"],"picked":"Shrug It Off","floor":10},{"not_picked":["Corruption","Heavy Blade","Sever Soul"],"picked":"SKIP","floor":14},{"not_picked":["Double Tap","Fiend Fire"],"picked":"Offering","floor":16},{"not_picked":["Wild Strike","Havoc"],"picked":"Disarm+1","floor":18},{"not_picked":["Sword Boomerang","Inflame"],"picked":"Rampage","floor":19},{"not_picked":["Dropkick","Entrench"],"picked":"Clothesline","floor":21},{"not_picked":["Iron Wave","Flex"],"picked":"Shrug It Off","floor":22},{"not_picked":["Warcry","Seeing Red"],"picked":"Clash","floor":23},{"not_picked":["Seeing Red","True Grit","Wild Strike"],"picked":"SKIP","floor":24},{"not_picked":["Rupture","Searing Blow","Whirlwind"],"picked":"SKIP","floor":27},{"not_picked":["Warcry","Body Slam"],"picked":"Immolate","floor":28},{"not_picked":["Pummel","Twin Strike","Clothesline"],"picked":"SKIP","floor":30},{"not_picked":["Havoc","Sentinel"],"picked":"Anger+1","floor":32}],"player_experience":208531,"relics_obtained":[{"floor":7,"key":"Regal Pillow"},{"floor":9,"key":"Lantern"},{"floor":10,"key":"Bottled Flame"},{"floor":26,"key":"Bag of Marbles"}],"event_choices":[{"damage_healed":0,"gold_gain":100,"player_choice":"Pray","damage_taken":0,"max_hp_gain":0,"max_hp_loss":0,"event_name":"Golden Shrine","floor":3,"gold_loss":0},{"damage_healed":0,"gold_gain":0,"player_choice":"Entered Light","damage_taken":16,"max_hp_gain":0,"max_hp_loss":0,"event_name":"Shining Light","floor":12,"gold_loss":0,"cards_upgraded":["Bash","Ghostly Armor"]},{"damage_healed":0,"gold_gain":0,"player_choice":"Copied","damage_taken":0,"max_hp_gain":0,"max_hp_loss":0,"event_name":"Duplicator","floor":29,"gold_loss":0,"cards_obtained":["Anger"]},{"damage_healed":0,"gold_gain":0,"player_choice":"Ignored","damage_taken":0,"max_hp_gain":0,"max_hp_loss":0,"event_name":"Ghosts","floor":31,"gold_loss":0}],"is_beta":false,"boss_relics":[{"not_picked":["Busted Crown","Fusion Hammer"],"picked":"Sozu"}],"items_purged_floors":[20],"is_endless":false,"potions_floor_spawned":[2,4,7,14,18,19,24],"killed_by":"Automaton","ascension_level":12}