{"gold_per_floor":[12,26,26,26,26,62,62,81,81,106,118,55,80,101,101,230,230,245,145,145,60,73,73,111,134,134,134,158,499,499,0,0,0],"floor_reached":33,"playtime":3339,"items_purged":["Strike_B","Normality"],"score":285,"play_id":"d284cdd8-0de7-4926-a7a5-4dc7794a33a3","local_time":"20180923200240","is_ascension_mode":false,"campfire_choices":[{"floor":7.0,"key":"REST"},{"floor":15.0,"key":"REST"},{"floor":23.0,"key":"REST"},{"floor":27.0,"key":"REST"},{"floor":30,"key":"REST"},{"floor":32,"key":"REST"}],"neow_cost":"NO_GOLD","seed_source_timestamp":0,"circlet_count":0,"master_deck":["Strike_B","Strike_B","Strike_B","Defend_B","Defend_B","Defend_B","Zap","Dualcast","Rainbow","Genetic Algorithm","Sweeping Beam","Chaos","Darkness","Redo","Rebound","Leap","Normality","Streamline","Reboot","Glacier","Sweeping Beam+1","Doom and Gloom","BootSequence+1"],"special_seed":0,"relics":["Cracked Core","Golden Idol","Mercury Hourglass","FossilizedHelix","MawBank","Juzu Bracelet","Astrolabe","Meat on the Bone","Bottled Lightning","Gremlin Horn","Old Coin","Matryoshka","HandDrill"],"potions_floor_usage":[29,29,33,33],"damage_taken":[{"damage":0.0,"enemies":"Cultist","floor":1.0,"turns":5.0},{"damage":0.0,"enemies":"Jaw Worm","floor":2.0,"turns":3.0},{"damage":26.0,"enemies":"Lagavulin","floor":6.0,"turns":6.0},{"damage":0.0,"enemies":"2 Louse","floor":8.0,"turns":2.0},{"damage":6.0,"enemies":"2 Fungi Beasts","floor":10.0,"turns":3.0},{"damage":0.0,"enemies":"Large Slime","floor":13.0,"turns":4.0},{"damage":2.0,"enemies":"Red Slaver","floor":14.0,"turns":3.0},{"damage":27.0,"enemies":"The Guardian","floor":16.0,"turns":8.0},{"damage":5.0,"enemies":"Shell Parasite","floor":18.0,"turns":6.0},{"damage":15.0,"enemies":"Spheric Guardian","floor":22.0,"turns":4.0},{"damage":53.0,"enemies":"Book of Stabbing","floor":24.0,"turns":6.0},{"damage":0.0,"enemies":"Centurion and Healer","floor":25.0,"turns":4.0},{"damage":36.0,"enemies":"Shelled Parasite and Fungi","floor":28.0,"turns":5.0},{"damage":26,"enemies":"Slavers","floor":29,"turns":5},{"damage":96,"enemies":"Collector","floor":33,"turns":12}],"seed_played":"-6502262509009242604","potions_obtained":[{"floor":1.0,"key":"FearPotion"},{"floor":2.0,"key":"GamblersBrew"},{"floor":13.0,"key":"Block Potion"},{"floor":16.0,"key":"PowerPotion"},{"floor":22.0,"key":"PowerPotion"},{"floor":25.0,"key":"SteroidPotion"}],"is_trial":false,"path_per_floor":["M","M","?","?","$","E","R","M","T","M","?","$","M","M","R","B",null,"M","$","?","?","M","R","E","M","T","R","M","E","R","$","R"],"character_chosen":"DEFECT","items_purchased":["Matryoshka","HandDrill","Block Potion"],"campfire_rested":6,"item_purchase_floors":[31,31,31],"current_hp_per_floor":[75,75,75,68,68,42,64,64,64,58,58,58,58,56,75,48,75,70,70,70,70,55,75,34,46,46,68,44,30,52,52,74,0],"gold":0,"neow_bonus":"THREE_RARE_CARDS","is_prod":false,"is_daily":false,"chose_seed":false,"campfire_upgraded":0,"win_rate":0.0,"timestamp":1537758160,"path_taken":["M","M","?","?","$","E","R","M","T","?","?","?","M","M","R","BOSS","M","$","?","?","M","R","E","M","T","R","M","E","R","$","R","BOSS"],"build_version":"2018-09-20","purchased_purges":2,"victory":false,"max_hp_per_floor":[75,75,75,75,75,75,75,75,75,75,75,75,75,75,75,75,75,75,75,75,75,75,75,75,75,75,75,75,75,75,75,75,75],"card_choices":[{"not_picked":["Buffer","All For One"],"picked":"Rainbow","floor":0.0},{"not_picked":["Coolheaded","Fusion"],"picked":"Genetic Algorithm","floor":1.0},{"not_picked":["Go for the Eyes","Compile Driver"],"picked":"Sweeping Beam","floor":2.0},{"not_picked":["Steam Power","Echo Form"],"picked":"Chaos","floor":6.0},{"not_picked":["Chill","Rebound"],"picked":"Darkness","floor":8.0},{"not_picked":["Steam","Barrage"],"picked":"Redo","floor":10.0},{"not_picked":["Compile Driver","Barrage"],"picked":"Rebound","floor":13.0},{"not_picked":["Sweeping Beam","Force Field"],"picked":"Leap","floor":14.0},{"not_picked":["Gash","Melter"],"picked":"Streamline","floor":18.0},{"not_picked":["Streamline","Aggregate"],"picked":"Glacier","floor":22.0},{"not_picked":["Compile Driver","Lockon+1"],"picked":"Sweeping Beam+1","floor":24.0},{"not_picked":["Cold Snap","Chill"],"picked":"Doom and Gloom","floor":25.0},{"not_picked":["Compile Driver","Hello World+1","Gash"],"picked":"SKIP","floor":28},{"not_picked":["Reboot","Melter"],"picked":"BootSequence+1","floor":29}],"player_experience":63494,"relics_obtained":[{"floor":6.0,"key":"FossilizedHelix"},{"floor":9.0,"key":"MawBank"},{"floor":24.0,"key":"Bottled Lightning"},{"floor":26.0,"key":"Gremlin Horn"},{"floor":29,"key":"Old Coin"}],"event_choices":[{"event_name":"Golden Idol","player_choice":"Take Wound","floor":3.0,"damage_taken":0.0},{"event_name":"Scrap Ooze","player_choice":"success","floor":4.0,"damage_taken":7.0},{"event_name":"Big Fish","player_choice":"Box","floor":11.0,"damage_taken":0.0},{"event_name":"Transmorgrifier","player_choice":"Transform","floor":20.0,"damage_taken":0.0},{"event_name":"Addict","player_choice":"Obtained Relic","floor":21.0,"damage_taken":0.0}],"is_beta":false,"boss_relics":[{"not_picked":["Inserter","Eternal Feather"],"picked":"Astrolabe"}],"items_purged_floors":[12,19],"is_endless":false,"potions_floor_spawned":[1,2,13,16,22,25],"killed_by":"Collector","ascension_level":0}