{"gold_per_floor":[20,39,51,70,83,83,118,118,118,118,131,142,42,42,42,142,142,158,172,207,224,224,224,224,224,304,321,321,334,334,38,38,140,140,153,210,210,210,37,37,70,22,46,46,46,46,57,77,77,77],"floor_reached":51,"playtime":3461,"items_purged":["Defend_B","Regret"],"score":881,"play_id":"516024a3-abac-492f-87d4-c133339cb3fa","local_time":"20190810010615","is_ascension_mode":true,"campfire_choices":[{"floor":6,"key":"REST"},{"data":"Defragment","floor":8,"key":"SMITH"},{"data":"Zap","floor":10,"key":"SMITH"},{"floor":15,"key":"REST"},{"floor":23,"key":"REST"},{"data":"Defragment","floor":25,"key":"SMITH"},{"data":"Secret Technique","floor":32,"key":"SMITH"},{"data":"Defragment","floor":40,"key":"SMITH"},{"data":"Fission","floor":45,"key":"SMITH"},{"data":"Capacitor","floor":49,"key":"SMITH"}],"neow_cost":"NO_GOLD","seed_source_timestamp":601099327966900,"circlet_count":0,"master_deck":["Defend_B","Defend_B","Defend_B","Zap+1","Dualcast+1","Sweeping Beam","Coolheaded+1","Defragment+1","Cold Snap+1","Capacitor+1","Coolheaded","Genetic Algorithm","Barrage","Reinforced Body","Defragment+1","Self Repair","Conserve Battery","Machine Learning","Blizzard+1","Conserve Battery+1","Bite","Bite","Bite","Bite","Bite","Self Repair","Chill","Core Surge","Secret Technique+1","Hologram","Fission+1","Hologram+1","Skim+1","Gash+1","Gash+1","Leap+1","Madness","Madness","Defragment+1","Defragment","Decay","Blind+1","Panache","Cold Snap","Coolheaded+1"],"relics":["Cracked Core","War Paint","Whetstone","Anchor","Cursed Key","Red Mask","Symbiotic Virus","Orrery","Tiny Chest","Toxic Egg 2","Oddly Smooth Stone"],"potions_floor_usage":[7,16,16,20,41,50],"damage_taken":[{"damage":1,"enemies":"Cultist","floor":1,"turns":3},{"damage":5,"enemies":"Jaw Worm","floor":2,"turns":6},{"damage":3,"enemies":"2 Louse","floor":3,"turns":2},{"damage":23,"enemies":"Exordium Wildlife","floor":4,"turns":7},{"damage":16,"enemies":"Looter","floor":5,"turns":3},{"damage":6,"enemies":"3 Sentries","floor":7,"turns":10},{"damage":8,"enemies":"3 Louse","floor":11,"turns":5},{"damage":6,"enemies":"Lots of Slimes","floor":12,"turns":2},{"damage":3,"enemies":"The Guardian","floor":16,"turns":8},{"damage":0,"enemies":"3 Byrds","floor":18,"turns":6},{"damage":13,"enemies":"Spheric Guardian","floor":19,"turns":5},{"damage":62,"enemies":"Masked Bandits","floor":20,"turns":6},{"damage":0,"enemies":"Snecko","floor":21,"turns":6},{"damage":1,"enemies":"Chosen and Byrds","floor":27,"turns":4},{"damage":5,"enemies":"3 Cultists","floor":29,"turns":6},{"damage":14,"enemies":"Collector","floor":33,"turns":14},{"damage":2,"enemies":"Orb Walker","floor":35,"turns":5},{"damage":36,"enemies":"Nemesis","floor":41,"turns":10},{"damage":0,"enemies":"3 Darklings","floor":47,"turns":6},{"damage":0,"enemies":"Maw","floor":48,"turns":10},{"damage":19,"enemies":"Awakened One","floor":50,"turns":18}],"seed_played":"6033076935421349465","potions_obtained":[{"floor":1,"key":"SkillPotion"},{"floor":3,"key":"FearPotion"},{"floor":11,"key":"Fire Potion"},{"floor":12,"key":"FocusPotion"},{"floor":20,"key":"FairyPotion"},{"floor":33,"key":"Block Potion"},{"floor":47,"key":"Swift Potion"}],"is_trial":false,"path_per_floor":["M","M","M","M","M","R","E","R","T","R","M","M","$","?","R","B",null,"M","M","?","M","?","R","?","R","T","M","?","M","?","$","R","B",null,"M","T","?","?","$","R","E","$","T","$","R","?","M","M","R","B",null],"character_chosen":"DEFECT","items_purchased":["Self Repair","Conserve Battery","Secret Technique","Hologram","Defragment","Swift Potion"],"campfire_rested":3,"item_purchase_floors":[13,13,31,31,39,42],"current_hp_per_floor":[74,69,66,43,27,49,43,43,43,43,35,29,29,17,39,43,67,74,68,13,20,20,35,35,35,35,52,47,52,52,52,52,52,52,52,52,45,45,45,45,41,41,41,41,41,36,52,52,52,52],"gold":77,"neow_bonus":"TRANSFORM_TWO_CARDS","is_prod":false,"is_daily":false,"chose_seed":false,"campfire_upgraded":7,"win_rate":0,"timestamp":1565366775,"path_taken":["M","M","M","M","M","R","E","R","T","R","M","M","?","?","R","BOSS","M","M","?","M","?","R","?","R","T","M","?","?","?","$","R","BOSS","M","?","?","?","$","R","E","?","T","$","R","?","?","M","R","BOSS"],"build_version":"2019-07-17","purchased_purges":2,"victory":true,"max_hp_per_floor":[75,75,75,75,75,75,75,75,75,75,75,75,75,75,75,75,75,75,75,75,75,52,52,52,52,52,52,52,52,52,52,52,52,52,52,52,52,52,52,52,52,52,52,52,52,52,52,52,52,52],"card_choices":[{"not_picked":["Lockon","Genetic Algorithm"],"picked":"Defragment","floor":1},{"not_picked":["Consume","Beam Cell"],"picked":"Cold Snap","floor":2},{"not_picked":["Tempest","Redo"],"picked":"Capacitor","floor":3},{"not_picked":["Steam Power","Tempest"],"picked":"Coolheaded","floor":4},{"not_picked":["Sweeping Beam","Reprogram"],"picked":"Genetic Algorithm","floor":5},{"not_picked":["Stack","Steam"],"picked":"Barrage","floor":7},{"not_picked":["Recycle","Rainbow"],"picked":"Reinforced Body","floor":11},{"not_picked":["Static Discharge","Lockon"],"picked":"Defragment","floor":12},{"not_picked":["Amplify","Reboot"],"picked":"Machine Learning","floor":16},{"not_picked":["Streamline","Barrage","Scrape"],"picked":"SKIP","floor":18},{"not_picked":["Darkness","White Noise"],"picked":"Blizzard+1","floor":19},{"not_picked":["BootSequence+1","Turbo"],"picked":"Conserve Battery+1","floor":20},{"not_picked":["Barrage","Hologram","Coolheaded"],"picked":"SKIP","floor":21},{"not_picked":["Tempest","Conserve Battery+1"],"picked":"Chill","floor":27},{"not_picked":["Cold Snap+1","Go for the Eyes"],"picked":"Core Surge","floor":29},{"not_picked":["Electrodynamics","Multi-Cast"],"picked":"Fission","floor":33},{"not_picked":["Streamline","Hyperbeam"],"picked":"Hologram+1","floor":34},{"not_picked":["Turbo+1","Leap"],"picked":"Skim+1","floor":34},{"not_picked":["Streamline","Rebound+1"],"picked":"Gash+1","floor":34},{"not_picked":["Streamline","Darkness"],"picked":"Gash+1","floor":34},{"not_picked":["Compile Driver","Rip and Tear+1"],"picked":"Leap+1","floor":35},{"not_picked":["White Noise+1","Streamline"],"picked":"Defragment","floor":41},{"not_picked":["The Bomb+1","Thinking Ahead+1"],"picked":"Blind+1","floor":46},{"not_picked":["Enlightenment+1","PanicButton+1"],"picked":"Panache","floor":46},{"not_picked":["Auto Shields+1","Conserve Battery+1"],"picked":"Cold Snap","floor":47},{"not_picked":["Go for the Eyes+1","Redo+1"],"picked":"Coolheaded+1","floor":48}],"player_experience":652615,"relics_obtained":[{"floor":7,"key":"War Paint"},{"floor":9,"key":"Whetstone"},{"floor":20,"key":"Red Mask"},{"floor":26,"key":"Symbiotic Virus"},{"floor":36,"key":"Tiny Chest"},{"floor":41,"key":"Toxic Egg 2"},{"floor":43,"key":"Oddly Smooth Stone"}],"event_choices":[{"damage_healed":0,"gold_gain":0,"player_choice":"Success","damage_taken":12,"relics_obtained":["Anchor"],"max_hp_gain":0,"max_hp_loss":0,"event_name":"Scrap Ooze","floor":14,"gold_loss":0},{"damage_healed":0,"gold_gain":0,"player_choice":"Fought Bandits","damage_taken":0,"max_hp_gain":0,"max_hp_loss":0,"event_name":"Masked Bandits","floor":20,"gold_loss":0},{"damage_healed":0,"gold_gain":0,"player_choice":"Became a vampire","damage_taken":0,"max_hp_gain":0,"max_hp_loss":23,"event_name":"Vampires","floor":22,"gold_loss":0,"cards_obtained":["Bite","Bite","Bite","Bite","Bite"]},{"damage_healed":0,"gold_gain":0,"player_choice":"Read","damage_taken":0,"max_hp_gain":0,"max_hp_loss":0,"event_name":"The Library","floor":24,"gold_loss":0,"cards_obtained":["Self Repair"]},{"damage_healed":0,"gold_gain":0,"player_choice":"Damaged","damage_taken":5,"max_hp_gain":0,"max_hp_loss":0,"event_name":"Wheel of Change","floor":28,"gold_loss":0},{"cards_removed":["Shame"],"damage_healed":0,"gold_gain":0,"player_choice":"Purged","damage_taken":0,"max_hp_gain":0,"max_hp_loss":0,"event_name":"Purifier","floor":30,"gold_loss":0},{"damage_healed":0,"gold_gain":0,"player_choice":"Embrace Madness","damage_taken":7,"max_hp_gain":0,"max_hp_loss":0,"event_name":"Winding Halls","floor":37,"gold_loss":0,"cards_obtained":["Madness","Madness"]},{"damage_healed":0,"gold_gain":0,"player_choice":"Ignored","damage_taken":0,"max_hp_gain":0,"max_hp_loss":0,"event_name":"Mysterious Sphere","floor":38,"gold_loss":0},{"damage_healed":0,"gold_gain":0,"player_choice":"Memory 2","damage_taken":5,"max_hp_gain":0,"max_hp_loss":0,"event_name":"SensoryStone","floor":46,"gold_loss":0}],"is_beta":false,"boss_relics":[{"not_picked":["Tiny House","Busted Crown"],"picked":"Cursed Key"},{"not_picked":["Empty Cage","Calling Bell"],"picked":"Orrery"}],"items_purged_floors":[31,39],"is_endless":false,"potions_floor_spawned":[1,3,11,12,20,33,47],"ascension_level":5}