{"gold_per_floor":[114,114,129,304,304,339,339,216,239,34,34,54,65,98,98,200,200,214,214,129,143,53,53,79,79,79,79,94,107,7,39,39,143,143,160,1159,550,598,613,613,628,628,628,68,81,91,91,91,91,91],"floor_reached":51,"playtime":3962,"items_purged":["Doubt","Strike_R","Strike_R","Defend_R"],"score":785,"play_id":"149d6f54-fc00-4f00-8694-2b25bf41c66c","local_time":"20190704041301","is_ascension_mode":true,"campfire_choices":[{"data":"Armaments","floor":7,"key":"SMITH"},{"data":"Armaments","floor":11,"key":"SMITH"},{"data":"Entrench","floor":15,"key":"SMITH"},{"floor":23,"key":"REST"},{"data":"Strike_R","floor":25,"key":"PURGE"},{"data":"Defend_R","floor":27,"key":"PURGE"},{"floor":32,"key":"REST"},{"data":"Normality","floor":40,"key":"PURGE"},{"data":"Normality","floor":42,"key":"PURGE"},{"data":"Strike_R","floor":47,"key":"PURGE"},{"floor":49,"key":"REST"}],"neow_cost":"NONE","seed_source_timestamp":228887540008700,"circlet_count":0,"master_deck":["Strike_R+1","Defend_R+1","Bash","Armaments+1","Thunderclap","Second Wind","Armaments+1","Headbutt","Inflame","Entrench+1","Offering","Thunderclap","Metallicize","Flex","Inflame","Spot Weakness","Metallicize+1","Ghostly Armor","Double Tap","Impervious","Whirlwind+1","Limit Break","Shrug It Off","Body Slam+1","Shrug It Off","Shrug It Off","Clothesline+1","Evolve+1"],"relics":["Black Blood","NeowsBlessing","Meat on the Bone","Orichalcum","Blood Vial","ClockworkSouvenir","Red Skull","Fusion Hammer","Peace Pipe","Turnip","Molten Egg 2","Frozen Egg 2","Ginger","Thread and Needle","Lantern","Blue Candle"],"potions_floor_usage":[14,16,24,31,33,45,46,50,50],"damage_taken":[{"damage":0,"enemies":"Jaw Worm","floor":1,"turns":1},{"damage":0,"enemies":"Small Slimes","floor":3,"turns":1},{"damage":0,"enemies":"3 Sentries","floor":6,"turns":2},{"damage":1,"enemies":"Cultist","floor":12,"turns":3},{"damage":7,"enemies":"Red Slaver","floor":13,"turns":6},{"damage":4,"enemies":"Gremlin Nob","floor":14,"turns":4},{"damage":24,"enemies":"The Guardian","floor":16,"turns":12},{"damage":6,"enemies":"3 Byrds","floor":18,"turns":6},{"damage":35,"enemies":"2 Thieves","floor":21,"turns":4},{"damage":17,"enemies":"Gremlin Leader","floor":24,"turns":5},{"damage":21,"enemies":"Sentry and Sphere","floor":28,"turns":5},{"damage":21,"enemies":"3 Cultists","floor":29,"turns":4},{"damage":18,"enemies":"Book of Stabbing","floor":31,"turns":4},{"damage":28,"enemies":"Collector","floor":33,"turns":10},{"damage":12,"enemies":"Orb Walker","floor":35,"turns":4},{"damage":16,"enemies":"2 Orb Walkers","floor":38,"turns":3},{"damage":33,"enemies":"3 Shapes","floor":39,"turns":5},{"damage":16,"enemies":"Jaw Worm Horde","floor":41,"turns":4},{"damage":37,"enemies":"Writhing Mass","floor":45,"turns":6},{"damage":39,"enemies":"Maw","floor":46,"turns":8},{"damage":73,"enemies":"Time Eater","floor":50,"turns":12}],"seed_played":"4853186828575234107","potions_obtained":[{"floor":3,"key":"Swift Potion"},{"floor":12,"key":"Energy Potion"},{"floor":13,"key":"EssenceOfSteel"},{"floor":14,"key":"Ancient Potion"},{"floor":24,"key":"LiquidBronze"},{"floor":28,"key":"Regen Potion"},{"floor":33,"key":"SteroidPotion"},{"floor":35,"key":"EssenceOfSteel"},{"floor":39,"key":"Weak Potion"},{"floor":41,"key":"Energy Potion"},{"floor":45,"key":"Regen Potion"},{"floor":46,"key":"FearPotion"}],"is_trial":false,"path_per_floor":["M","?","M","?","T","E","R","$","T","$","R","M","M","E","R","B",null,"M","?","?","M","$","R","E","R","T","R","M","M","$","E","R","B",null,"M","?","$","?","M","R","M","R","T","$","M","M","R","?","R","B",null],"character_chosen":"IRONCLAD","items_purchased":["Armaments","ClockworkSouvenir","Flex","Inflame","Limit Break","Shrug It Off","Body Slam+1","Ginger","Lantern","Blue Candle"],"campfire_rested":3,"item_purchase_floors":[8,10,22,22,37,37,37,37,44,44],"current_hp_per_floor":[80,64,70,70,70,76,76,76,76,76,76,80,79,80,80,62,80,80,80,80,51,51,75,66,66,66,66,53,52,52,54,78,58,80,78,78,78,74,53,53,61,61,61,61,48,48,48,48,72,23],"gold":91,"neow_bonus":"THREE_ENEMY_KILL","is_prod":false,"is_daily":false,"chose_seed":false,"campfire_upgraded":3,"win_rate":0,"timestamp":1562181181,"path_taken":["M","?","M","?","?","E","R","$","T","$","R","M","?","E","R","BOSS","M","?","?","?","?","R","E","R","T","R","M","M","$","E","R","BOSS","M","?","$","?","M","R","M","R","T","$","M","M","R","?","R","BOSS"],"build_version":"2019-07-01","purchased_purges":4,"victory":true,"max_hp_per_floor":[80,80,80,80,80,80,80,80,80,80,80,80,80,80,80,80,80,80,80,80,80,80,80,80,80,80,80,80,80,80,80,80,80,80,80,80,80,80,80,80,80,80,80,80,80,80,80,80,80,80],"card_choices":[{"not_picked":["Cleave","Wild Strike"],"picked":"Armaments","floor":1},{"not_picked":["Wild Strike","Clash"],"picked":"Thunderclap","floor":3},{"not_picked":["Twin Strike","Perfected Strike"],"picked":"Second Wind","floor":6},{"not_picked":["Searing Blow","Thunderclap"],"picked":"Headbutt","floor":12},{"not_picked":["Perfected Strike","Twin Strike"],"picked":"Inflame","floor":13},{"not_picked":["Demon Form","Shrug It Off"],"picked":"Entrench","floor":14},{"not_picked":["Demon Form","Bludgeon"],"picked":"Offering","floor":16},{"not_picked":["Havoc","Corruption"],"picked":"Thunderclap","floor":18},{"not_picked":["Cleave+1","Clash"],"picked":"Metallicize","floor":21},{"not_picked":["Sever Soul","Twin Strike"],"picked":"Spot Weakness","floor":24},{"not_picked":["Entrench+1","Blood for Blood+1"],"picked":"Metallicize+1","floor":28},{"not_picked":["Twin Strike+1","Armaments"],"picked":"Ghostly Armor","floor":29},{"not_picked":["Second Wind","Flex"],"picked":"Double Tap","floor":31},{"not_picked":["Double Tap","Brutality+1"],"picked":"Impervious","floor":33},{"not_picked":["Cleave+1","Anger+1"],"picked":"Whirlwind+1","floor":35},{"not_picked":["Carnage+1","True Grit"],"picked":"Shrug It Off","floor":38},{"not_picked":["Warcry","Perfected Strike+1","Dropkick+1"],"picked":"SKIP","floor":39},{"not_picked":["Ghostly Armor+1","Evolve+1"],"picked":"Shrug It Off","floor":41},{"not_picked":["Headbutt+1","Anger+1"],"picked":"Clothesline+1","floor":45},{"not_picked":["Warcry","Havoc+1"],"picked":"Evolve+1","floor":46}],"player_experience":183967,"relics_obtained":[{"floor":5,"key":"Meat on the Bone"},{"floor":6,"key":"Orichalcum"},{"floor":9,"key":"Blood Vial"},{"floor":14,"key":"Red Skull"},{"floor":24,"key":"Turnip"},{"floor":26,"key":"Molten Egg 2"},{"floor":31,"key":"Frozen Egg 2"},{"floor":38,"key":"Thread and Needle"}],"event_choices":[{"damage_healed":0,"gold_gain":0,"player_choice":"Entered Light","damage_taken":16,"max_hp_gain":0,"max_hp_loss":0,"event_name":"Shining Light","floor":2,"gold_loss":0,"cards_upgraded":["Defend_R","Strike_R"]},{"damage_healed":0,"gold_gain":175,"player_choice":"AGREE","damage_taken":0,"max_hp_gain":0,"max_hp_loss":0,"event_name":"Liars Game","floor":4,"gold_loss":0,"cards_obtained":["Doubt"]},{"damage_healed":0,"gold_gain":0,"player_choice":"Ignored","damage_taken":0,"max_hp_gain":0,"max_hp_loss":0,"event_name":"Ghosts","floor":19,"gold_loss":0},{"damage_healed":0,"gold_gain":0,"player_choice":"Obtained Relic","damage_taken":0,"relics_obtained":["Peace Pipe"],"max_hp_gain":0,"max_hp_loss":0,"event_name":"Addict","floor":20,"gold_loss":85},{"damage_healed":0,"gold_gain":999,"player_choice":"Gold","damage_taken":0,"max_hp_gain":0,"max_hp_loss":0,"event_name":"MindBloom","floor":36,"gold_loss":0,"cards_obtained":["Normality","Normality"]},{"damage_healed":0,"gold_gain":0,"player_choice":"Fight","damage_taken":0,"max_hp_gain":0,"max_hp_loss":0,"event_name":"Mysterious Sphere","floor":38,"gold_loss":0},{"cards_removed":["Defend_R"],"damage_healed":0,"gold_gain":0,"player_choice":"Removed Skill","damage_taken":0,"max_hp_gain":0,"max_hp_loss":0,"event_name":"Falling","floor":48,"gold_loss":0}],"is_beta":false,"boss_relics":[{"not_picked":["Empty Cage","Tiny House"],"picked":"Fusion Hammer"},{"not_picked":["Lizard Tail","Coffee Dripper"],"picked":"Black Blood"}],"items_purged_floors":[8,30,37,44],"is_endless":false,"potions_floor_spawned":[3,12,13,14,24,28,33,35,39,41,45,46],"ascension_level":2}