{"gold_per_floor":[114,131,131,131,143,177,241,260,260,335,37,37,47,63,63,165,165,181,197,208,226,226,255,266,266,266,281,281,292,292,306,306,402,402,412,428,115,127,127,152,171,171,171,271,297,297,297,51,51,51,51,51,0,25,25],"floor_reached":56,"playtime":4537,"items_purged":["Clumsy","Pain"],"score":1261,"play_id":"13775486-8ebe-4dcf-838c-43934c4ab6c5","local_time":"20181204014100","is_ascension_mode":false,"campfire_choices":[{"floor":12.0,"key":"REST"},{"floor":15.0,"key":"DIG"},{"floor":25.0,"key":"DIG"},{"floor":30.0,"key":"DIG"},{"floor":32.0,"key":"DIG"},{"floor":42.0,"key":"RECALL"},{"floor":46.0,"key":"DIG"},{"data":"Buffer","floor":49.0,"key":"SMITH"},{"data":"Zap","floor":52,"key":"SMITH"}],"neow_cost":"NONE","seed_source_timestamp":55537381395500,"circlet_count":0,"master_deck":["Strike_B+1","Defend_B","Defend_B","Defend_B","Zap+1","Dualcast","Melter+1","Turbo","Auto Shields","Leap","Reinforced Body","White Noise","Electrodynamics","Hologram","Creative AI","Conserve Battery+1","Coolheaded","Consume+1","White Noise","Defragment","White Noise","Stack","Aggregate","Buffer+1","Self Repair+1","Compile Driver+1","BootSequence+1","Static Discharge","Ball Lightning+1","Defragment","Steam+1","Fusion+1","Leap+1","Steam+1","Steam Power+1","Injury","Coolheaded"],"special_seed":0,"relics":["Cracked Core","DataDisk","Bird Faced Urn","Mummified Hand","StoneCalendar","Shovel","Bag of Marbles","Cursed Key","Bottled Lightning","Ginger","Cables","Art of War","Shuriken","Astrolabe","MawBank","Pen Nib","Thread and Needle","Bottled Flame","Potion Belt","Regal Pillow","Ancient Tea Set","Whetstone"],"potions_floor_usage":[54,54,55,55],"damage_taken":[{"damage":1.0,"enemies":"Cultist","floor":1.0,"turns":3.0},{"damage":0.0,"enemies":"Small Slimes","floor":2.0,"turns":2.0},{"damage":0.0,"enemies":"2 Louse","floor":5.0,"turns":2.0},{"damage":31.0,"enemies":"3 Sentries","floor":6.0,"turns":8.0},{"damage":17.0,"enemies":"3 Sentries","floor":7.0,"turns":9.0},{"damage":5.0,"enemies":"Looter","floor":8.0,"turns":3.0},{"damage":2.0,"enemies":"Exordium Thugs","floor":13.0,"turns":5.0},{"damage":7.0,"enemies":"2 Fungi Beasts","floor":14.0,"turns":3.0},{"damage":0.0,"enemies":"Hexaghost","floor":16.0,"turns":8.0},{"damage":3.0,"enemies":"3 Byrds","floor":18.0,"turns":3.0},{"damage":7.0,"enemies":"Shell Parasite","floor":19.0,"turns":4.0},{"damage":4.0,"enemies":"Centurion and Healer","floor":20.0,"turns":7.0},{"damage":0.0,"enemies":"Snecko","floor":21.0,"turns":5.0},{"damage":13.0,"enemies":"Slavers","floor":23.0,"turns":4.0},{"damage":10.0,"enemies":"Snake Plant","floor":24.0,"turns":4.0},{"damage":0.0,"enemies":"Sentry and Sphere","floor":27.0,"turns":3.0},{"damage":2.0,"enemies":"3 Cultists","floor":29.0,"turns":3.0},{"damage":0.0,"enemies":"Centurion and Healer","floor":31.0,"turns":3.0},{"damage":34.0,"enemies":"Collector","floor":33.0,"turns":7.0},{"damage":7.0,"enemies":"3 Shapes","floor":35.0,"turns":4.0},{"damage":0.0,"enemies":"3 Darklings","floor":36.0,"turns":6.0},{"damage":0.0,"enemies":"Spire Growth","floor":38.0,"turns":4.0},{"damage":15.0,"enemies":"Giant Head","floor":40.0,"turns":8.0},{"damage":6.0,"enemies":"Jaw Worm Horde","floor":41.0,"turns":2.0},{"damage":7.0,"enemies":"Mind Bloom Boss Battle","floor":44.0,"turns":7.0},{"damage":48.0,"enemies":"Nemesis","floor":45.0,"turns":7.0},{"damage":36.0,"enemies":"Awakened One","floor":50.0,"turns":15.0},{"damage":3,"enemies":"Shield and Spear","floor":54,"turns":7},{"damage":84,"enemies":"The Heart","floor":55,"turns":8}],"seed_played":"-2419004116303129133","potions_obtained":[{"floor":1.0,"key":"Regen Potion"},{"floor":5.0,"key":"Block Potion"},{"floor":6.0,"key":"Ancient Potion"},{"floor":13.0,"key":"Explosive Potion"},{"floor":14.0,"key":"Strength Potion"},{"floor":16.0,"key":"SpeedPotion"},{"floor":19.0,"key":"Ancient Potion"},{"floor":20.0,"key":"EntropicBrew"},{"floor":23.0,"key":"Poison Potion"},{"floor":24.0,"key":"SpeedPotion"},{"floor":31.0,"key":"Regen Potion"},{"floor":33.0,"key":"FearPotion"},{"floor":38.0,"key":"FocusPotion"},{"floor":40.0,"key":"Dexterity Potion"},{"floor":54,"key":"Poison Potion"}],"is_trial":false,"path_per_floor":["M","M","$","?","M","E","?","M","T","?","$","R","M","M","R","B",null,"M","M","M","M","?","E","M","R","T","M","?","M","R","M","R","B",null,"M","M","$","M","?","E","M","R","T","?","E","R","T","$","R","B",null,"R","$","E","B",null],"character_chosen":"DEFECT","items_purchased":["Shovel","MawBank","Defragment","Ancient Tea Set","Swift Potion"],"campfire_rested":1,"item_purchase_floors":[11,37,37,48,53],"current_hp_per_floor":[74,74,74,74,74,58,41,36,36,29,29,51,51,46,46,50,75,75,72,75,75,61,54,50,50,50,56,80,78,78,80,80,80,80,80,80,80,80,80,80,80,80,80,80,67,67,67,67,67,78,80,80,80,80,30],"gold":25,"neow_bonus":"RANDOM_COMMON_RELIC","is_prod":false,"is_daily":false,"chose_seed":false,"campfire_upgraded":2,"win_rate":0,"timestamp":1543855260,"path_taken":["M","M","?","?","M","E","?","M","T","?","$","R","M","M","R","BOSS","M","M","M","M","?","E","M","R","T","M","?","M","R","M","R","BOSS","M","M","$","M","?","E","M","R","T","?","E","R","?","?","R","BOSS","R","$","E","BOSS"],"build_version":"2018-11-15","purchased_purges":2,"victory":true,"max_hp_per_floor":[75,75,75,75,75,75,75,75,75,75,75,75,75,75,75,75,75,75,75,75,75,80,80,80,80,80,80,80,80,80,80,80,80,80,80,80,80,80,80,80,80,80,80,80,80,80,80,80,80,80,80,80,80,80,80],"card_choices":[{"not_picked":["Beam Cell","Coolheaded"],"picked":"Melter","floor":1.0},{"not_picked":["Sweeping Beam","Coolheaded"],"picked":"Turbo","floor":2.0},{"not_picked":["Static Discharge","Compile Driver"],"picked":"Auto Shields","floor":5.0},{"not_picked":["Ball Lightning","Hyperbeam"],"picked":"Leap","floor":6.0},{"not_picked":["Cold Snap","Barrage"],"picked":"Reinforced Body","floor":7.0},{"not_picked":["Turbo","Ball Lightning"],"picked":"White Noise","floor":8.0},{"not_picked":["Cold Snap","Double Energy"],"picked":"Electrodynamics","floor":13.0},{"not_picked":["Doom and Gloom","Streamline"],"picked":"Hologram","floor":14.0},{"not_picked":["Electrodynamics","Rainbow"],"picked":"Creative AI","floor":16.0},{"not_picked":["Barrage","Gash+1"],"picked":"Conserve Battery+1","floor":18.0},{"not_picked":["Conserve Battery","Sweeping Beam"],"picked":"Coolheaded","floor":19.0},{"not_picked":["Reprogram","Steam"],"picked":"Consume+1","floor":20.0},{"not_picked":["Steam","Go for the Eyes"],"picked":"White Noise","floor":21.0},{"not_picked":["Rebound","Rip and Tear","Cold Snap+1"],"picked":"SKIP","floor":23.0},{"not_picked":["Force Field","Electrodynamics"],"picked":"Defragment","floor":24.0},{"not_picked":["Steam+1","Streamline+1"],"picked":"White Noise","floor":27.0},{"not_picked":["Lockon","Recycle"],"picked":"Stack","floor":29.0},{"not_picked":["BootSequence+1","Chill"],"picked":"Aggregate","floor":31.0},{"not_picked":["Fission","Thunder Strike"],"picked":"Buffer","floor":33.0},{"not_picked":["Compile Driver","Cold Snap"],"picked":"Static Discharge","floor":35.0},{"not_picked":["Aggregate","Barrage+1"],"picked":"Ball Lightning+1","floor":36.0},{"not_picked":["Barrage","Compile Driver+1"],"picked":"Steam+1","floor":38.0},{"not_picked":["Redo","Turbo"],"picked":"Fusion+1","floor":40.0},{"not_picked":["Aggregate+1","Auto Shields+1"],"picked":"Leap+1","floor":41.0},{"not_picked":["Rebound","Streamline+1"],"picked":"Steam+1","floor":44.0},{"not_picked":["Gash","Auto Shields+1"],"picked":"Steam Power+1","floor":45.0},{"not_picked":["Turbo+1","Darkness+1"],"picked":"Coolheaded","floor":54}],"player_experience":607372,"relics_obtained":[{"floor":6.0,"key":"Bird Faced Urn"},{"floor":7.0,"key":"Mummified Hand"},{"floor":9.0,"key":"StoneCalendar"},{"floor":15.0,"key":"Bag of Marbles"},{"floor":23.0,"key":"Bottled Lightning"},{"floor":25.0,"key":"Ginger"},{"floor":26.0,"key":"Cables"},{"floor":30.0,"key":"Art of War"},{"floor":32.0,"key":"Shuriken"},{"floor":40.0,"key":"Pen Nib"},{"floor":44.0,"key":"Thread and Needle"},{"floor":45.0,"key":"Bottled Flame"},{"floor":46.0,"key":"Potion Belt"},{"floor":47.0,"key":"Regal Pillow"},{"floor":54,"key":"Whetstone"}],"event_choices":[{"damage_healed":0.0,"max_hp_gain":0.0,"max_hp_loss":0.0,"gold_gain":0.0,"event_name":"Liars Game","player_choice":"Ignored","floor":4.0,"gold_loss":0.0,"damage_taken":0.0},{"damage_healed":0.0,"max_hp_gain":0.0,"max_hp_loss":0.0,"gold_gain":0.0,"event_name":"Dead Adventurer","player_choice":"Searched \u00271\u0027 times","floor":7.0,"gold_loss":0.0,"damage_taken":0.0},{"damage_healed":0.0,"max_hp_gain":0.0,"max_hp_loss":0.0,"gold_gain":75.0,"event_name":"FaceTrader","player_choice":"Touch","floor":10.0,"gold_loss":0.0,"damage_taken":7.0},{"damage_healed":0.0,"max_hp_gain":5.0,"max_hp_loss":0.0,"gold_gain":0.0,"event_name":"Forgotten Altar","player_choice":"Shed Blood","floor":22.0,"gold_loss":0.0,"damage_taken":19.0},{"damage_healed":26.0,"max_hp_gain":0.0,"max_hp_loss":0.0,"gold_gain":0.0,"event_name":"The Library","player_choice":"Heal","floor":28.0,"gold_loss":0.0,"damage_taken":0.0},{"cards_removed":["Strike_B"],"damage_healed":0.0,"max_hp_gain":0.0,"max_hp_loss":0.0,"gold_gain":0.0,"event_name":"Falling","player_choice":"Removed Attack","floor":39.0,"gold_loss":0.0,"damage_taken":0.0},{"damage_healed":0.0,"max_hp_gain":0.0,"max_hp_loss":0.0,"gold_gain":0.0,"event_name":"MindBloom","player_choice":"Fight","floor":44.0,"gold_loss":0.0,"damage_taken":0.0}],"is_beta":false,"boss_relics":[{"not_picked":["Velvet Choker","Tiny House"],"picked":"Cursed Key"},{"not_picked":["Snecko Eye","Sozu"],"picked":"Astrolabe"}],"items_purged_floors":[37,48],"is_endless":false,"potions_floor_spawned":[1,5,6,13,14,16,19,20,23,24,31,33,38,40,44,54],"ascension_level":0}