{"gold_per_floor":[117,117,292,292,311,638,638,278,278,86,105,105,122,122,122,218,218,232,249,149,160,1,1,18,35,35,35,64,81,81,101,101,196,196,210,210,10,30,50,50,0,0,24,24,38,38,64,64,64,64],"floor_reached":51,"playtime":1006,"items_purged":["Pain","Doubt","Strike_R"],"score":820,"play_id":"1ba1a70f-9c4d-4f73-b1a5-7f546533b993","local_time":"20190806005240","is_ascension_mode":false,"campfire_choices":[{"data":"Flame Barrier","floor":7.0,"key":"SMITH"},{"data":"Inflame","floor":12.0,"key":"SMITH"},{"data":"Flex","floor":15,"key":"SMITH"},{"data":"Whirlwind","floor":23,"key":"SMITH"},{"data":"Limit Break","floor":30,"key":"SMITH"},{"data":"Disarm","floor":32,"key":"SMITH"},{"data":"Heavy Blade","floor":40,"key":"SMITH"},{"data":"Pummel","floor":42,"key":"SMITH"},{"data":"Whirlwind","floor":49,"key":"SMITH"}],"neow_cost":"NONE","seed_source_timestamp":9631286478105,"circlet_count":0,"master_deck":["Strike_R","Strike_R","Strike_R","Strike_R","Defend_R+1","Defend_R","Defend_R","Defend_R+1","Bash+1","Cleave","Thunderclap","Flame Barrier+1","Flex+1","Inflame+1","Disarm+1","Good Instincts","Thunderclap","Fiend Fire","Feed","Pummel+1","Clothesline+1","Cleave+1","Whirlwind+1","Pommel Strike+1","Havoc+1","Limit Break+1","Double Tap+1","Heavy Blade+1","Limit Break+1","Pommel Strike+1","Regret","Whirlwind+1","Panache","Finesse","Discovery"],"special_seed":0,"relics":["Burning Blood","Pen Nib","WarpedTongs","Old Coin","Meat on the Bone","Brimstone","Velvet Choker","Paper Frog","Bag of Marbles","Cursed Key","DollysMirror","Red Mask","War Paint","Vajra"],"potions_floor_usage":[14,19,19,31,50,50],"damage_taken":[{"damage":1.0,"enemies":"Cultist","floor":1.0,"turns":3.0},{"damage":3.0,"enemies":"2 Louse","floor":5.0,"turns":2.0},{"damage":22.0,"enemies":"Lagavulin","floor":6.0,"turns":7.0},{"damage":12.0,"enemies":"Small Slimes","floor":11.0,"turns":3.0},{"damage":12,"enemies":"Exordium Wildlife","floor":13,"turns":2},{"damage":40,"enemies":"Hexaghost","floor":16,"turns":7},{"damage":12,"enemies":"Shell Parasite","floor":18,"turns":3},{"damage":11,"enemies":"3 Byrds","floor":19,"turns":4},{"damage":15,"enemies":"3 Cultists","floor":21,"turns":4},{"damage":9,"enemies":"Snake Plant","floor":24,"turns":3},{"damage":4,"enemies":"Snecko","floor":25,"turns":4},{"damage":25,"enemies":"Slavers","floor":28,"turns":2},{"damage":0,"enemies":"Cultist and Chosen","floor":29,"turns":3},{"damage":0,"enemies":"Sentry and Sphere","floor":31,"turns":2},{"damage":35,"enemies":"Champ","floor":33,"turns":5},{"damage":0,"enemies":"Orb Walker","floor":35,"turns":2},{"damage":0,"enemies":"3 Darklings","floor":38,"turns":1},{"damage":3,"enemies":"Sphere and 2 Shapes","floor":39,"turns":3},{"damage":12,"enemies":"4 Shapes","floor":45,"turns":2},{"damage":0,"enemies":"Nemesis","floor":47,"turns":1},{"damage":43,"enemies":"Donu and Deca","floor":50,"turns":3}],"seed_played":"-2961736602066509289","potions_obtained":[{"floor":5.0,"key":"SkillPotion"},{"floor":11.0,"key":"Strength Potion"},{"floor":14,"key":"Fruit Juice"},{"floor":14,"key":"GamblersBrew"},{"floor":14,"key":"SneckoOil"},{"floor":21,"key":"FairyPotion"},{"floor":28,"key":"Dexterity Potion"},{"floor":29,"key":"BloodPotion"},{"floor":31,"key":"Strength Potion"}],"is_trial":false,"path_per_floor":["M","?","?","?","M","E","R","$","T","$","M","R","M","?","R","B",null,"M","M","$","M","$","R","M","M","T","?","E","M","R","M","R","B",null,"M","?","$","M","M","R","?","R","T","?","M","$","E","?","R","B",null],"character_chosen":"IRONCLAD","items_purchased":["Flex","Inflame","Disarm","Good Instincts","Brimstone","Whirlwind","DollysMirror"],"campfire_rested":0,"item_purchase_floors":[8,8,8,8,10,22,37],"current_hp_per_floor":[80,77,77,77,80,64,64,64,64,64,58,58,52,57,57,35,85,79,77,77,68,68,68,65,70,70,52,45,63,63,93,93,64,96,96,96,96,96,96,96,96,96,96,91,89,89,99,89,89,64],"gold":64,"neow_bonus":"UPGRADE_CARD","is_prod":false,"is_daily":false,"chose_seed":false,"campfire_upgraded":9,"win_rate":0,"timestamp":1565074360,"path_taken":["M","?","?","?","M","E","R","$","T","$","M","R","?","?","R","BOSS","M","M","$","M","$","R","M","?","T","?","E","M","R","M","R","BOSS","M","?","$","M","?","R","?","R","T","?","?","?","E","?","R","BOSS"],"build_version":"2019-07-17","purchased_purges":3,"victory":true,"max_hp_per_floor":[80,80,80,80,80,80,80,80,80,80,80,80,80,85,85,85,85,85,88,88,88,88,88,88,91,91,96,96,96,96,96,96,96,96,96,96,96,96,96,96,96,96,96,91,95,95,99,99,99,99],"card_choices":[{"not_picked":["Shrug It Off","Wild Strike"],"picked":"Cleave","floor":1.0},{"not_picked":["Shrug It Off","Cleave"],"picked":"Thunderclap","floor":5.0},{"not_picked":["Twin Strike","Hemokinesis"],"picked":"Flame Barrier","floor":6.0},{"not_picked":["Headbutt","Clothesline"],"picked":"Thunderclap","floor":11.0},{"not_picked":["Havoc","Shrug It Off"],"picked":"Fiend Fire","floor":13},{"not_picked":["Exhume","Offering"],"picked":"Feed","floor":16},{"not_picked":["Flex+1","Clash"],"picked":"Pummel","floor":18},{"not_picked":["Demon Form","Sever Soul"],"picked":"Clothesline+1","floor":19},{"not_picked":["True Grit","Fire Breathing"],"picked":"Cleave+1","floor":21},{"not_picked":["Flex","Clothesline"],"picked":"Pommel Strike+1","floor":24},{"not_picked":["Combust","Flex+1"],"picked":"Havoc+1","floor":25},{"not_picked":["Reckless Charge","Bloodletting"],"picked":"Limit Break","floor":28},{"not_picked":["Second Wind","Flex","Shockwave"],"picked":"SKIP","floor":29},{"not_picked":["Feel No Pain","Shrug It Off+1","Sword Boomerang"],"picked":"SKIP","floor":31},{"not_picked":["Dark Embrace","Barricade"],"picked":"Double Tap","floor":33},{"not_picked":["True Grit","Seeing Red"],"picked":"Heavy Blade","floor":35},{"not_picked":["Power Through","Anger","Blood for Blood+1"],"picked":"SKIP","floor":38},{"not_picked":["Wild Strike+1","Anger+1"],"picked":"Pommel Strike+1","floor":39},{"not_picked":["Sentinel","Sever Soul","Warcry"],"picked":"SKIP","floor":45},{"not_picked":["Shrug It Off+1","Iron Wave"],"picked":"Whirlwind","floor":47},{"not_picked":["Impatience","Swift Strike"],"picked":"Panache","floor":48},{"not_picked":["Thinking Ahead","Dark Shackles"],"picked":"Finesse","floor":48},{"not_picked":["Secret Weapon","Enlightenment"],"picked":"Discovery","floor":48}],"player_experience":1634995,"relics_obtained":[{"floor":6.0,"key":"Old Coin"},{"floor":9.0,"key":"Meat on the Bone"},{"floor":26,"key":"Paper Frog"},{"floor":28,"key":"Bag of Marbles"},{"floor":43,"key":"War Paint"},{"floor":47,"key":"Vajra"}],"event_choices":[{"damage_healed":0.0,"max_hp_gain":0.0,"max_hp_loss":0.0,"gold_gain":0.0,"event_name":"Scrap Ooze","player_choice":"Success","floor":2.0,"gold_loss":0.0,"damage_taken":3.0,"relics_obtained":["Pen Nib"]},{"damage_healed":0.0,"max_hp_gain":0.0,"max_hp_loss":0.0,"gold_gain":175.0,"event_name":"Liars Game","player_choice":"AGREE","floor":3.0,"gold_loss":0.0,"damage_taken":0.0,"cards_obtained":["Doubt"]},{"damage_healed":0.0,"max_hp_gain":0.0,"max_hp_loss":0.0,"gold_gain":0.0,"event_name":"Accursed Blacksmith","player_choice":"Rummage","floor":4.0,"gold_loss":0.0,"damage_taken":0.0,"relics_obtained":["WarpedTongs"],"cards_obtained":["Pain"]},{"damage_healed":0,"gold_gain":0,"player_choice":"Got Potions","damage_taken":0,"max_hp_gain":0,"max_hp_loss":0,"event_name":"Lab","floor":14,"gold_loss":0},{"damage_healed":0,"gold_gain":0,"player_choice":"Shed Blood","damage_taken":23,"max_hp_gain":5,"max_hp_loss":0,"event_name":"Forgotten Altar","floor":27,"gold_loss":0},{"damage_healed":0,"gold_gain":0,"player_choice":"Upgraded","damage_taken":0,"max_hp_gain":0,"max_hp_loss":0,"event_name":"Upgrade Shrine","floor":36,"gold_loss":0,"cards_upgraded":["Double Tap"]},{"damage_healed":0,"gold_gain":0,"player_choice":"Paid","damage_taken":0,"relics_obtained":["Red Mask"],"max_hp_gain":0,"max_hp_loss":0,"event_name":"Tomb of Lord Red Mask","floor":41,"gold_loss":50},{"damage_healed":0,"gold_gain":0,"player_choice":"Max HP","damage_taken":0,"max_hp_gain":0,"max_hp_loss":5,"event_name":"Winding Halls","floor":44,"gold_loss":0},{"damage_healed":0,"gold_gain":0,"player_choice":"Memory 3","damage_taken":10,"max_hp_gain":0,"max_hp_loss":0,"event_name":"SensoryStone","floor":48,"gold_loss":0}],"is_beta":false,"boss_relics":[{"not_picked":["Snecko Eye","Tiny House"],"picked":"Velvet Choker"},{"not_picked":["Runic Cube","Mark of Pain"],"picked":"Cursed Key"}],"items_purged_floors":[8,20,22],"is_endless":false,"potions_floor_spawned":[5,11,16,18,21,28,29,31,38,45],"ascension_level":0}