{"path_per_floor":["M","M","M","M","$","E","?","?","T","M","T","M","R","$","R","B",null,"M","$","?","T","M","E","R","M","T","M","E","M","?","M","R","B",null,"M","M","$","M","?","R","T","R","T","M","$","?","R","E","R","B"],"character_chosen":"IRONCLAD","items_purchased":["Clothesline","Reckless Charge","Apotheosis","Orichalcum","Battle Trance","Whetstone","Frozen Eye","Bottled Flame","Carnage","Offering"],"gold_per_floor":[114,429,444,459,332,362,438,491,541,556,611,626,626,287,287,387,387,402,174,174,199,214,244,244,259,259,274,304,319,319,334,334,434,434,449,464,76,91,108,108,158,158,158,173,44,44,44,74,74,74],"floor_reached":51,"campfire_rested":1,"playtime":2876,"current_hp_per_floor":[73,76,70,71,71,59,59,47,54,47,47,53,53,53,79,60,87,87,87,87,87,87,80,80,86,86,87,87,87,93,93,93,93,93,90,93,93,93,93,93,93,93,93,93,93,93,93,103,103,76],"items_purged":[],"gold":74,"score":967,"play_id":"20d16e34-6fb5-4e40-a19b-af090ef6a144","local_time":"20180430160234","daily_mods":["Allstar","Vintage","Hoarder"],"is_prod":false,"is_daily":true,"chose_seed":false,"is_ascension_mode":false,"campfire_upgraded":7,"timestamp":1525071754,"path_taken":["M","M","M","M","$","E","?","?","T","M","?","?","R","?","R","BOSS","M","$","?","?","M","E","R","M","T","M","E","M","?","M","R","BOSS","M","M","$","M","?","R","?","R","T","M","$","?","R","E","R","BOSS"],"build_version":"2018-04-26","seed_source_timestamp":0,"purchased_purges":0,"victory":true,"master_deck":["Strike_R+1","Strike_R+1","Strike_R+1","Strike_R+1","Strike_R+1","Defend_R+1","Defend_R+1","Defend_R+1","Defend_R+1","Bash","Secret Weapon+1","Secret Weapon","Secret Weapon","Master of Strategy","Master of Strategy","Master of Strategy","Blind","Blind","Blind","Blind","Blind+1","Blind","Transmutation+1","Transmutation+1","Transmutation+1","Clothesline","Clothesline+1","Clothesline","Reckless Charge","Reckless Charge","Reckless Charge","Rampage","Rampage","Rampage+1","Power Through","Power Through","Power Through","Perfected Strike","Perfected Strike","Perfected Strike","Pommel Strike","Pommel Strike","Pommel Strike","Apotheosis+1","Apotheosis","Apotheosis","Double Tap","Double Tap","Double Tap","Battle Trance","Battle Trance","Battle Trance","Flex","Flex","Flex","Clash+1","Clash+1","Clash+1","Corruption+1","Corruption","Corruption","Disarm","Disarm","Disarm","Writhe","Writhe","Writhe","Immolate","Immolate","Immolate","Carnage","Carnage","Carnage","Dropkick+1","Dropkick+1","Dropkick+1","Headbutt+1","Headbutt+1","Headbutt+1","Offering+1","Offering+1","Offering","Master of Strategy","Master of Strategy","Master of Strategy","Sever Soul","Sever Soul","Sever Soul"],"max_hp_per_floor":[80,80,80,80,80,80,80,80,87,87,87,87,87,87,87,87,87,87,87,87,87,87,87,87,87,87,87,87,87,93,93,93,93,93,93,93,93,93,93,93,93,93,93,93,93,93,93,103,103,103],"relics":["Burning Blood","Art of War","Old Coin","Dodecahedron","Darkstone Periapt","Vajra","Prayer Wheel","Strawberry","Ornamental Fan","Tiny Chest","Bag of Marbles","Orichalcum","Mercury Hourglass","Snecko Eye","Charon\u0027s Ashes","Whetstone","Pen Nib","Oddly Smooth Stone","Dream Catcher","The Courier","Letter Opener","War Paint","Torii","Paper Frog","Matryoshka","Happy Flower","Ancient Tea Set","Black Star","Bag of Preparation","Bronze Scales","Frozen Eye","Bottled Flame","Juzu Bracelet","Sundial","Smiling Mask","Anchor","Lantern","Omamori","Bottled Tornado","Pear","Toolbox"],"card_choices":[{"not_picked":["Searing Blow","Uppercut"],"picked":"Rampage","floor":6},{"not_picked":["Shrug It Off","Clash"],"picked":"Power Through","floor":8},{"not_picked":["Flex","Cleave"],"picked":"Perfected Strike","floor":9},{"not_picked":["Shrug It Off","Headbutt"],"picked":"Pommel Strike","floor":11},{"not_picked":["Bludgeon","Juggernaut"],"picked":"Double Tap","floor":16},{"not_picked":["Warcry","Uppercut"],"picked":"Flex","floor":21},{"not_picked":["Headbutt","Double Tap"],"picked":"Clash","floor":23},{"not_picked":["Carnage","Headbutt"],"picked":"Corruption","floor":26},{"not_picked":["True Grit","Clash"],"picked":"Disarm","floor":28},{"not_picked":["Impervious","Berserk"],"picked":"Immolate","floor":33},{"not_picked":["Corruption","Havoc"],"picked":"Dropkick","floor":41},{"not_picked":["Warcry","Flame Barrier"],"picked":"Headbutt","floor":43},{"not_picked":["Sadistic Nature","Secret Technique"],"picked":"Master of Strategy","floor":46},{"not_picked":["Body Slam","Carnage"],"picked":"Sever Soul","floor":48}],"player_experience":482525,"potions_floor_usage":[6,8,10,16,25,33,33,39,50,50],"damage_taken":[{"damage":13,"enemies":"Jaw Worm","floor":1,"turns":6},{"damage":3,"enemies":"Small Slimes","floor":2,"turns":6},{"damage":12,"enemies":"2 Louse","floor":3,"turns":3},{"damage":5,"enemies":"2 Fungi Beasts","floor":4,"turns":5},{"damage":18,"enemies":"3 Sentries","floor":6,"turns":8},{"damage":18,"enemies":"Lagavulin Event","floor":8,"turns":4},{"damage":13,"enemies":"Gremlin Gang","floor":10,"turns":3},{"damage":0,"enemies":"Blue Slaver","floor":12,"turns":2},{"damage":25,"enemies":"Hexaghost","floor":16,"turns":8},{"damage":0,"enemies":"Shell Parasite","floor":18,"turns":2},{"damage":0,"enemies":"3 Byrds","floor":22,"turns":3},{"damage":13,"enemies":"Slavers","floor":23,"turns":4},{"damage":9,"enemies":"Snake Plant","floor":25,"turns":4},{"damage":0,"enemies":"Cultist and Chosen","floor":27,"turns":5},{"damage":0,"enemies":"Book of Stabbing","floor":28,"turns":2},{"damage":0,"enemies":"Snecko","floor":29,"turns":2},{"damage":1,"enemies":"Slaver and Parasite","floor":31,"turns":2},{"damage":1,"enemies":"Collector","floor":33,"turns":5},{"damage":9,"enemies":"3 Darklings","floor":35,"turns":3},{"damage":0,"enemies":"3 Shapes","floor":36,"turns":2},{"damage":3,"enemies":"Sphere and 2 Shapes","floor":38,"turns":3},{"damage":3,"enemies":"ê_îÈÇÃãÖëÃ","floor":39,"turns":1},{"damage":5,"enemies":"4 Shapes","floor":44,"turns":3},{"damage":0,"enemies":"2 Orb Walkers","floor":48,"turns":1},{"damage":33,"enemies":"Donu and Deca","floor":50,"turns":4}],"event_choices":[{"event_name":"Golden Wing","player_choice":"Gained Gold","floor":7,"damage_taken":0},{"event_name":"Dead Adventurer","player_choice":"Searched \u00272\u0027 times","floor":8,"damage_taken":0},{"event_name":"Back to Basics","player_choice":"Simplicity","floor":20,"damage_taken":0},{"event_name":"The Mausoleum","player_choice":"Yes","floor":30,"damage_taken":0},{"event_name":"Mysterious Sphere","player_choice":"Fight","floor":39,"damage_taken":0},{"event_name":"SensoryStone","player_choice":"Memory 1","floor":46,"damage_taken":0}],"boss_relics":[{"not_picked":["Astrolabe","Philosopher\u0027s Stone"],"picked":"Snecko Eye"},{"not_picked":["Tiny House","Black Blood"],"picked":"Black Star"}],"potions_floor_spawned":[2,3,6,8,22,23,27,29,31,35,38,39],"seed_played":"459085969939576442","ascension_level":0,"is_trial":false}