{"gold_per_floor":[363,3,3,3,16,16,41,41,114,114,148,148,48,61,61,155,155,178,198,198,198,217,217,242,242,269,3,47,62,10,33,33,127,127,148,148,148,168,168,168,187,20,46,65,65,81,122,137,137,137],"floor_reached":51,"playtime":4287,"items_purged":["Regret","Strike_B"],"score":1144,"play_id":"0646401f-e486-426c-9cb6-e775fe2a131c","local_time":"20190814173229","is_ascension_mode":true,"campfire_choices":[{"data":"Apotheosis","floor":6,"key":"SMITH"},{"floor":10,"key":"REST"},{"data":"Machine Learning","floor":12,"key":"SMITH"},{"data":"Glacier","floor":15,"key":"SMITH"},{"floor":23,"key":"REST"},{"floor":25,"key":"REST"},{"floor":32,"key":"REST"},{"floor":40,"key":"REST"},{"floor":49,"key":"REST"}],"neow_cost":"CURSE","seed_source_timestamp":350455868810800,"circlet_count":0,"master_deck":["AscendersBane","Strike_B+1","Defend_B+1","Defend_B+1","Defend_B+1","Defend_B+1","Zap","Dualcast","Rip and Tear","Apotheosis+1","Capacitor","Reinforced Body","Glacier+1","Leap","Machine Learning+1","Redo","Echo Form","Redo","Necronomicurse","Hologram","Apotheosis+1","Defragment","Go for the Eyes","Seek","Heatsinks+1","FTL+1","Amplify+1","Gash","Bandage Up","Secret Weapon","Coolheaded","Gash+1","Defragment","Go for the Eyes","Coolheaded","Doubt","Machine Learning","Conserve Battery"],"relics":["Cracked Core","Ancient Tea Set","Strawberry","Golden Idol","Cables","Blood Vial","Fusion Hammer","Necronomicon","Pen Nib","DollysMirror","PreservedInsect","Dream Catcher","Astrolabe","Vajra","Centennial Puzzle"],"potions_floor_usage":[7,11,19,28,28,33,33,46,50,50],"damage_taken":[{"damage":13,"enemies":"Jaw Worm","floor":1,"turns":4},{"damage":0,"enemies":"2 Louse","floor":5,"turns":2},{"damage":2,"enemies":"Lagavulin","floor":7,"turns":6},{"damage":7,"enemies":"Gremlin Nob","floor":11,"turns":4},{"damage":0,"enemies":"Small Slimes","floor":14,"turns":3},{"damage":22,"enemies":"The Guardian","floor":16,"turns":15},{"damage":8,"enemies":"Spheric Guardian","floor":18,"turns":4},{"damage":11,"enemies":"3 Byrds","floor":19,"turns":6},{"damage":17,"enemies":"Centurion and Healer","floor":22,"turns":13},{"damage":17,"enemies":"Cultist and Chosen","floor":24,"turns":9},{"damage":7,"enemies":"Slavers","floor":28,"turns":6},{"damage":24,"enemies":"Snake Plant","floor":29,"turns":4},{"damage":21,"enemies":"Collector","floor":33,"turns":17},{"damage":38,"enemies":"3 Darklings","floor":35,"turns":9},{"damage":11,"enemies":"3 Shapes","floor":38,"turns":6},{"damage":19,"enemies":"3 Darklings","floor":41,"turns":9},{"damage":35,"enemies":"Sphere and 2 Shapes","floor":44,"turns":10},{"damage":28,"enemies":"Jaw Worm Horde","floor":46,"turns":5},{"damage":0,"enemies":"Giant Head","floor":47,"turns":7},{"damage":0,"enemies":"Maw","floor":48,"turns":10},{"damage":41,"enemies":"Time Eater","floor":50,"turns":14}],"seed_played":"-7179404644399306239","potions_obtained":[{"floor":1,"key":"Poison Potion"},{"floor":5,"key":"AttackPotion"},{"floor":7,"key":"Swift Potion"},{"floor":18,"key":"EssenceOfSteel"},{"floor":22,"key":"SteroidPotion"},{"floor":24,"key":"Fire Potion"},{"floor":29,"key":"Regen Potion"},{"floor":44,"key":"AttackPotion"},{"floor":46,"key":"Explosive Potion"},{"floor":48,"key":"FocusPotion"}],"is_trial":false,"path_per_floor":["M","$","?","?","M","R","E","?","T","R","E","R","$","M","R","B",null,"M","M","?","?","M","R","M","R","T","$","E","M","$","T","R","B",null,"M","?","?","M","?","R","M","$","T","M","?","M","E","M","R","B",null],"character_chosen":"DEFECT","items_purchased":["Apotheosis","Capacitor","Reinforced Body","DollysMirror","Defragment","Dexterity Potion","Defragment","Swift Potion","Go for the Eyes"],"campfire_rested":6,"item_purchase_floors":[2,2,2,27,27,30,42,42,42],"current_hp_per_floor":[55,55,43,68,68,68,73,53,53,77,70,70,70,72,72,52,75,69,60,60,44,29,53,38,62,62,62,57,35,35,35,59,55,75,39,29,29,26,26,50,37,37,37,8,82,60,68,76,82,53],"gold":137,"neow_bonus":"TWO_FIFTY_GOLD","is_prod":false,"is_daily":false,"chose_seed":false,"campfire_upgraded":3,"win_rate":0,"timestamp":1565771549,"path_taken":["M","$","?","?","M","R","E","?","T","R","E","R","$","M","R","BOSS","M","M","?","?","M","R","M","R","T","$","E","M","?","?","R","BOSS","M","?","?","?","?","R","M","?","T","M","?","?","E","M","R","BOSS"],"build_version":"2019-07-17","purchased_purges":2,"victory":true,"max_hp_per_floor":[75,75,75,75,75,75,82,82,82,82,82,82,82,82,82,82,82,82,82,82,82,82,82,82,82,82,82,82,82,82,82,82,82,82,82,82,82,82,82,82,82,82,82,82,82,82,82,82,82,82],"card_choices":[{"not_picked":["Sweeping Beam","Gash"],"picked":"Rip and Tear","floor":1},{"not_picked":["Stack","Leap"],"picked":"Glacier","floor":5},{"not_picked":["Force Field","Static Discharge"],"picked":"Leap","floor":7},{"not_picked":["Stack","Sweeping Beam"],"picked":"Machine Learning","floor":11},{"not_picked":["Hologram","Stack"],"picked":"Redo","floor":14},{"not_picked":["Reboot","Buffer"],"picked":"Echo Form","floor":16},{"not_picked":["Force Field","Conserve Battery"],"picked":"Beam Cell+1","floor":18},{"not_picked":["Streamline","FTL"],"picked":"Redo","floor":19},{"not_picked":["Beam Cell","Compile Driver+1"],"picked":"Rebound","floor":22},{"not_picked":["Compile Driver","Blizzard"],"picked":"Hologram","floor":24},{"not_picked":["Beam Cell","Stack","Rip and Tear+1"],"picked":"SKIP","floor":28},{"not_picked":["Redo","Coolheaded"],"picked":"Go for the Eyes","floor":29},{"not_picked":["Multi-Cast","Meteor Strike"],"picked":"Seek","floor":33},{"not_picked":["Ball Lightning","Reprogram"],"picked":"Gash","floor":35},{"not_picked":["Dramatic Entrance","Transmutation"],"picked":"Bandage Up","floor":36},{"not_picked":["Madness","Transmutation"],"picked":"Secret Weapon","floor":36},{"not_picked":["Leap","Gash"],"picked":"Coolheaded","floor":38},{"not_picked":["Beam Cell","Cold Snap"],"picked":"Gash+1","floor":40},{"not_picked":["Static Discharge+1","Steam","Ball Lightning"],"picked":"SKIP","floor":41},{"not_picked":["BootSequence","FTL"],"picked":"Coolheaded","floor":44},{"not_picked":["Streamline","Beam Cell","Stack"],"picked":"SKIP","floor":46},{"not_picked":["Recycle","Hologram"],"picked":"Machine Learning","floor":47},{"not_picked":["Hello World","Ball Lightning","Storm"],"picked":"SKIP","floor":48},{"not_picked":["Ball Lightning","Force Field"],"picked":"Conserve Battery","floor":49}],"player_experience":707686,"relics_obtained":[{"floor":7,"key":"Strawberry"},{"floor":9,"key":"Cables"},{"floor":11,"key":"Blood Vial"},{"floor":21,"key":"Necronomicon"},{"floor":26,"key":"Pen Nib"},{"floor":28,"key":"PreservedInsect"},{"floor":31,"key":"Dream Catcher"},{"floor":43,"key":"Vajra"},{"floor":47,"key":"Centennial Puzzle"}],"event_choices":[{"damage_healed":0,"gold_gain":0,"player_choice":"Success","damage_taken":12,"relics_obtained":["Ancient Tea Set"],"max_hp_gain":0,"max_hp_loss":0,"event_name":"Scrap Ooze","floor":3,"gold_loss":0},{"damage_healed":25,"gold_gain":0,"player_choice":"Banana","damage_taken":0,"max_hp_gain":0,"max_hp_loss":0,"event_name":"Big Fish","floor":4,"gold_loss":0},{"damage_healed":0,"gold_gain":0,"player_choice":"Take Damage","damage_taken":20,"relics_obtained":["Golden Idol"],"max_hp_gain":0,"max_hp_loss":0,"event_name":"Golden Idol","floor":8,"gold_loss":0},{"damage_healed":0,"gold_gain":0,"player_choice":"Simplicity","damage_taken":0,"max_hp_gain":0,"max_hp_loss":0,"event_name":"Back to Basics","floor":20,"gold_loss":0,"cards_upgraded":["Strike_B","Strike_B","Strike_B","Defend_B","Defend_B","Defend_B","Defend_B"]},{"damage_healed":0,"gold_gain":0,"player_choice":"Obtained Book","damage_taken":16,"max_hp_gain":0,"max_hp_loss":0,"event_name":"Cursed Tome","floor":21,"gold_loss":0},{"damage_healed":0,"gold_gain":0,"player_choice":"Memory 3","damage_taken":10,"max_hp_gain":0,"max_hp_loss":0,"event_name":"SensoryStone","floor":36,"gold_loss":0},{"cards_removed":["Rebound"],"damage_healed":0,"gold_gain":0,"player_choice":"Removed Attack","damage_taken":0,"max_hp_gain":0,"max_hp_loss":0,"event_name":"Falling","floor":37,"gold_loss":0},{"damage_healed":0,"gold_gain":0,"player_choice":"Ignored","damage_taken":0,"max_hp_gain":0,"max_hp_loss":0,"event_name":"Tomb of Lord Red Mask","floor":39,"gold_loss":0},{"damage_healed":74,"gold_gain":0,"player_choice":"Heal","damage_taken":0,"max_hp_gain":0,"max_hp_loss":0,"event_name":"MindBloom","floor":45,"gold_loss":0,"cards_obtained":["Doubt"]}],"is_beta":false,"boss_relics":[{"not_picked":["Runic Dome","Black Star"],"picked":"Fusion Hammer"},{"not_picked":["Lizard Tail","Runic Pyramid"],"picked":"Astrolabe"}],"items_purged_floors":[2,13],"is_endless":false,"potions_floor_spawned":[1,5,7,18,22,24,29,44,46,48],"ascension_level":13}