{"gold_per_floor":[114,129,144,144,159,159,174,189,214,244,269,311,338,350,362,474,486,513,538,565,592,129,189,189,204,204,204,234,34,64,64,64,64],"floor_reached":33,"playtime":2038,"items_purged":[],"score":417,"play_id":"746f7a57-6f54-4047-97ca-fc563c54b235","local_time":"20181128192800","daily_mods":["Insanity","ControlledChaos","DeadlyEvents"],"is_ascension_mode":false,"campfire_choices":[{"data":"Backstab","floor":6.0,"key":"SMITH"},{"floor":15.0,"key":"REST"},{"data":"1","floor":24.0,"key":"LIFT"},{"floor":27.0,"key":"REST"},{"data":"2","floor":32.0,"key":"LIFT"}],"neow_cost":"","seed_source_timestamp":0,"circlet_count":0,"master_deck":["Backstab","Endless Agony","Flying Knee","Noxious Fumes","Poisoned Stab","Dagger Spray","Catalyst","Heel Hook","Flechettes","Crippling Poison","Outmaneuver","Catalyst","Sucker Punch","Dagger Throw","Outmaneuver","Prepared","Leg Sweep","Deflect","Deadly Poison","Bane","Backstab+1","Caltrops","Riddle With Holes","Blade Dance","Slice","Catalyst","Backflip","Poisoned Stab","Eviscerate","Slice","Accuracy","Crippling Poison","Predator","Underhanded Strike","Infinite Blades","Acrobatics","Dodge and Roll","Finisher","Sucker Punch","Slice","Flying Knee","Choke","Well Laid Plans","Flying Knee","Distraction","Eviscerate","Choke","PiercingWail","Finisher","PiercingWail","Tactician","Infinite Blades","Cloak And Dagger","Concentrate","Dash","Endless Agony","Night Terror","Cloak And Dagger","Prepared","Parasite","Bullet Time","Prepared","Underhanded Strike","Quick Slash","Calculated Gamble+1","Storm of Steel","Setup+1","Burst","Leg Sweep","Terror"],"special_seed":17863,"relics":["Ring of the Snake","Frozen Eye","Art of War","Girya","MawBank","Oddly Smooth Stone","Black Star","Red Mask","The Specimen","Bag of Marbles","Tiny Chest","Tingsha","Blood Vial","PreservedInsect","Toolbox","Vajra","Dream Catcher"],"potions_floor_usage":[33],"damage_taken":[{"damage":4.0,"enemies":"Cultist","floor":1.0,"turns":3.0},{"damage":0.0,"enemies":"2 Louse","floor":2.0,"turns":1.0},{"damage":0.0,"enemies":"Jaw Worm","floor":3.0,"turns":1.0},{"damage":0.0,"enemies":"3 Louse","floor":5.0,"turns":2.0},{"damage":12.0,"enemies":"Blue Slaver","floor":7.0,"turns":2.0},{"damage":0.0,"enemies":"Looter","floor":8.0,"turns":1.0},{"damage":18.0,"enemies":"3 Sentries","floor":10.0,"turns":4.0},{"damage":31.0,"enemies":"Lagavulin","floor":12.0,"turns":4.0},{"damage":0.0,"enemies":"2 Fungi Beasts","floor":13.0,"turns":2.0},{"damage":17.0,"enemies":"Hexaghost","floor":16.0,"turns":8.0},{"damage":0.0,"enemies":"3 Byrds","floor":18.0,"turns":3.0},{"damage":9.0,"enemies":"Masked Bandits","floor":19.0,"turns":4.0},{"damage":7.0,"enemies":"Spheric Guardian","floor":20.0,"turns":3.0},{"damage":3.0,"enemies":"Snake Plant","floor":21.0,"turns":3.0},{"damage":13.0,"enemies":"Gremlin Leader","floor":23.0,"turns":5.0},{"damage":5.0,"enemies":"Centurion and Healer","floor":25.0,"turns":4.0},{"damage":13.0,"enemies":"Book of Stabbing","floor":28.0,"turns":4.0},{"damage":0.0,"enemies":"Slavers","floor":30.0,"turns":2.0},{"damage":24,"enemies":"Automaton","floor":33,"turns":6}],"seed_played":"-3448397470738348676","potions_obtained":[{"floor":1.0,"key":"Dexterity Potion"},{"floor":8.0,"key":"SpeedPotion"},{"floor":12.0,"key":"SteroidPotion"},{"floor":13.0,"key":"Fire Potion"},{"floor":16.0,"key":"Strength Potion"},{"floor":18.0,"key":"EssenceOfSteel"},{"floor":20.0,"key":"LiquidBronze"},{"floor":28.0,"key":"SteroidPotion"},{"floor":30.0,"key":"GamblersBrew"}],"is_trial":false,"path_per_floor":["M","M","M","$","M","R","M","M","T","E","T","E","M","?","R","B",null,"M","?","M","M","$","E","R","M","T","R","E","$","E","?","R","B"],"character_chosen":"THE_SILENT","items_purchased":["The Specimen","Fruit Juice","GamblersBrew","Toolbox"],"campfire_rested":2,"item_purchase_floors":[22,22,22,29],"current_hp_per_floor":[66,66,66,66,66,66,54,54,54,36,36,5,5,22,43,26,70,70,61,54,51,56,43,43,38,38,60,47,47,49,49,49,27],"gold":64,"neow_bonus":"","is_prod":false,"is_daily":true,"chose_seed":false,"campfire_upgraded":1,"win_rate":0,"timestamp":1543400880,"path_taken":["M","M","?","?","M","R","M","M","T","E","?","?","M","?","R","BOSS","M","?","?","M","?","E","R","M","T","R","?","$","E","?","R","BOSS"],"build_version":"2018-11-15","purchased_purges":0,"victory":false,"max_hp_per_floor":[70,70,70,70,70,70,70,70,70,70,70,70,70,70,70,70,70,70,70,70,70,75,75,75,75,75,75,75,75,75,75,75,75],"card_choices":[{"not_picked":["Bane","Flying Knee"],"picked":"Tactician","floor":1.0},{"not_picked":["Slice","Outmaneuver"],"picked":"Infinite Blades","floor":2.0},{"not_picked":["Bane","Dagger Throw"],"picked":"Cloak And Dagger","floor":3.0},{"not_picked":["Dagger Spray","Flying Knee"],"picked":"Concentrate","floor":5.0},{"not_picked":["Catalyst","Blur"],"picked":"Dash","floor":7.0},{"not_picked":["Quick Slash","Sucker Punch"],"picked":"Endless Agony","floor":8.0},{"not_picked":["Escape Plan","Leg Sweep"],"picked":"Night Terror","floor":10.0},{"not_picked":["Grand Finale","Acrobatics"],"picked":"Cloak And Dagger","floor":12.0},{"not_picked":["Sucker Punch","Bouncing Flask"],"picked":"Prepared","floor":13.0},{"not_picked":["Unload","A Thousand Cuts"],"picked":"Bullet Time","floor":16.0},{"not_picked":["Bane","Outmaneuver"],"picked":"Prepared","floor":18.0},{"not_picked":["Dagger Throw","Prepared"],"picked":"Underhanded Strike","floor":19.0},{"not_picked":["Deflect","Choke"],"picked":"Quick Slash","floor":20.0},{"not_picked":["Concentrate","Masterful Stab+1"],"picked":"Calculated Gamble+1","floor":21.0},{"not_picked":["Calculated Gamble+1","Deadly Poison"],"picked":"Storm of Steel","floor":23.0},{"not_picked":["Predator","Underhanded Strike"],"picked":"Setup+1","floor":25.0},{"not_picked":["Flying Knee","Skewer+1"],"picked":"Burst","floor":28.0},{"not_picked":["Slice+1","Crippling Poison"],"picked":"Leg Sweep","floor":30.0}],"player_experience":511400,"relics_obtained":[{"floor":9.0,"key":"Art of War"},{"floor":10.0,"key":"Girya"},{"floor":11.0,"key":"MawBank"},{"floor":12.0,"key":"Oddly Smooth Stone"},{"floor":19.0,"key":"Red Mask"},{"floor":23.0,"key":"Bag of Marbles"},{"floor":23.0,"key":"Tiny Chest"},{"floor":26.0,"key":"Tingsha"},{"floor":28.0,"key":"Blood Vial"},{"floor":28.0,"key":"PreservedInsect"},{"floor":30.0,"key":"Vajra"},{"floor":30.0,"key":"Dream Catcher"}],"event_choices":[{"damage_healed":17.0,"max_hp_gain":0.0,"max_hp_loss":0.0,"gold_gain":0.0,"event_name":"Mushrooms","player_choice":"Healed and dodged fight","floor":14.0,"gold_loss":0.0,"damage_taken":0.0,"cards_obtained":["Parasite"]},{"damage_healed":0.0,"max_hp_gain":0.0,"max_hp_loss":0.0,"gold_gain":0.0,"event_name":"Masked Bandits","player_choice":"Fought Bandits","floor":19.0,"gold_loss":0.0,"damage_taken":0.0},{"damage_healed":0.0,"max_hp_gain":0.0,"max_hp_loss":0.0,"gold_gain":0.0,"event_name":"The Library","player_choice":"Read","floor":31.0,"gold_loss":0.0,"damage_taken":0.0,"cards_obtained":["Terror"]}],"is_beta":false,"boss_relics":[{"not_picked":["Coffee Dripper","Empty Cage"],"picked":"Black Star"}],"items_purged_floors":[],"is_endless":false,"potions_floor_spawned":[1,8,12,13,16,18,20,28,30],"killed_by":"Automaton","ascension_level":0}