{"gold_per_floor":[109,119,136,156,166,196,196,228,228,228,247,247,261,261,261,363,363,374,374],"floor_reached":19,"playtime":5830,"items_purged":[],"score":272,"play_id":"2f7a1fec-2f5c-448e-a751-7e6fbf754a38","local_time":"20190728005727","is_ascension_mode":true,"campfire_choices":[{"floor":7,"key":"REST"},{"data":"Neutralize","floor":10,"key":"SMITH"},{"floor":12,"key":"REST"},{"floor":15,"key":"REST"}],"neow_cost":"NONE","seed_source_timestamp":168074673915900,"circlet_count":0,"master_deck":["AscendersBane","Strike_G","Strike_G","Strike_G","Defend_G","Defend_G","Defend_G","Defend_G","Survivor","Neutralize+1","Quick Slash","Die Die Die","Dagger Spray","Noxious Fumes","Bouncing Flask","Expertise","Bane","Crippling Poison","Poisoned Stab","Die Die Die","Blur"],"relics":["Ring of the Snake","Smiling Mask","Letter Opener","Paper Crane","Empty Cage"],"potions_floor_usage":[3,6,6,8,11],"damage_taken":[{"damage":5,"enemies":"Cultist","floor":1,"turns":5},{"damage":7,"enemies":"Small Slimes","floor":2,"turns":4},{"damage":0,"enemies":"Jaw Worm","floor":3,"turns":3},{"damage":22,"enemies":"Exordium Wildlife","floor":4,"turns":4},{"damage":0,"enemies":"Lots of Slimes","floor":5,"turns":1},{"damage":8,"enemies":"Gremlin Nob","floor":6,"turns":3},{"damage":14,"enemies":"Lagavulin","floor":8,"turns":7},{"damage":8,"enemies":"Gremlin Gang","floor":11,"turns":3},{"damage":22,"enemies":"Large Slime","floor":13,"turns":6},{"damage":19,"enemies":"Hexaghost","floor":16,"turns":9},{"damage":35,"enemies":"Spheric Guardian","floor":18,"turns":6},{"damage":0,"enemies":"2 Thieves","floor":19,"turns":1}],"seed_played":"3838908775896757243","potions_obtained":[{"floor":0,"key":"GamblersBrew"},{"floor":0,"key":"Strength Potion"},{"floor":0,"key":"EssenceOfSteel"},{"floor":4,"key":"Poison Potion"},{"floor":6,"key":"PowerPotion"},{"floor":8,"key":"AttackPotion"}],"is_trial":false,"path_per_floor":["M","M","M","M","M","E","R","E","T","R","M","R","M","?","R","B",null,"M","M"],"character_chosen":"THE_SILENT","items_purchased":[],"campfire_rested":3,"item_purchase_floors":[],"current_hp_per_floor":[58,51,51,29,29,21,42,28,28,28,20,41,19,19,40,21,58,23,23],"gold":374,"neow_bonus":"THREE_SMALL_POTIONS","is_prod":false,"is_daily":false,"chose_seed":false,"campfire_upgraded":1,"win_rate":0,"timestamp":1564243047,"path_taken":["M","M","M","M","M","E","R","E","T","R","M","R","M","?","R","BOSS","M","?"],"build_version":"2019-07-17","purchased_purges":0,"victory":false,"max_hp_per_floor":[70,70,70,70,70,70,70,70,70,70,70,70,70,70,70,70,70,70,70],"card_choices":[{"not_picked":["Deadly Poison","Underhanded Strike"],"picked":"Quick Slash","floor":1},{"not_picked":["Deflect","Masterful Stab"],"picked":"Die Die Die","floor":2},{"not_picked":["Poisoned Stab","Sucker Punch"],"picked":"Dagger Spray","floor":3},{"not_picked":["Prepared","Dagger Throw"],"picked":"Noxious Fumes","floor":4},{"not_picked":["Acrobatics","Deflect","Dodge and Roll"],"picked":"SKIP","floor":5},{"not_picked":["Acrobatics","Deflect"],"picked":"Bouncing Flask","floor":6},{"not_picked":["Night Terror","Dodge and Roll"],"picked":"Expertise","floor":8},{"not_picked":["Quick Slash","Deadly Poison"],"picked":"Bane","floor":11},{"not_picked":["Flying Knee","Slice"],"picked":"Crippling Poison","floor":13},{"not_picked":["After Image","Glass Knife"],"picked":"Die Die Die","floor":16},{"not_picked":["Quick Slash","Setup"],"picked":"Blur","floor":18}],"player_experience":464622,"relics_obtained":[{"floor":6,"key":"Smiling Mask"},{"floor":8,"key":"Letter Opener"},{"floor":9,"key":"Paper Crane"}],"event_choices":[{"damage_healed":0,"gold_gain":0,"cards_transformed":["Strike_G"],"player_choice":"Transformed","damage_taken":0,"max_hp_gain":0,"max_hp_loss":0,"event_name":"Transmorgrifier","floor":14,"gold_loss":0,"cards_obtained":["Poisoned Stab"]}],"is_beta":false,"boss_relics":[{"not_picked":["Snecko Eye","Runic Pyramid"],"picked":"Empty Cage"}],"items_purged_floors":[],"is_endless":false,"potions_floor_spawned":[2,4,5,6,8],"killed_by":"2 Thieves","ascension_level":10}