{"gold_per_floor":[111,129,148,159,170,199,199,217,266,266,277,292,324,338,338,440,440,452,377,377,377,397,397,397,397,423,438,452,104,104,27,27,27],"floor_reached":33,"playtime":4061,"items_purged":["Twin Strike"],"score":274,"play_id":"62dc4230-5351-4109-8926-566305fd963d","local_time":"20181001223522","is_ascension_mode":true,"campfire_choices":[{"floor":7.0,"key":"REST"},{"floor":10.0,"key":"REST"},{"data":"Bash","floor":15,"key":"SMITH"},{"floor":23,"key":"REST"},{"data":"Feed","floor":25,"key":"SMITH"},{"data":"Power Through","floor":32,"key":"SMITH"}],"neow_cost":"TEN_PERCENT_HP_LOSS","seed_source_timestamp":0,"circlet_count":0,"master_deck":["Defend_R","Defend_R","Defend_R","Defend_R","Bash+1","Cleave","Evolve","Iron Wave","Double Tap","Demon Form","Uppercut","Power Through+1","Blood for Blood","Cleave","Feed+1","Pommel Strike+1","Immolate+1","Evolve+1","Seeing Red","Necronomicurse","Iron Wave","Reckless Charge+1","Metallicize"],"special_seed":0,"relics":["Burning Blood","Champion Belt","Bird Faced Urn","Blood Vial","Smiling Mask","Astrolabe","Necronomicon","Bag of Marbles","Dream Catcher","Omamori"],"potions_floor_usage":[12,16,16,33,33],"damage_taken":[{"damage":0.0,"enemies":"Cultist","floor":1.0,"turns":4.0},{"damage":5.0,"enemies":"Jaw Worm","floor":2.0,"turns":4.0},{"damage":3.0,"enemies":"2 Louse","floor":3.0,"turns":2.0},{"damage":12.0,"enemies":"Exordium Wildlife","floor":4.0,"turns":7.0},{"damage":7.0,"enemies":"3 Louse","floor":5.0,"turns":3.0},{"damage":35.0,"enemies":"3 Sentries","floor":6.0,"turns":7.0},{"damage":8.0,"enemies":"Large Slime","floor":8.0,"turns":5.0},{"damage":7.0,"enemies":"Looter","floor":11.0,"turns":3.0},{"damage":7,"enemies":"Blue Slaver","floor":12,"turns":2},{"damage":18,"enemies":"Gremlin Nob","floor":13,"turns":5},{"damage":4,"enemies":"Red Slaver","floor":14,"turns":3},{"damage":33,"enemies":"Hexaghost","floor":16,"turns":7},{"damage":8,"enemies":"Chosen","floor":18,"turns":6},{"damage":7,"enemies":"Spheric Guardian","floor":22,"turns":4},{"damage":7,"enemies":"Centurion and Healer","floor":27,"turns":3},{"damage":0,"enemies":"Snecko","floor":28,"turns":2},{"damage":88,"enemies":"Collector","floor":33,"turns":6}],"seed_played":"-7519965809216619238","potions_obtained":[{"floor":2.0,"key":"SpeedPotion"},{"floor":5.0,"key":"LiquidBronze"},{"floor":8.0,"key":"SteroidPotion"},{"floor":12,"key":"Poison Potion"},{"floor":27,"key":"Strength Potion"},{"floor":28,"key":"BloodPotion"}],"is_trial":false,"path_per_floor":["M","M","M","M","M","E","R","M","T","R","M","M","E","M","R","B",null,"M","?","?","?","M","R","?","R","T","M","M","$","?","$","R"],"character_chosen":"IRONCLAD","items_purchased":["Dream Catcher","Omamori","Metallicize"],"campfire_rested":3,"item_purchase_floors":[29,29,31],"current_hp_per_floor":[72,72,72,66,65,36,57,57,57,72,71,71,60,64,64,41,72,70,70,54,41,42,65,65,65,65,66,76,76,76,76,76,0],"gold":27,"neow_bonus":"ONE_RARE_RELIC","is_prod":false,"is_daily":false,"chose_seed":false,"campfire_upgraded":3,"win_rate":0,"timestamp":1538458522,"path_taken":["M","M","M","M","?","E","R","M","T","R","M","M","E","M","R","BOSS","M","?","?","?","M","R","?","R","T","?","M","$","?","$","R","BOSS"],"build_version":"2018-09-27","purchased_purges":1,"victory":false,"max_hp_per_floor":[72,72,72,72,72,72,72,72,72,72,72,72,72,72,72,72,72,72,72,72,77,77,77,77,77,77,77,77,77,77,77,77,77],"card_choices":[{"not_picked":["Twin Strike","Iron Wave"],"picked":"Cleave","floor":1.0},{"not_picked":["Bloodletting","Rupture"],"picked":"Evolve","floor":2.0},{"not_picked":["Flex","Cleave"],"picked":"Iron Wave","floor":3.0},{"not_picked":["Battle Trance","Warcry"],"picked":"Pommel Strike","floor":4.0},{"not_picked":["Pommel Strike","Anger"],"picked":"Double Tap","floor":5.0},{"not_picked":["Headbutt","Pummel"],"picked":"Demon Form","floor":6.0},{"not_picked":["Body Slam","Entrench"],"picked":"Twin Strike","floor":8.0},{"not_picked":["Shrug It Off","Sever Soul"],"picked":"Uppercut","floor":11},{"not_picked":["Intimidate","Sword Boomerang"],"picked":"Power Through","floor":12},{"not_picked":["Anger","Thunderclap"],"picked":"Blood for Blood","floor":13},{"not_picked":["Armaments","Clothesline"],"picked":"Cleave","floor":14},{"not_picked":["Berserk","Dark Embrace"],"picked":"Feed","floor":16},{"not_picked":["Havoc","Fire Breathing"],"picked":"Seeing Red","floor":18},{"not_picked":["Thunderclap+1","Burning Pact"],"picked":"Iron Wave","floor":22},{"not_picked":["Twin Strike","Thunderclap"],"picked":"Reckless Charge+1","floor":27},{"not_picked":["Battle Trance","Havoc","Shockwave"],"picked":"SKIP","floor":28}],"player_experience":100961,"relics_obtained":[{"floor":6.0,"key":"Bird Faced Urn"},{"floor":9.0,"key":"Blood Vial"},{"floor":13,"key":"Smiling Mask"},{"floor":20,"key":"Necronomicon"},{"floor":26,"key":"Bag of Marbles"}],"event_choices":[{"event_name":"Beggar","player_choice":"Gave Gold","floor":19,"damage_taken":0},{"event_name":"Cursed Tome","player_choice":"Obtained Book","floor":20,"damage_taken":0},{"event_name":"Forgotten Altar","player_choice":"Shed Blood","floor":21,"damage_taken":0},{"event_name":"Back to Basics","player_choice":"Elegance","floor":24,"damage_taken":0},{"event_name":"Purifier","player_choice":"One Purge","floor":30,"damage_taken":0}],"is_beta":false,"boss_relics":[{"not_picked":["Black Star","Orrery"],"picked":"Astrolabe"}],"items_purged_floors":[29],"is_endless":false,"potions_floor_spawned":[2,5,8,12,13,27,28],"killed_by":"Collector","ascension_level":1}