{"path_per_floor":["M","M","M","?","M","E","M","R","T","E","M","M","R","$","R","B",null,"M","M","?"],"character_chosen":"IRONCLAD","items_purchased":["Bronze Scales"],"gold_per_floor":[114,129,144,144,159,189,204,204,259,289,304,319,319,169,169,269,269,284,299,299,299],"floor_reached":21,"campfire_rested":0,"playtime":956,"current_hp_per_floor":[80,83,86,79,86,75,89,89,89,89,87,92,92,92,92,96,97,91,83,83,0],"items_purged":[],"gold":299,"score":343,"play_id":"883a6c2b-a9b7-47b0-abab-4998a3f278cf","local_time":"20180518025205","daily_mods":["Shiny","Time Dilation","Hoarder"],"is_prod":false,"is_daily":true,"chose_seed":false,"is_ascension_mode":false,"campfire_upgraded":3,"timestamp":1526583125,"campfire_choices":[{"data":"Fiend Fire","floor":8,"key":"SMITH"},{"data":"Double Tap","floor":13,"key":"SMITH"},{"data":"Double Tap","floor":15,"key":"SMITH"}],"path_taken":["M","M","M","?","M","E","M","R","T","E","M","M","R","$","R","BOSS","M","M","?","M"],"build_version":"2018-05-17","seed_source_timestamp":0,"purchased_purges":0,"victory":false,"master_deck":["Double Tap+1","Double Tap","Double Tap+1","Demon Form","Demon Form","Demon Form","Bludgeon","Bludgeon","Bludgeon","Feed","Feed","Feed","Limit Break+1","Limit Break","Limit Break+1","Barricade","Fiend Fire+1","Fiend Fire","Fiend Fire","Dark Embrace","Dark Embrace","Dark Embrace","Berserk","Berserk","Berserk","Impervious","Impervious","Impervious","Juggernaut","Juggernaut","Juggernaut","Brutality","Brutality","Reaper","Reaper","Reaper","Exhume","Exhume","Exhume","Offering","Offering","Offering","Immolate","Immolate","Immolate","Inflame","Inflame","Inflame","Headbutt+1","Headbutt+1","Headbutt+1","Clothesline+1","Clothesline+1","Clothesline+1","Spot Weakness+1","Spot Weakness+1","Spot Weakness+1","Thunderclap","Thunderclap","Thunderclap"],"max_hp_per_floor":[80,83,86,86,86,86,89,89,89,89,89,92,92,92,92,97,97,97,97,97,97],"relics":["Burning Blood","Self Forming Clay","Prayer Wheel","Tiny Chest","War Paint","Bronze Scales","Astrolabe"],"card_choices":[{"not_picked":["Disarm","Pommel Strike","Clash"],"picked":"SKIP","floor":1},{"not_picked":["Clash","Havoc","Headbutt"],"picked":"SKIP","floor":2},{"not_picked":["Armaments","Intimidate","Sword Boomerang"],"picked":"SKIP","floor":3},{"not_picked":["Corruption","Anger"],"picked":"Inflame","floor":5},{"not_picked":["Wild Strike","Spot Weakness","Headbutt"],"picked":"SKIP","floor":6},{"not_picked":["Twin Strike","Dropkick","Infernal Blade"],"picked":"SKIP","floor":7},{"not_picked":["Searing Blow","Burning Pact","Shockwave"],"picked":"SKIP","floor":7},{"not_picked":["Immolate","Rupture","Carnage"],"picked":"SKIP","floor":10},{"not_picked":["Shrug It Off","Wild Strike","Entrench"],"picked":"SKIP","floor":11},{"not_picked":["Iron Wave","Clash","Ghostly Armor"],"picked":"SKIP","floor":11},{"not_picked":["Perfected Strike","Thunderclap","Hemokinesis"],"picked":"SKIP","floor":12},{"not_picked":["Clothesline","Offering","Whirlwind"],"picked":"SKIP","floor":12},{"not_picked":["Pommel Strike+1","Bloodletting+1"],"picked":"Thunderclap","floor":18},{"not_picked":["Metallicize","Warcry+1","Clothesline"],"picked":"SKIP","floor":18},{"not_picked":["Warcry","Havoc+1","Heavy Blade+1"],"picked":"SKIP","floor":19},{"not_picked":["Pommel Strike","Corruption","Clothesline+1"],"picked":"SKIP","floor":19}],"player_experience":72254,"potions_floor_usage":[12,16,16,18],"damage_taken":[{"damage":0,"enemies":"Jaw Worm","floor":1,"turns":1},{"damage":4,"enemies":"2 Louse","floor":2,"turns":2},{"damage":5,"enemies":"Small Slimes","floor":3,"turns":2},{"damage":5,"enemies":"Exordium Wildlife","floor":5,"turns":2},{"damage":25,"enemies":"3 Sentries","floor":6,"turns":3},{"damage":21,"enemies":"Lots of Slimes","floor":7,"turns":3},{"damage":0,"enemies":"Gremlin Nob","floor":10,"turns":2},{"damage":8,"enemies":"3 Louse","floor":11,"turns":1},{"damage":0,"enemies":"2 Fungi Beasts","floor":12,"turns":2},{"damage":7,"enemies":"Slime Boss","floor":16,"turns":4},{"damage":16,"enemies":"3 Byrds","floor":18,"turns":3},{"damage":14,"enemies":"Spheric Guardian","floor":19,"turns":3},{"damage":87,"enemies":"3 Cultists","floor":21,"turns":5}],"relics_obtained":[{"floor":6,"key":"Prayer Wheel"},{"floor":9,"key":"Tiny Chest"},{"floor":10,"key":"War Paint"}],"event_choices":[{"event_name":"Scrap Ooze","player_choice":"success","floor":4,"damage_taken":7},{"event_name":"Ghosts","player_choice":"Ignored","floor":20,"damage_taken":0}],"boss_relics":[{"not_picked":["Ectoplasm","Philosopher\u0027s Stone"],"picked":"Astrolabe"}],"potions_floor_spawned":[1,7,10,11,16],"seed_played":"-8851493181465648625","killed_by":"3 Cultists","ascension_level":0,"potions_obtained":[{"floor":1,"key":"Dexterity Potion"},{"floor":7,"key":"Poison Potion"},{"floor":10,"key":"Fruit Juice"},{"floor":11,"key":"Explosive Potion"},{"floor":16,"key":"Energy Potion"}],"is_trial":false}