{"gold_per_floor":[111,127,127,52,227,257,66,66,91,91,104,104,118,118,118,219,219,209,219,134,148,165,165,165,165],"floor_reached":25,"playtime":962,"items_purged":["Regret"],"score":226,"play_id":"eb728dde-6c89-45e2-a1d9-9926f1d46d29","local_time":"20181119194859","is_ascension_mode":false,"campfire_choices":[{"floor":8,"key":"RECALL"},{"data":"Disarm","floor":10,"key":"SMITH"},{"data":"Armaments","floor":12,"key":"SMITH"},{"data":"Whirlwind","floor":15,"key":"SMITH"},{"floor":23,"key":"REST"}],"neow_cost":"NONE","seed_source_timestamp":66100347444900,"circlet_count":0,"master_deck":["Strike_R","Strike_R","Strike_R","Strike_R","Strike_R","Defend_R","Defend_R","Defend_R","Defend_R","Bash","Armaments+1","Disarm+1","Doubt","Shrug It Off","Thunderclap","Whirlwind+1","Juggernaut","Pommel Strike+1","Cleave+1","Sever Soul+1","Thunderclap+1","Writhe"],"relics":["Burning Blood","NeowsBlessing","Regal Pillow","Champion Belt","MealTicket","Lizard Tail","Vajra","Potion Belt"],"potions_floor_usage":[16,19,19,25],"damage_taken":[{"damage":0,"enemies":"Jaw Worm","floor":1,"turns":1},{"damage":0,"enemies":"2 Louse","floor":2,"turns":1},{"damage":0,"enemies":"3 Sentries","floor":6,"turns":1},{"damage":0,"enemies":"Small Slimes","floor":11,"turns":5},{"damage":6,"enemies":"Looter","floor":13,"turns":5},{"damage":18,"enemies":"The Guardian","floor":16,"turns":15},{"damage":29,"enemies":"2 Thieves","floor":18,"turns":4},{"damage":21,"enemies":"Shell Parasite","floor":19,"turns":10},{"damage":20,"enemies":"Chosen and Byrds","floor":21,"turns":9},{"damage":35,"enemies":"3 Cultists","floor":22,"turns":5},{"damage":103,"enemies":"Slavers","floor":25,"turns":6}],"seed_played":"-8220601293351659188","potions_obtained":[{"floor":2,"key":"BloodPotion"},{"floor":6,"key":"FearPotion"},{"floor":11,"key":"Explosive Potion"},{"floor":16,"key":"BloodPotion"}],"is_trial":false,"path_per_floor":["M","M","?","$","?","E","$","R","T","R","M","R","M","?","R","B",null,"M","M","?","M","M","R","?","E"],"character_chosen":"IRONCLAD","items_purchased":["MealTicket"],"campfire_rested":1,"item_purchase_floors":[7],"current_hp_per_floor":[80,80,80,80,80,80,80,80,80,80,80,80,80,77,77,65,80,57,58,58,44,15,54,54,0],"gold":165,"neow_bonus":"THREE_ENEMY_KILL","is_prod":false,"is_daily":false,"chose_seed":false,"campfire_upgraded":3,"win_rate":0,"timestamp":1542624539,"path_taken":["M","M","?","$","?","E","?","R","T","R","M","R","M","?","R","BOSS","M","M","?","M","M","R","?","E"],"build_version":"2018-11-15","purchased_purges":1,"victory":false,"max_hp_per_floor":[80,80,80,80,80,80,80,80,80,80,80,80,80,80,80,80,80,80,80,80,80,80,80,80,80],"card_choices":[{"not_picked":["Iron Wave","Heavy Blade"],"picked":"Armaments","floor":1},{"not_picked":["Body Slam","Iron Wave"],"picked":"Disarm","floor":2},{"not_picked":["True Grit","Twin Strike"],"picked":"Shrug It Off","floor":6},{"not_picked":["True Grit","Clash"],"picked":"Thunderclap","floor":11},{"not_picked":["Berserk","Dropkick"],"picked":"Whirlwind","floor":13},{"not_picked":["Exhume","Fiend Fire"],"picked":"Juggernaut","floor":16},{"not_picked":["Infernal Blade","Dropkick"],"picked":"Pommel Strike+1","floor":18},{"not_picked":["Dual Wield","Warcry"],"picked":"Cleave+1","floor":19},{"not_picked":["Blood for Blood","Heavy Blade"],"picked":"Sever Soul+1","floor":21},{"not_picked":["Heavy Blade","Anger+1"],"picked":"Thunderclap+1","floor":22}],"player_experience":465425,"relics_obtained":[{"floor":6,"key":"Champion Belt"}],"event_choices":[{"damage_healed":0,"gold_gain":0,"player_choice":"Box","damage_taken":0,"relics_obtained":["Regal Pillow"],"max_hp_gain":0,"max_hp_loss":0,"event_name":"Big Fish","floor":3,"gold_loss":0,"cards_obtained":["Regret"]},{"damage_healed":0,"gold_gain":175,"player_choice":"AGREE","damage_taken":0,"max_hp_gain":0,"max_hp_loss":0,"event_name":"Liars Game","floor":5,"gold_loss":0,"cards_obtained":["Doubt"]},{"damage_healed":0,"gold_gain":0,"player_choice":"Fled","damage_taken":3,"max_hp_gain":0,"max_hp_loss":0,"event_name":"Scrap Ooze","floor":14,"gold_loss":0},{"damage_healed":0,"gold_gain":0,"player_choice":"Obtained Relic","damage_taken":0,"relics_obtained":["Vajra"],"max_hp_gain":0,"max_hp_loss":0,"event_name":"Addict","floor":20,"gold_loss":85},{"damage_healed":0,"gold_gain":0,"player_choice":"Opened","damage_taken":0,"relics_obtained":["Potion Belt"],"max_hp_gain":0,"max_hp_loss":0,"event_name":"The Mausoleum","floor":24,"gold_loss":0,"cards_obtained":["Writhe"]}],"is_beta":false,"boss_relics":[{"not_picked":["Empty Cage","Runic Dome"],"picked":"Lizard Tail"}],"items_purged_floors":[4],"is_endless":false,"potions_floor_spawned":[2,6,11,16],"killed_by":"Slavers","ascension_level":0}