{"path_per_floor":["M","?","M","M","M","R","E","R","T","R","?","M","M","E","R","B",null,"M","M","$","M","M","M","R","M","T","T","M","M","R","?","R","B",null,"M","M","?","M","?","R","M","M","T","R","$","M","M","M","R"],"character_chosen":"IRONCLAD","items_purchased":["Mummified Hand","Shockwave","Thunderclap","Apotheosis","Swift Potion","Energy Potion"],"gold_per_floor":[114,114,125,141,155,155,182,182,209,209,233,253,272,307,307,410,410,423,437,91,101,120,135,135,146,146,173,192,212,212,137,137,240,240,254,272,272,285,285,285,304,321,321,321,27,47,58,71,71,71],"floor_reached":50,"campfire_rested":6,"playtime":2254,"current_hp_per_floor":[80,80,80,72,59,59,22,46,46,70,63,67,70,60,60,17,80,80,68,68,66,63,45,69,55,55,55,55,44,68,68,68,15,80,80,80,70,68,68,68,51,42,42,66,66,64,63,51,75,0],"items_purged":[],"gold":71,"score":489,"play_id":"c39ab86f-6bfb-47eb-94cb-65962e064f01","local_time":"20180415003428","is_prod":false,"is_daily":false,"chose_seed":false,"is_ascension_mode":false,"campfire_upgraded":4,"timestamp":1523720068,"path_taken":["M","?","?","M","?","R","E","R","T","R","?","M","?","E","R","BOSS","M","?","$","M","M","M","R","?","T","?","M","M","R","?","R","BOSS","M","M","?","M","?","R","M","M","T","R","$","M","M","M","R","BOSS"],"build_version":"2018-04-12","seed_source_timestamp":222503375819330,"purchased_purges":0,"victory":false,"master_deck":["Strike_R","Strike_R","Strike_R","Strike_R","Defend_R","Defend_R","Defend_R","Bash","Corruption+1","Hemokinesis+1","Cleave","Pommel Strike","Whirlwind+1","Clothesline","Burning Pact","Rage+1","Dropkick","Offering","Shrug It Off+1","Flex","Shockwave","Thunderclap","Combust+1","Pommel Strike","Second Wind","Perfected Strike","Ghostly Armor","Headbutt","Offering","Seeing Red+1","Mind Blast+1","Master of Strategy","Sadistic Nature+1","Carnage","Headbutt","Inflame+1","Apotheosis","Offering","Flex+1","Perfected Strike+1"],"max_hp_per_floor":[80,80,80,80,80,80,80,80,80,80,80,80,80,80,80,80,80,80,80,80,80,80,80,80,80,80,80,80,80,80,80,80,80,80,80,80,80,80,80,80,80,80,80,80,80,80,80,80,80,80],"relics":["Burning Blood","Anchor","Lantern","Odd Mushroom","Blood Vial","Mark of Pain","Mummified Hand","Frozen Egg 2","Ancient Tea Set","Runic Dome","Ornamental Fan"],"card_choices":[{"not_picked":["Entrench","Cleave"],"picked":"Corruption","floor":1},{"not_picked":["Dual Wield","Bloodletting"],"picked":"Hemokinesis","floor":3},{"not_picked":["Iron Wave","Dropkick"],"picked":"Cleave","floor":4},{"not_picked":["True Grit","Warcry"],"picked":"Pommel Strike","floor":5},{"not_picked":["Warcry","Armaments"],"picked":"Whirlwind","floor":7},{"not_picked":["Shrug It Off","Pommel Strike"],"picked":"Clothesline","floor":11},{"not_picked":["True Grit","Body Slam"],"picked":"Burning Pact","floor":12},{"not_picked":["Cleave","Reckless Charge"],"picked":"Rage","floor":13},{"not_picked":["Metallicize","Reckless Charge"],"picked":"Dropkick","floor":14},{"not_picked":["Reaper","Fiend Fire"],"picked":"Offering","floor":16},{"not_picked":["Clothesline","Pommel Strike"],"picked":"Shrug It Off","floor":18},{"not_picked":["Clash","Cleave"],"picked":"Flex","floor":19},{"not_picked":["Bloodletting","Offering"],"picked":"Combust","floor":21},{"not_picked":["Armaments","Thunderclap"],"picked":"Pommel Strike","floor":22},{"not_picked":["Clothesline","Twin Strike"],"picked":"Second Wind","floor":23},{"not_picked":["Flex","Armaments"],"picked":"Perfected Strike","floor":25},{"not_picked":["Juggernaut","Perfected Strike"],"picked":"Ghostly Armor","floor":28},{"not_picked":["True Grit","Second Wind"],"picked":"Headbutt","floor":29},{"not_picked":["Barricade","Impervious"],"picked":"Offering","floor":33},{"not_picked":["Shockwave","Armaments"],"picked":"Seeing Red","floor":35},{"not_picked":["Trip","Panache"],"picked":"Mind Blast","floor":37},{"not_picked":["Blind","Trip"],"picked":"Master of Strategy","floor":37},{"not_picked":["Blind","Panacea"],"picked":"Sadistic Nature","floor":37},{"not_picked":["Anger","Reckless Charge"],"picked":"Carnage","floor":38},{"not_picked":["Corruption","Clash"],"picked":"Headbutt","floor":41},{"not_picked":["Bloodletting","Body Slam"],"picked":"Inflame","floor":42},{"not_picked":["Corruption","Fire Breathing"],"picked":"Offering","floor":46},{"not_picked":["Iron Wave","Sever Soul"],"picked":"Flex","floor":47},{"not_picked":["Ghostly Armor","Rage"],"picked":"Perfected Strike","floor":48}],"player_experience":0,"potions_floor_usage":[16,16,18,21,33,33,33,41,42,47,50,50],"damage_taken":[{"damage":0,"enemies":"2 Louse","floor":1,"turns":3},{"damage":0,"enemies":"Small Slimes","floor":3,"turns":3},{"damage":14,"enemies":"Jaw Worm","floor":4,"turns":4},{"damage":19,"enemies":"Gremlin Gang","floor":5,"turns":3},{"damage":43,"enemies":"Lagavulin","floor":7,"turns":6},{"damage":13,"enemies":"The Mushroom Lair","floor":11,"turns":3},{"damage":2,"enemies":"Blue Slaver","floor":12,"turns":3},{"damage":3,"enemies":"Exordium Wildlife","floor":13,"turns":3},{"damage":16,"enemies":"Gremlin Nob","floor":14,"turns":3},{"damage":51,"enemies":"The Guardian","floor":16,"turns":9},{"damage":6,"enemies":"2 Thieves","floor":18,"turns":3},{"damage":18,"enemies":"Shell Parasite","floor":19,"turns":4},{"damage":10,"enemies":"Snake Plant","floor":21,"turns":4},{"damage":11,"enemies":"Chosen and Byrds","floor":22,"turns":4},{"damage":26,"enemies":"Slaver and Parasite","floor":23,"turns":5},{"damage":22,"enemies":"Sentry and Sphere","floor":25,"turns":4},{"damage":8,"enemies":"Centurion and Healer","floor":28,"turns":5},{"damage":19,"enemies":"Snecko","floor":29,"turns":5},{"damage":76,"enemies":"Champ","floor":33,"turns":12},{"damage":4,"enemies":"3 Darklings","floor":35,"turns":1},{"damage":3,"enemies":"3 Shapes","floor":36,"turns":3},{"damage":10,"enemies":"Sphere and 2 Shapes","floor":38,"turns":4},{"damage":25,"enemies":"Maw","floor":41,"turns":5},{"damage":17,"enemies":"4 Shapes","floor":42,"turns":4},{"damage":10,"enemies":"Sphere and 2 Shapes","floor":46,"turns":3},{"damage":9,"enemies":"3 Darklings","floor":47,"turns":2},{"damage":20,"enemies":"Maw","floor":48,"turns":3},{"damage":89,"enemies":"Awakened One","floor":50,"turns":7}],"event_choices":[{"event_name":"Living Wall","player_choice":"Grow","floor":2,"damage_taken":0},{"event_name":"Mushrooms","player_choice":"Fought Mushrooms","floor":11,"damage_taken":0},{"event_name":"Beggar","player_choice":"Gave Gold","floor":31,"damage_taken":0},{"event_name":"SensoryStone","player_choice":"Memory 3","floor":37,"damage_taken":0},{"event_name":"Bonfire Elementals","player_choice":"BASIC","floor":39,"damage_taken":0}],"boss_relics":[{"not_picked":["Philosopher\u0027s Stone","Velvet Choker"],"picked":"Mark of Pain"},{"not_picked":["Sozu","Orrery"],"picked":"Runic Dome"}],"potions_floor_spawned":[1,4,7,12,13,14,16,23,25,28,36,38,47],"seed_played":"-2259130055452802614","killed_by":"Awakened One","ascension_level":0,"is_trial":false}