{"gold_per_floor":[109,109,109,133,113,113,147,147,174,198,534,549,572,257,257,383,383,402,501,501,526,526],"floor_reached":22,"playtime":1157,"items_purged":["Strike_R"],"score":296,"play_id":"dba04879-3dea-43a1-bf6d-ad9bf18619d4","local_time":"20190105101555","is_ascension_mode":true,"campfire_choices":[{"data":"Iron Wave","floor":6,"key":"SMITH"},{"data":"Bash","floor":8,"key":"SMITH"},{"floor":15,"key":"REST"}],"neow_cost":"NONE","seed_source_timestamp":521174517897962,"circlet_count":0,"master_deck":["Strike_R","Strike_R","Strike_R","Strike_R","Defend_R","Defend_R","Defend_R","Defend_R","Bash+1","Iron Wave+1","Sword Boomerang","Heavy Blade","Clothesline+1","Battle Trance","Intimidate","Spot Weakness","Chrysalis","Impervious","Pommel Strike","Shrug It Off"],"relics":["Burning Blood","NeowsBlessing","Golden Idol","Happy Flower","Anchor","Old Coin","Sozu"],"potions_floor_usage":[11,12,16],"damage_taken":[{"damage":0,"enemies":"Jaw Worm","floor":1,"turns":1},{"damage":0,"enemies":"2 Louse","floor":4,"turns":1},{"damage":0,"enemies":"Gremlin Nob","floor":7,"turns":1},{"damage":0,"enemies":"Cultist","floor":10,"turns":3},{"damage":23,"enemies":"Lagavulin","floor":11,"turns":6},{"damage":21,"enemies":"Exordium Thugs","floor":12,"turns":4},{"damage":0,"enemies":"3 Louse","floor":13,"turns":4},{"damage":30,"enemies":"Hexaghost","floor":16,"turns":9},{"damage":10,"enemies":"3 Byrds","floor":18,"turns":5},{"damage":0,"enemies":"Chosen","floor":21,"turns":4},{"damage":83,"enemies":"3 Cultists","floor":22,"turns":7}],"seed_played":"77877715842726430","potions_obtained":[{"floor":4,"key":"Strength Potion"},{"floor":5,"key":"Weak Potion"},{"floor":11,"key":"Explosive Potion"},{"floor":12,"key":"Strength Potion"}],"is_trial":false,"path_per_floor":["M","?","?","M","?","R","E","R","T","M","E","M","M","$","R","B",null,"M","?","?","M","M"],"character_chosen":"IRONCLAD","items_purchased":["Spot Weakness","Chrysalis"],"campfire_rested":1,"item_purchase_floors":[14,14],"current_hp_per_floor":[78,58,58,64,64,64,70,70,70,76,59,44,50,50,74,50,73,69,69,69,75,0],"gold":526,"neow_bonus":"THREE_ENEMY_KILL","is_prod":false,"is_daily":false,"chose_seed":false,"campfire_upgraded":2,"win_rate":0,"timestamp":1546650955,"path_taken":["M","?","?","M","?","R","E","R","T","M","E","M","?","$","R","BOSS","M","?","?","?","M"],"build_version":"2019-01-03v3","purchased_purges":1,"victory":false,"max_hp_per_floor":[80,80,80,80,80,80,80,80,80,80,80,80,80,80,80,80,80,80,80,80,80,80],"card_choices":[{"not_picked":["Flex","Havoc"],"picked":"Iron Wave","floor":1},{"not_picked":["Warcry","Dark Embrace"],"picked":"Sword Boomerang","floor":4},{"not_picked":["Wild Strike","Twin Strike"],"picked":"Heavy Blade","floor":7},{"not_picked":["Sword Boomerang","Dual Wield","Heavy Blade"],"picked":"SKIP","floor":10},{"not_picked":["Exhume","Carnage"],"picked":"Clothesline","floor":11},{"not_picked":["Feel No Pain","Clash"],"picked":"Battle Trance","floor":12},{"not_picked":["Rampage","Heavy Blade"],"picked":"Intimidate","floor":13},{"not_picked":["Fiend Fire","Double Tap"],"picked":"Impervious","floor":16},{"not_picked":["Corruption+1","Dropkick"],"picked":"Pommel Strike","floor":18},{"not_picked":["Wild Strike","Iron Wave"],"picked":"Shrug It Off","floor":21}],"player_experience":153184,"relics_obtained":[{"floor":7,"key":"Happy Flower"},{"floor":9,"key":"Anchor"},{"floor":11,"key":"Old Coin"}],"event_choices":[{"damage_healed":0,"gold_gain":0,"player_choice":"Take Damage","damage_taken":20,"relics_obtained":["Golden Idol"],"max_hp_gain":0,"max_hp_loss":0,"event_name":"Golden Idol","floor":2,"gold_loss":0},{"damage_healed":0,"gold_gain":0,"player_choice":"Ignored","damage_taken":0,"max_hp_gain":0,"max_hp_loss":0,"event_name":"Liars Game","floor":3,"gold_loss":0},{"damage_healed":0,"gold_gain":0,"player_choice":"Bought 1 Potion","damage_taken":0,"max_hp_gain":0,"max_hp_loss":0,"event_name":"The Woman in Blue","floor":5,"gold_loss":0},{"damage_healed":0,"gold_gain":99,"player_choice":"Stole From Cult","damage_taken":0,"max_hp_gain":0,"max_hp_loss":0,"event_name":"Nest","floor":19,"gold_loss":0},{"damage_healed":0,"gold_gain":0,"player_choice":"Forge","damage_taken":0,"max_hp_gain":0,"max_hp_loss":0,"event_name":"Accursed Blacksmith","floor":20,"gold_loss":0,"cards_upgraded":["Clothesline"]}],"is_beta":false,"boss_relics":[{"not_picked":["Empty Cage","Pandora\u0027s Box"],"picked":"Sozu"}],"items_purged_floors":[14],"is_endless":false,"potions_floor_spawned":[4,11,12,21],"killed_by":"3 Cultists","ascension_level":7}