{"gold_per_floor":[364,383,205,220,220,250,250,260,260,260,15,15,15,31,31,132,132,146,158,176,51,51,51,70,70,118,144,144,144,170,40,40,40],"floor_reached":33,"playtime":1393,"items_purged":["Strike_B","Defend_B","Strike_B"],"score":454,"play_id":"c5fdc9f1-56d7-480a-a6db-b412975b7800","local_time":"20190811014127","is_ascension_mode":true,"campfire_choices":[{"data":"Dualcast","floor":7,"key":"SMITH"},{"data":"White Noise","floor":10,"key":"SMITH"},{"data":"Zap","floor":12,"key":"SMITH"},{"floor":15,"key":"REST"},{"floor":23,"key":"REST"},{"data":"Hologram","floor":25,"key":"SMITH"},{"floor":29,"key":"REST"},{"floor":32,"key":"REST"}],"neow_cost":"PERCENT_DAMAGE","seed_source_timestamp":37092876454400,"circlet_count":0,"master_deck":["Strike_B","Strike_B","Defend_B","Defend_B","Defend_B","Zap+1","Dualcast+1","Streamline","Conserve Battery","Melter","Self Repair","White Noise+1","Defragment+1","Rebound+1","Ball Lightning+1","Biased Cognition","Hologram+1","Go for the Eyes+1","Sweeping Beam+1","Capacitor","Rip and Tear+1","Compile Driver+1","Skim+1","Defragment","Fusion+1"],"relics":["Cracked Core","Torii","Molten Egg 2","Dream Catcher","Nuclear Battery","Pen Nib","Cables","Strawberry"],"potions_floor_usage":[6,16,16,24,27,27,33],"damage_taken":[{"damage":1,"enemies":"Cultist","floor":1,"turns":3},{"damage":0,"enemies":"2 Louse","floor":2,"turns":2},{"damage":2,"enemies":"Jaw Worm","floor":4,"turns":3},{"damage":25,"enemies":"Gremlin Nob","floor":6,"turns":4},{"damage":7,"enemies":"Exordium Wildlife","floor":8,"turns":5},{"damage":7,"enemies":"3 Louse","floor":14,"turns":3},{"damage":0,"enemies":"Slime Boss","floor":16,"turns":5},{"damage":24,"enemies":"2 Thieves","floor":18,"turns":4},{"damage":7,"enemies":"Chosen","floor":19,"turns":3},{"damage":34,"enemies":"Snake Plant","floor":20,"turns":4},{"damage":3,"enemies":"Cultist and Chosen","floor":24,"turns":5},{"damage":21,"enemies":"Slavers","floor":27,"turns":2},{"damage":83,"enemies":"Automaton","floor":33,"turns":8}],"seed_played":"-5170945916870776947","potions_obtained":[{"floor":4,"key":"FearPotion"},{"floor":6,"key":"Poison Potion"},{"floor":14,"key":"FearPotion"},{"floor":16,"key":"PowerPotion"},{"floor":18,"key":"Fire Potion"},{"floor":24,"key":"LiquidBronze"}],"is_trial":false,"path_per_floor":["M","M","$","M","?","E","R","M","T","R","$","R","$","M","R","B",null,"M","M","M","$","?","R","M","R","T","E","?","R","T","$","R","B"],"character_chosen":"DEFECT","items_purchased":["Melter","Self Repair","Dream Catcher","Defragment","SkillPotion"],"campfire_rested":4,"item_purchase_floors":[3,3,11,31,31],"current_hp_per_floor":[49,49,49,54,59,41,41,41,41,41,41,41,41,41,63,63,72,55,55,28,28,28,50,54,54,54,33,19,43,50,50,76,0],"gold":40,"neow_bonus":"TWO_FIFTY_GOLD","is_prod":false,"is_daily":false,"chose_seed":false,"campfire_upgraded":4,"win_rate":0,"timestamp":1565455287,"path_taken":["M","M","$","M","?","E","R","M","T","R","$","R","?","M","R","BOSS","M","M","?","$","?","R","?","R","T","E","?","R","?","?","R","BOSS"],"build_version":"2019-07-17","purchased_purges":3,"victory":false,"max_hp_per_floor":[75,75,75,75,75,75,75,75,75,75,75,75,75,75,75,75,75,75,75,75,75,75,75,75,75,75,75,80,80,87,87,87,87],"card_choices":[{"not_picked":["Rebound","Go for the Eyes"],"picked":"Streamline","floor":1},{"not_picked":["Turbo","Tempest"],"picked":"Conserve Battery","floor":2},{"not_picked":["Stack","Gash"],"picked":"Hologram","floor":4},{"not_picked":["Darkness","Coolheaded"],"picked":"White Noise","floor":6},{"not_picked":["Cold Snap","Hyperbeam"],"picked":"Defragment","floor":8},{"not_picked":["Reinforced Body","Tempest"],"picked":"Rebound+1","floor":14},{"not_picked":["Hologram","Beam Cell+1"],"picked":"Ball Lightning+1","floor":15},{"not_picked":["Multi-Cast","Buffer"],"picked":"Biased Cognition","floor":16},{"not_picked":["Steam","Static Discharge"],"picked":"Hologram","floor":18},{"not_picked":["White Noise","Streamline+1"],"picked":"Go for the Eyes+1","floor":19},{"not_picked":["Beam Cell+1","Conserve Battery"],"picked":"Sweeping Beam+1","floor":20},{"not_picked":["Reprogram","BootSequence"],"picked":"Capacitor","floor":23},{"not_picked":["Sweeping Beam+1","Coolheaded"],"picked":"Rip and Tear+1","floor":24},{"not_picked":["Heatsinks","Creative AI"],"picked":"Compile Driver+1","floor":27},{"not_picked":["Storm","Compile Driver+1"],"picked":"Skim+1","floor":29},{"not_picked":["Sunder+1","Chill"],"picked":"Fusion+1","floor":32}],"player_experience":680440,"relics_obtained":[{"floor":6,"key":"Torii"},{"floor":9,"key":"Molten Egg 2"},{"floor":26,"key":"Pen Nib"},{"floor":27,"key":"Cables"},{"floor":30,"key":"Strawberry"}],"event_choices":[{"cards_removed":["Hologram"],"damage_healed":5,"gold_gain":0,"player_choice":"Offered Common","damage_taken":0,"max_hp_gain":0,"max_hp_loss":0,"event_name":"Bonfire Elementals","floor":5,"gold_loss":0},{"cards_removed":["Hologram"],"damage_healed":5,"gold_gain":0,"player_choice":"Offered Special","damage_taken":0,"max_hp_gain":0,"max_hp_loss":0,"event_name":"Bonfire Elementals","floor":5,"gold_loss":0},{"damage_healed":0,"gold_gain":0,"player_choice":"Upgraded","damage_taken":0,"max_hp_gain":0,"max_hp_loss":0,"event_name":"Upgrade Shrine","floor":22,"gold_loss":0,"cards_upgraded":["Defragment"]},{"damage_healed":0,"gold_gain":0,"player_choice":"Shed Blood","damage_taken":19,"max_hp_gain":5,"max_hp_loss":0,"event_name":"Forgotten Altar","floor":28,"gold_loss":0}],"is_beta":false,"boss_relics":[{"not_picked":["FrozenCore","Busted Crown"],"picked":"Nuclear Battery"}],"items_purged_floors":[3,11,21],"is_endless":false,"potions_floor_spawned":[4,6,14,16,18,24],"killed_by":"Automaton","ascension_level":9}