{"gold_per_floor":[365,384,53,53,53,53,71,97,121,121,46,59,59,70,70,70],"floor_reached":16,"playtime":358,"items_purged":["Writhe"],"score":195,"play_id":"c83762b9-f164-46cc-a676-b7bb4f761226","local_time":"20190824073943","is_ascension_mode":true,"campfire_choices":[{"floor":6,"key":"REST"},{"data":"Streamline","floor":10,"key":"SMITH"},{"data":"Zap","floor":13,"key":"SMITH"},{"data":"Redo","floor":15,"key":"SMITH"}],"neow_cost":"CURSE","seed_source_timestamp":263674896399400,"circlet_count":0,"master_deck":["AscendersBane","Strike_B+1","Strike_B","Strike_B","Defend_B","Defend_B","Defend_B","Defend_B","Zap+1","Dualcast","Gash","Leap","Ball Lightning+1","Streamline+1","BootSequence","Redo+1","Leap"],"relics":["Cracked Core","PreservedInsect","Potion Belt","Bag of Marbles"],"potions_floor_usage":[],"damage_taken":[{"damage":5,"enemies":"2 Louse","floor":1,"turns":3},{"damage":4,"enemies":"Small Slimes","floor":2,"turns":3},{"damage":7,"enemies":"Jaw Worm","floor":7,"turns":3},{"damage":20,"enemies":"3 Sentries","floor":8,"turns":6},{"damage":0,"enemies":"3 Louse","floor":12,"turns":2},{"damage":0,"enemies":"Looter","floor":14,"turns":2},{"damage":27,"enemies":"The Guardian","floor":16,"turns":5}],"seed_played":"5480504255761053525","potions_obtained":[{"floor":7,"key":"Ancient Potion"},{"floor":12,"key":"Ancient Potion"}],"is_trial":false,"path_per_floor":["M","M","$","?","?","R","M","E","T","R","?","M","R","M","R","B"],"character_chosen":"DEFECT","items_purchased":["PreservedInsect","Ball Lightning","Poison Potion"],"campfire_rested":1,"item_purchase_floors":[3,3,3],"current_hp_per_floor":[59,55,55,34,34,55,48,28,28,28,28,28,28,28,28,1],"gold":70,"neow_bonus":"TWO_FIFTY_GOLD","is_prod":false,"is_daily":false,"chose_seed":false,"campfire_upgraded":3,"win_rate":0,"timestamp":1566599983,"path_taken":["M","M","$","?","?","R","M","E","T","R","?","?","R","M","R","BOSS"],"build_version":"2019-07-17","purchased_purges":1,"victory":false,"max_hp_per_floor":[71,71,71,71,71,71,71,71,71,71,71,71,71,71,71,71],"card_choices":[{"not_picked":["Turbo","Hello World"],"picked":"Gash","floor":1},{"not_picked":["Skim","Turbo"],"picked":"Leap","floor":2},{"not_picked":["Force Field","Conserve Battery"],"picked":"Streamline","floor":7},{"not_picked":["Creative AI","Hello World"],"picked":"BootSequence","floor":8},{"not_picked":["Static Discharge","Steam"],"picked":"Redo","floor":12},{"not_picked":["Aggregate","Redo"],"picked":"Leap","floor":14}],"player_experience":798956,"relics_obtained":[{"floor":8,"key":"Potion Belt"},{"floor":9,"key":"Bag of Marbles"}],"event_choices":[{"damage_healed":0,"gold_gain":0,"player_choice":"Entered Light","damage_taken":21,"max_hp_gain":0,"max_hp_loss":0,"event_name":"Shining Light","floor":4,"gold_loss":0,"cards_upgraded":["Strike_B","Ball Lightning"]},{"damage_healed":0,"gold_gain":0,"player_choice":"Ignored","damage_taken":0,"max_hp_gain":0,"max_hp_loss":0,"event_name":"Liars Game","floor":5,"gold_loss":0},{"cards_removed":["Strike_B"],"damage_healed":0,"gold_gain":0,"player_choice":"Card Removal","damage_taken":0,"max_hp_gain":0,"max_hp_loss":0,"event_name":"The Cleric","floor":11,"gold_loss":75}],"is_beta":false,"boss_relics":[],"items_purged_floors":[3],"is_endless":false,"potions_floor_spawned":[7,12],"killed_by":"The Guardian","ascension_level":19}