{"path_per_floor":["M","M","?","?","M","R","$","R","T","?","M","M","M","M","R","B",null,"M"],"character_chosen":"DEFECT","items_purchased":["Capacitor","Dramatic Entrance"],"gold_per_floor":[115,132,132,307,325,325,103,103,103,103,113,130,150,164,164,264,264,282,282],"floor_reached":19,"campfire_rested":2,"playtime":899,"current_hp_per_floor":[63,54,54,54,54,54,54,75,75,75,65,54,45,45,67,21,85,12,0],"items_purged":["Doubt"],"gold":282,"score":161,"play_id":"70bbb71c-ce96-4039-bddd-32c1f9e9bec5","local_time":"20180505163637","is_prod":false,"is_daily":false,"chose_seed":false,"is_ascension_mode":false,"campfire_upgraded":1,"timestamp":1525509397,"path_taken":["M","M","?","?","?","R","$","R","T","?","M","M","M","M","R","BOSS","M","M"],"build_version":"2018-05-03","seed_source_timestamp":16927412187314,"purchased_purges":1,"victory":false,"master_deck":["Strike_B","Strike_B","Strike_B","Defend_B","Defend_B","Defend_B","Defend_B","Zap","Dualcast","Buffer","Consume+1","Capacitor","Dramatic Entrance","Rebound","Loop","Sweeping Beam","Double Energy","Reboot","Creative AI","Pain","Pain","Injury","Aggregate"],"max_hp_per_floor":[75,75,75,75,75,75,75,75,75,75,75,75,75,75,75,75,85,85,85],"relics":["Cracked Core","Shuriken","Calling Bell","Blood Vial","Pear","Sundial"],"card_choices":[{"not_picked":["Leap","Rebound"],"picked":"Buffer","floor":2},{"not_picked":["Aggregate","Leap"],"picked":"Consume","floor":5},{"not_picked":["Fission","Cold Snap"],"picked":"Loop","floor":11},{"not_picked":["Reinforced Body","Axe Kick"],"picked":"Sweeping Beam","floor":12},{"not_picked":["Capacitor","Impulse"],"picked":"Double Energy","floor":13},{"not_picked":["Force Field","Impulse"],"picked":"Reboot","floor":14},{"not_picked":["Echo Form","Seek"],"picked":"Creative AI","floor":16},{"not_picked":["Heatsinks","White Noise"],"picked":"Aggregate","floor":18}],"player_experience":10088,"potions_floor_usage":[14,16,18],"damage_taken":[{"damage":12,"enemies":"Jaw Worm","floor":1,"turns":5},{"damage":9,"enemies":"Cultist","floor":2,"turns":4},{"damage":0,"enemies":"Small Slimes","floor":5,"turns":5},{"damage":10,"enemies":"Looter","floor":11,"turns":3},{"damage":11,"enemies":"Large Slime","floor":12,"turns":4},{"damage":9,"enemies":"Blue Slaver","floor":13,"turns":4},{"damage":0,"enemies":"Gremlin Gang","floor":14,"turns":1},{"damage":46,"enemies":"The Guardian","floor":16,"turns":10},{"damage":73,"enemies":"3 Byrds","floor":18,"turns":6},{"damage":18,"enemies":"Spheric Guardian","floor":19,"turns":3}],"event_choices":[{"event_name":"The Woman in Blue","player_choice":"Bought 0 Potions","floor":3,"damage_taken":0},{"event_name":"Liars Game","player_choice":"agreed","floor":4,"damage_taken":0},{"event_name":"Living Wall","player_choice":"Change","floor":10,"damage_taken":0}],"boss_relics":[{"not_picked":["Nuclear Battery","Velvet Choker"],"picked":"Calling Bell"}],"potions_floor_spawned":[12,13,14,16],"seed_played":"-5800582388507600030","killed_by":"Spheric Guardian","ascension_level":0,"is_trial":false}