{"gold_per_floor":[117,117,6,20,20,20,46,63,63,76,76],"floor_reached":11,"playtime":305,"items_purged":["Doubt"],"score":146,"play_id":"75b33ca3-7f96-41a3-a737-2730506ff22b","local_time":"20190825014727","is_ascension_mode":true,"campfire_choices":[{"data":"Zap","floor":6,"key":"SMITH"}],"neow_cost":"CURSE","seed_source_timestamp":328992920920800,"circlet_count":0,"master_deck":["AscendersBane","Strike_B","Strike_B","Strike_B","Strike_B","Defend_B","Defend_B","Defend_B","Defend_B","Zap+1","Dualcast","Go for the Eyes","Regret","Darkness","Hologram","Pain","Rebound","Hologram","Sunder"],"relics":["Cracked Core","Unceasing Top","Shuriken","WarpedTongs","Oddly Smooth Stone","Centennial Puzzle"],"potions_floor_usage":[10],"damage_taken":[{"damage":3,"enemies":"2 Louse","floor":1,"turns":3},{"damage":3,"enemies":"Cultist","floor":4,"turns":3},{"damage":38,"enemies":"3 Sentries","floor":7,"turns":6},{"damage":17,"enemies":"Jaw Worm","floor":8,"turns":3},{"damage":2,"enemies":"Lots of Slimes","floor":10,"turns":1},{"damage":0,"enemies":"Gremlin Gang","floor":11,"turns":1}],"seed_played":"-712034836993992206","potions_obtained":[{"floor":7,"key":"Poison Potion"},{"floor":8,"key":"Explosive Potion"}],"is_trial":false,"path_per_floor":["M","?","$","M","?","R","E","M","T","M","M"],"character_chosen":"DEFECT","items_purchased":["Darkness"],"campfire_rested":0,"item_purchase_floors":[3],"current_hp_per_floor":[61,61,61,58,58,58,20,3,3,1,1],"gold":76,"neow_bonus":"ONE_RARE_RELIC","is_prod":false,"is_daily":false,"chose_seed":false,"campfire_upgraded":1,"win_rate":0,"timestamp":1566665247,"path_taken":["M","?","$","M","?","R","E","M","T","M","?"],"build_version":"2019-07-17","purchased_purges":1,"victory":false,"max_hp_per_floor":[71,71,71,71,71,71,71,71,71,71,71],"card_choices":[{"not_picked":["Cold Snap","Conserve Battery"],"picked":"Go for the Eyes","floor":1},{"not_picked":["Beam Cell","Go for the Eyes"],"picked":"Hologram","floor":4},{"not_picked":["Tempest","Scrape"],"picked":"Rebound","floor":7},{"not_picked":["Coolheaded","Steam"],"picked":"Hologram","floor":8},{"not_picked":["Loop","Go for the Eyes"],"picked":"Sunder","floor":10}],"player_experience":811538,"relics_obtained":[{"floor":7,"key":"Oddly Smooth Stone"},{"floor":9,"key":"Centennial Puzzle"}],"event_choices":[{"damage_healed":0,"gold_gain":0,"player_choice":"Box","damage_taken":0,"relics_obtained":["Shuriken"],"max_hp_gain":0,"max_hp_loss":0,"event_name":"Big Fish","floor":2,"gold_loss":0,"cards_obtained":["Regret"]},{"damage_healed":0,"gold_gain":0,"player_choice":"Rummage","damage_taken":0,"relics_obtained":["WarpedTongs"],"max_hp_gain":0,"max_hp_loss":0,"event_name":"Accursed Blacksmith","floor":5,"gold_loss":0,"cards_obtained":["Pain"]}],"is_beta":false,"boss_relics":[],"items_purged_floors":[3],"is_endless":false,"potions_floor_spawned":[7,8],"killed_by":"Gremlin Gang","ascension_level":20}