{"gold_per_floor":[112,112,173,185,197,197,222,222,222,222,292,292,368,430,442,558,570,593,100,150,110,127,127,145,214,214,214,19,19,82,93,93,195,195,208,226,67,53,123,148,148,183,183,199,199,232,244,144,144,144],"floor_reached":51,"playtime":3701,"items_purged":["Strike_R","Strike_R","Defend_R","Defend_R"],"score":823,"play_id":"c6428925-6682-4112-8e80-7f781aa3d172","local_time":"20190824212054","is_ascension_mode":true,"campfire_choices":[{"data":"Inflame","floor":6.0,"key":"SMITH"},{"floor":8.0,"key":"REST"},{"floor":10.0,"key":"REST"},{"data":"Pommel Strike","floor":12.0,"key":"SMITH"},{"data":"Disarm","floor":15.0,"key":"SMITH"},{"data":"Demon Form","floor":23.0,"key":"SMITH"},{"data":"Heavy Blade","floor":27.0,"key":"SMITH"},{"data":"Heavy Blade","floor":32.0,"key":"SMITH"},{"data":"Ghostly","floor":41,"key":"SMITH"},{"data":"Ghostly","floor":45,"key":"SMITH"},{"data":"Heavy Blade","floor":49,"key":"SMITH"}],"neow_cost":"NONE","seed_source_timestamp":0,"circlet_count":0,"master_deck":["Defend_R","Bash","Disarm+1","Inflame+1","Ghostly Armor","Spot Weakness","Pommel Strike+1","Demon Form+1","Heavy Blade+1","Dramatic Entrance","Corruption","Ghostly+1","Ghostly+1","Ghostly","Ghostly","Ghostly","Heavy Blade+1","Heavy Blade+1","Demon Form","Inflame","Heavy Blade+1"],"special_seed":0,"relics":["Burning Blood","SsserpentHead","Unceasing Top","WingedGreaves","MawBank","Sozu","Happy Flower","Tiny Chest","Meat on the Bone","Regal Pillow","Empty Cage","Gambling Chip","Pear","Centennial Puzzle","Pen Nib","Bag of Marbles"],"potions_floor_usage":[36],"damage_taken":[{"damage":10.0,"enemies":"Jaw Worm","floor":1.0,"turns":4.0},{"damage":11.0,"enemies":"Cultist","floor":3.0,"turns":4.0},{"damage":2.0,"enemies":"2 Louse","floor":4.0,"turns":3.0},{"damage":5.0,"enemies":"Looter","floor":5.0,"turns":4.0},{"damage":53.0,"enemies":"Gremlin Nob","floor":7.0,"turns":6.0},{"damage":16.0,"enemies":"Lots of Slimes","floor":11.0,"turns":5.0},{"damage":69.0,"enemies":"Slime Boss","floor":16.0,"turns":14.0},{"damage":30.0,"enemies":"3 Byrds","floor":18.0,"turns":7.0},{"damage":5.0,"enemies":"Spheric Guardian","floor":22.0,"turns":6.0},{"damage":4.0,"enemies":"Centurion and Healer","floor":24.0,"turns":6.0},{"damage":8.0,"enemies":"Chosen and Byrds","floor":25.0,"turns":6.0},{"damage":3.0,"enemies":"Cultist and Chosen","floor":30.0,"turns":5.0},{"damage":7.0,"enemies":"Shelled Parasite and Fungi","floor":31.0,"turns":6.0},{"damage":4,"enemies":"Automaton","floor":33,"turns":6},{"damage":12,"enemies":"3 Shapes","floor":35,"turns":4},{"damage":23,"enemies":"3 Darklings","floor":36,"turns":6},{"damage":15,"enemies":"4 Shapes","floor":39,"turns":7},{"damage":10,"enemies":"Nemesis","floor":40,"turns":7},{"damage":2,"enemies":"Giant Head","floor":42,"turns":6},{"damage":24,"enemies":"Spire Growth","floor":44,"turns":4},{"damage":4,"enemies":"Nemesis","floor":46,"turns":5},{"damage":4,"enemies":"Jaw Worm Horde","floor":47,"turns":4},{"damage":8,"enemies":"Donu and Deca","floor":50,"turns":7}],"seed_played":"3143946210111615118","potions_obtained":[{"floor":3.0,"key":"AttackPotion"},{"floor":4.0,"key":"EssenceOfSteel"},{"floor":5.0,"key":"LiquidBronze"},{"floor":16.0,"key":"BloodPotion"}],"is_trial":false,"path_per_floor":["M","?","M","M","M","R","E","R","T","R","M","R","T","?","R","B",null,"M","$","?","?","M","R","M","M","T","R","$","$","M","M","R","B",null,"M","M","$","?","M","E","R","E","T","M","R","E","M","$","R","B",null],"character_chosen":"IRONCLAD","items_purchased":["Dramatic Entrance","Corruption","Happy Flower","Tiny Chest","Regal Pillow","Inflame"],"campfire_rested":2,"item_purchase_floors":[19,19,19,19,28,37],"current_hp_per_floor":[84,84,79,83,84,84,37,63,63,88,78,78,78,71,71,8,88,64,64,44,44,44,44,44,42,42,42,42,42,44,43,43,44,44,38,32,32,32,35,41,41,45,45,39,39,41,43,43,43,41],"gold":144,"neow_bonus":"TEN_PERCENT_HP_BONUS","is_prod":false,"is_daily":false,"chose_seed":false,"campfire_upgraded":9,"win_rate":0,"timestamp":1566674454,"path_taken":["M","?","?","M","M","R","E","R","T","R","?","R","?","?","R","BOSS","M","$","?","?","M","R","M","?","T","R","?","$","?","M","R","BOSS","M","M","$","?","?","E","R","E","T","M","R","E","M","?","R","BOSS"],"build_version":"2019-07-17","purchased_purges":4,"victory":true,"max_hp_per_floor":[88,88,88,88,88,88,88,88,88,88,88,88,88,88,88,88,88,88,88,44,44,44,44,44,44,44,44,44,44,44,44,44,44,44,44,44,44,44,44,54,54,54,54,54,54,54,54,54,54,54],"card_choices":[{"not_picked":["Clash","Warcry"],"picked":"Disarm","floor":1.0},{"not_picked":["Fire Breathing","Thunderclap"],"picked":"Inflame","floor":3.0},{"not_picked":["Berserk","Havoc"],"picked":"Ghostly Armor","floor":4.0},{"not_picked":["Body Slam","Thunderclap"],"picked":"Spot Weakness","floor":5.0},{"not_picked":["Headbutt","Rupture"],"picked":"Pommel Strike","floor":7.0},{"not_picked":["True Grit","Entrench","Iron Wave"],"picked":"SKIP","floor":11.0},{"not_picked":["Fiend Fire","Dark Embrace"],"picked":"Demon Form","floor":16.0},{"not_picked":["Cleave","Spot Weakness"],"picked":"Heavy Blade+1","floor":18.0},{"not_picked":["Perfected Strike","Shrug It Off"],"picked":"Heavy Blade","floor":22.0},{"not_picked":["Evolve","Body Slam","Hemokinesis"],"picked":"SKIP","floor":24.0},{"not_picked":["Warcry","Feel No Pain+1","Pommel Strike+1"],"picked":"SKIP","floor":25.0},{"not_picked":["Perfected Strike","Immolate","Dual Wield+1"],"picked":"SKIP","floor":30.0},{"not_picked":["Battle Trance","Havoc"],"picked":"Heavy Blade","floor":31.0},{"not_picked":["Berserk","Dark Embrace"],"picked":"Demon Form","floor":33},{"not_picked":["Clothesline","Burning Pact+1","Hemokinesis+1"],"picked":"SKIP","floor":35},{"not_picked":["Perfected Strike","Thunderclap","Anger+1"],"picked":"SKIP","floor":36},{"not_picked":["Pommel Strike","Anger+1","Flame Barrier"],"picked":"SKIP","floor":39},{"not_picked":["Offering","Evolve+1","Wild Strike+1"],"picked":"SKIP","floor":40},{"not_picked":["Searing Blow+1","Headbutt","Immolate"],"picked":"SKIP","floor":42},{"not_picked":["Warcry+1","Headbutt+1","Shrug It Off"],"picked":"SKIP","floor":44},{"not_picked":["True Grit+1","Inflame+1"],"picked":"Heavy Blade","floor":46},{"not_picked":["True Grit+1","Warcry","Clothesline+1"],"picked":"SKIP","floor":47}],"player_experience":46150,"relics_obtained":[{"floor":7.0,"key":"Unceasing Top"},{"floor":9.0,"key":"WingedGreaves"},{"floor":13.0,"key":"MawBank"},{"floor":26.0,"key":"Meat on the Bone"},{"floor":40,"key":"Pear"},{"floor":42,"key":"Centennial Puzzle"},{"floor":43,"key":"Pen Nib"},{"floor":46,"key":"Bag of Marbles"}],"event_choices":[{"damage_healed":0.0,"max_hp_gain":0.0,"max_hp_loss":0.0,"gold_gain":0.0,"event_name":"FaceTrader","player_choice":"Trade","floor":2.0,"gold_loss":0.0,"damage_taken":0.0,"relics_obtained":["SsserpentHead"]},{"cards_removed":["Strike_R"],"damage_healed":0.0,"max_hp_gain":0.0,"max_hp_loss":0.0,"gold_gain":0.0,"event_name":"Golden Wing","player_choice":"Card Removal","floor":14.0,"gold_loss":0.0,"damage_taken":7.0},{"damage_healed":0.0,"max_hp_gain":0.0,"max_hp_loss":44.0,"gold_gain":0.0,"event_name":"Ghosts","player_choice":"Became a Ghost","floor":20.0,"gold_loss":0.0,"damage_taken":0.0,"cards_obtained":["Ghostly","Ghostly","Ghostly","Ghostly","Ghostly"]},{"cards_removed":["Strike_R"],"damage_healed":0.0,"max_hp_gain":0.0,"max_hp_loss":0.0,"gold_gain":0.0,"event_name":"Designer","player_choice":"Upgrade and Remove","floor":21.0,"gold_loss":90.0,"damage_taken":0.0,"cards_upgraded":["Strike_R"]},{"damage_healed":0,"gold_gain":0,"player_choice":"Paid Gold","damage_taken":0,"relics_obtained":["Gambling Chip"],"max_hp_gain":0,"max_hp_loss":0,"event_name":"WeMeetAgain","floor":38,"gold_loss":64}],"is_beta":false,"boss_relics":[{"not_picked":["Runic Dome","Velvet Choker"],"picked":"Sozu"},{"not_picked":["White Beast Statue","Runic Pyramid"],"picked":"Empty Cage"}],"items_purged_floors":[19,28,37,48],"is_endless":false,"potions_floor_spawned":[3,4,5,16,18,22,24,30,36,42],"ascension_level":1}