{"gold_per_floor":[15,33,49,61,74,74,74,86,113,124,144,144,174,174,174,272,272,290,265,177,177,177,177,204,204,204,28,28,38,38,54,54,127,177,190,205,205,205,224,224,18,50,50,50],"floor_reached":44,"playtime":2913,"items_purged":["Strike_G"],"score":946,"play_id":"4117dc0b-c618-4fd2-bf6b-67a1d738489b","local_time":"20190806143741","is_ascension_mode":true,"campfire_choices":[{"data":"Neutralize","floor":6,"key":"SMITH"},{"data":"Catalyst","floor":12,"key":"SMITH"},{"floor":15,"key":"REST"},{"data":"Venomology","floor":23,"key":"SMITH"},{"floor":25,"key":"REST"},{"floor":30,"key":"REST"},{"floor":32,"key":"REST"},{"data":"Well Laid Plans","floor":40,"key":"SMITH"}],"neow_cost":"NO_GOLD","seed_source_timestamp":304737940454900,"circlet_count":0,"master_deck":["AscendersBane","Strike_G","Strike_G","Strike_G","Strike_G","Defend_G+1","Defend_G","Defend_G","Defend_G","Defend_G","Survivor","Neutralize+1","Catalyst+1","Bouncing Flask","Catalyst","Glass Knife","Blur","Flying Knee","Deflect","Footwork","Venomology+1","Caltrops+1","PiercingWail","Noxious Fumes","Well Laid Plans+1","Acrobatics","Corpse Explosion","Venomology","Escape Plan","Crippling Poison+1","PiercingWail+1","Well Laid Plans","Footwork+1"],"relics":["Ring of the Snake","Potion Belt","Blue Candle","Bloody Idol","White Beast Statue","Lantern","Bronze Scales","Tiny House","Omamori","Molten Egg 2"],"potions_floor_usage":[5,8,10,16,16,18,19,24,24,24,31,31,33,33,33,33,35,35,36,36,36,36,39,39,42,42,42,42,42,42,42,42,44],"damage_taken":[{"damage":2,"enemies":"2 Louse","floor":1,"turns":3},{"damage":10,"enemies":"Cultist","floor":2,"turns":5},{"damage":6,"enemies":"Small Slimes","floor":3,"turns":5},{"damage":10,"enemies":"3 Louse","floor":4,"turns":5},{"damage":8,"enemies":"Exordium Wildlife","floor":5,"turns":7},{"damage":2,"enemies":"Gremlin Gang","floor":8,"turns":4},{"damage":7,"enemies":"Blue Slaver","floor":10,"turns":5},{"damage":7,"enemies":"3 Louse","floor":11,"turns":4},{"damage":25,"enemies":"Lagavulin","floor":13,"turns":5},{"damage":1,"enemies":"Hexaghost","floor":16,"turns":5},{"damage":0,"enemies":"Spheric Guardian","floor":18,"turns":3},{"damage":17,"enemies":"2 Thieves","floor":19,"turns":4},{"damage":32,"enemies":"Gremlin Leader","floor":24,"turns":7},{"damage":22,"enemies":"Centurion and Healer","floor":29,"turns":6},{"damage":36,"enemies":"Cultist and Chosen","floor":31,"turns":4},{"damage":21,"enemies":"Collector","floor":33,"turns":5},{"damage":28,"enemies":"3 Darklings","floor":35,"turns":3},{"damage":15,"enemies":"3 Shapes","floor":36,"turns":5},{"damage":8,"enemies":"Writhing Mass","floor":39,"turns":6},{"damage":25,"enemies":"Nemesis","floor":42,"turns":5},{"damage":45,"enemies":"Transient","floor":44,"turns":4}],"seed_played":"-6263165764921822130","potions_obtained":[{"floor":3,"key":"Weak Potion"},{"floor":5,"key":"Regen Potion"},{"floor":7,"key":"Fire Potion"},{"floor":10,"key":"Weak Potion"},{"floor":11,"key":"EssenceOfSteel"},{"floor":13,"key":"SteroidPotion"},{"floor":18,"key":"SpeedPotion"},{"floor":19,"key":"GamblersBrew"},{"floor":24,"key":"FearPotion"},{"floor":29,"key":"PowerPotion"},{"floor":31,"key":"Poison Potion"},{"floor":33,"key":"GamblersBrew"},{"floor":34,"key":"EntropicBrew"},{"floor":35,"key":"LiquidBronze"},{"floor":36,"key":"Swift Potion"},{"floor":39,"key":"Dexterity Potion"},{"floor":42,"key":"Weak Potion"}],"is_trial":false,"path_per_floor":["M","M","M","M","M","R","?","M","T","M","M","R","E","?","R","B",null,"M","M","$","?","?","R","E","R","T","$","$","M","R","M","R","B",null,"M","M","?","?","M","R","$","E","T","M"],"character_chosen":"THE_SILENT","items_purchased":["Noxious Fumes","Corpse Explosion","Well Laid Plans","Fire Potion"],"campfire_rested":4,"item_purchase_floors":[20,27,41,41],"current_hp_per_floor":[69,59,53,43,35,35,35,33,33,40,33,33,8,8,29,28,60,60,43,43,43,43,43,16,37,37,37,37,20,41,24,45,29,67,44,34,34,34,43,43,43,23,23,0],"gold":50,"neow_bonus":"TWENTY_PERCENT_HP_BONUS","is_prod":false,"is_daily":false,"chose_seed":false,"campfire_upgraded":4,"win_rate":0,"timestamp":1565069861,"path_taken":["M","M","M","M","M","R","?","?","T","M","M","R","E","?","R","BOSS","M","M","$","?","?","R","E","R","T","?","$","M","R","M","R","BOSS","M","?","?","?","M","R","$","E","T","M"],"build_version":"2019-07-17","purchased_purges":1,"victory":false,"max_hp_per_floor":[78,78,78,78,78,78,78,78,78,78,78,78,78,71,71,71,71,71,71,71,71,71,71,71,71,71,71,71,71,71,71,71,71,76,76,76,72,72,72,72,72,72,72,72],"card_choices":[{"not_picked":["Underhanded Strike","Bouncing Flask"],"picked":"Catalyst","floor":1},{"not_picked":["Prepared","Dagger Throw"],"picked":"Bouncing Flask","floor":2},{"not_picked":["Tactician","Reflex","Cloak And Dagger"],"picked":"SKIP","floor":3},{"not_picked":["Dagger Spray","Blur"],"picked":"Catalyst","floor":4},{"not_picked":["Masterful Stab","Expertise"],"picked":"Glass Knife","floor":5},{"not_picked":["PiercingWail","Deadly Poison"],"picked":"Blur","floor":8},{"not_picked":["Tactician","Poisoned Stab"],"picked":"Flying Knee","floor":10},{"not_picked":["All Out Attack","Skewer"],"picked":"Deflect","floor":11},{"not_picked":["Riddle With Holes","Well Laid Plans"],"picked":"Footwork","floor":13},{"not_picked":["Grand Finale","Unload"],"picked":"Venomology","floor":16},{"not_picked":["Underhanded Strike+1","Poisoned Stab"],"picked":"Caltrops+1","floor":18},{"not_picked":["Reflex","Terror+1"],"picked":"PiercingWail","floor":19},{"not_picked":["Dagger Throw","Endless Agony"],"picked":"Acrobatics","floor":24},{"not_picked":["Riddle With Holes","Infinite Blades+1","Masterful Stab+1"],"picked":"SKIP","floor":29},{"not_picked":["Envenom","Setup","Dodge and Roll"],"picked":"SKIP","floor":31},{"not_picked":["Grand Finale","Phantasmal Killer"],"picked":"Venomology","floor":33},{"not_picked":["Riddle With Holes","Eviscerate"],"picked":"Escape Plan","floor":35},{"not_picked":["Slice+1","Noxious Fumes"],"picked":"Crippling Poison+1","floor":36},{"not_picked":["Slice","Setup"],"picked":"PiercingWail+1","floor":39},{"not_picked":["Outmaneuver+1","Backflip"],"picked":"Footwork+1","floor":42}],"player_experience":587814,"relics_obtained":[{"floor":9,"key":"Potion Belt"},{"floor":13,"key":"Blue Candle"},{"floor":24,"key":"Lantern"},{"floor":26,"key":"Bronze Scales"},{"floor":42,"key":"Omamori"},{"floor":43,"key":"Molten Egg 2"}],"event_choices":[{"damage_healed":0,"gold_gain":0,"player_choice":"Got Potions","damage_taken":0,"max_hp_gain":0,"max_hp_loss":0,"event_name":"Lab","floor":7,"gold_loss":0},{"damage_healed":0,"gold_gain":0,"player_choice":"Lose Max HP","damage_taken":0,"relics_obtained":["Golden Idol"],"max_hp_gain":0,"max_hp_loss":7,"event_name":"Golden Idol","floor":14,"gold_loss":0},{"damage_healed":0,"gold_gain":0,"player_choice":"Read","damage_taken":0,"max_hp_gain":0,"max_hp_loss":0,"event_name":"The Library","floor":21,"gold_loss":0,"cards_obtained":["Well Laid Plans"]},{"damage_healed":0,"gold_gain":0,"player_choice":"Gave Idol","damage_taken":0,"relics_obtained":["Bloody Idol"],"max_hp_gain":0,"max_hp_loss":0,"event_name":"Forgotten Altar","floor":22,"relics_lost":["Golden Idol"],"gold_loss":0},{"damage_healed":0,"gold_gain":0,"player_choice":"Max HP","damage_taken":0,"max_hp_gain":0,"max_hp_loss":4,"event_name":"Winding Halls","floor":37,"gold_loss":0},{"damage_healed":0,"gold_gain":0,"player_choice":"Ignored","damage_taken":0,"max_hp_gain":0,"max_hp_loss":0,"event_name":"Tomb of Lord Red Mask","floor":38,"gold_loss":0}],"is_beta":false,"boss_relics":[{"not_picked":["Sozu","Orrery"],"picked":"White Beast Statue"},{"not_picked":["WristBlade","Pandora\u0027s Box"],"picked":"Tiny House"}],"items_purged_floors":[41],"is_endless":false,"potions_floor_spawned":[3,5,10,11,13,18,19,24,29,31,33,35,36,39,42],"killed_by":"Transient","ascension_level":19}