{"gold_per_floor":[109,109,1,19,40,71,71,98,98,111,111,141,141,191,191,267,267,284,334,384,434,21,47,109,109,109,129,89,89,104,118,118,118],"floor_reached":33,"playtime":2264,"items_purged":["Strike_B"],"score":597,"play_id":"266d31fe-5ca7-4e4b-93ae-6fae3afa45f4","local_time":"20190824050912","is_ascension_mode":true,"campfire_choices":[{"data":"Zap","floor":7,"key":"SMITH"},{"data":"Redo","floor":11,"key":"SMITH"},{"data":"Go for the Eyes","floor":13,"key":"SMITH"},{"data":"Dualcast","floor":15,"key":"SMITH"},{"floor":25,"key":"REST"},{"data":"White Noise","floor":29,"key":"SMITH"},{"data":"Glacier","floor":32,"key":"SMITH"}],"neow_cost":"NONE","seed_source_timestamp":252737717384000,"circlet_count":0,"master_deck":["AscendersBane","Strike_B","Strike_B","Strike_B","Defend_B","Defend_B","Defend_B","Defend_B","Zap+1","Dualcast+1","Redo+1","Bandage Up","Go for the Eyes+1","Ball Lightning","Machine Learning","Genetic Algorithm","Reinforced Body","Conserve Battery","Seek+1","Rebound+1","Self Repair","Necronomicurse","Glacier","Capacitor","Go for the Eyes+1","Scrape+1","White Noise+1","Reinforced Body","Chaos+1","Glacier+1"],"relics":["Cracked Core","NeowsBlessing","SsserpentHead","Gambling Chip","Potion Belt","Thread and Needle","Bottled Lightning","Nuclear Battery","Necronomicon","DataDisk","Molten Egg 2","Pantograph"],"potions_floor_usage":[8,16,23,23,30,30,33],"damage_taken":[{"damage":0,"enemies":"2 Louse","floor":1,"turns":1},{"damage":0,"enemies":"Cultist","floor":4,"turns":1},{"damage":0,"enemies":"Lagavulin","floor":6,"turns":1},{"damage":9,"enemies":"Gremlin Nob","floor":8,"turns":3},{"damage":0,"enemies":"Jaw Worm","floor":10,"turns":3},{"damage":3,"enemies":"3 Sentries","floor":12,"turns":8},{"damage":2,"enemies":"The Guardian","floor":16,"turns":9},{"damage":18,"enemies":"Spheric Guardian","floor":18,"turns":5},{"damage":28,"enemies":"Slavers","floor":23,"turns":8},{"damage":0,"enemies":"Shell Parasite","floor":24,"turns":9},{"damage":2,"enemies":"Cultist and Chosen","floor":27,"turns":7},{"damage":2,"enemies":"3 Cultists","floor":30,"turns":5},{"damage":0,"enemies":"Centurion and Healer","floor":31,"turns":12},{"damage":96,"enemies":"Collector","floor":33,"turns":24}],"seed_played":"752291423843992664","potions_obtained":[{"floor":6,"key":"AttackPotion"},{"floor":10,"key":"Poison Potion"},{"floor":18,"key":"SteroidPotion"},{"floor":24,"key":"Strength Potion"},{"floor":27,"key":"Fire Potion"},{"floor":31,"key":"SneckoOil"}],"is_trial":false,"path_per_floor":["M","?","$","M","$","E","R","E","T","M","R","E","R","?","R","B",null,"M","?","?","?","$","E","M","R","T","M","$","R","M","M","R","B"],"character_chosen":"DEFECT","items_purchased":["Bandage Up","Ball Lightning","Glacier","DataDisk","Capacitor","Dexterity Potion","Reinforced Body"],"campfire_rested":1,"item_purchase_floors":[3,5,22,22,22,22,28],"current_hp_per_floor":[64,64,64,64,64,64,64,55,55,59,59,60,60,60,60,62,69,53,53,32,32,32,15,26,47,47,49,49,49,58,69,69,0],"gold":118,"neow_bonus":"THREE_ENEMY_KILL","is_prod":false,"is_daily":false,"chose_seed":false,"campfire_upgraded":6,"win_rate":0,"timestamp":1566590952,"path_taken":["M","?","$","M","?","E","R","E","T","M","R","E","R","?","R","BOSS","M","?","?","?","$","E","?","R","T","M","$","R","M","M","R","BOSS"],"build_version":"2019-07-17","purchased_purges":1,"victory":false,"max_hp_per_floor":[71,71,71,71,71,71,71,71,71,71,71,71,71,71,71,71,71,71,71,71,71,71,71,71,71,71,71,71,71,71,71,71,71],"card_choices":[{"not_picked":["Stack","Hologram"],"picked":"Redo","floor":1},{"not_picked":["Blizzard","Beam Cell"],"picked":"Go for the Eyes","floor":4},{"not_picked":["Go for the Eyes","Loop"],"picked":"Machine Learning","floor":6},{"not_picked":["Coolheaded","Melter"],"picked":"Genetic Algorithm","floor":8},{"not_picked":["Ball Lightning","Leap"],"picked":"Reinforced Body","floor":10},{"not_picked":["Heatsinks","Conserve Battery","Blizzard"],"picked":"SKIP","floor":12},{"not_picked":["Heatsinks","Blizzard"],"picked":"Conserve Battery","floor":12},{"not_picked":["Reboot","Creative AI"],"picked":"Seek","floor":16},{"not_picked":["Skim","Conserve Battery"],"picked":"Rebound+1","floor":18},{"not_picked":["Stack","Leap"],"picked":"Go for the Eyes","floor":23},{"not_picked":["Leap","Go for the Eyes+1"],"picked":"Scrape+1","floor":24},{"not_picked":["Gash+1","Turbo+1"],"picked":"White Noise","floor":27},{"not_picked":["Streamline+1","Reprogram"],"picked":"Chaos+1","floor":30},{"not_picked":["Loop","Rebound+1"],"picked":"Glacier","floor":31}],"player_experience":788442,"relics_obtained":[{"floor":6,"key":"Gambling Chip"},{"floor":8,"key":"Potion Belt"},{"floor":9,"key":"Thread and Needle"},{"floor":12,"key":"Bottled Lightning"},{"floor":20,"key":"Necronomicon"},{"floor":23,"key":"Molten Egg 2"},{"floor":26,"key":"Pantograph"}],"event_choices":[{"damage_healed":0,"gold_gain":0,"player_choice":"Trade","damage_taken":0,"relics_obtained":["SsserpentHead"],"max_hp_gain":0,"max_hp_loss":0,"event_name":"FaceTrader","floor":2,"gold_loss":0},{"damage_healed":0,"gold_gain":0,"player_choice":"Ignored","damage_taken":0,"max_hp_gain":0,"max_hp_loss":0,"event_name":"Liars Game","floor":14,"gold_loss":0},{"damage_healed":0,"gold_gain":0,"player_choice":"Read","damage_taken":0,"max_hp_gain":0,"max_hp_loss":0,"event_name":"The Library","floor":19,"gold_loss":0,"cards_obtained":["Self Repair"]},{"damage_healed":0,"gold_gain":0,"player_choice":"Obtained Book","damage_taken":21,"max_hp_gain":0,"max_hp_loss":0,"event_name":"Cursed Tome","floor":20,"gold_loss":0},{"damage_healed":0,"gold_gain":0,"player_choice":"Upgraded","damage_taken":0,"max_hp_gain":0,"max_hp_loss":0,"event_name":"Upgrade Shrine","floor":21,"gold_loss":0,"cards_upgraded":["Seek"]}],"is_beta":false,"boss_relics":[{"not_picked":["Astrolabe","FrozenCore"],"picked":"Nuclear Battery"}],"items_purged_floors":[22],"is_endless":false,"potions_floor_spawned":[6,10,18,24,27,31],"killed_by":"Collector","ascension_level":19}