{"gold_per_floor":[110,127,143,155,168,198,198,5,5,5,36,52,82,101,101,198,198,210,240,255,255,255,255,286,286,313,330,330,344,0,31,31,127,127,141,152,152,167,177,177,187,187,187,41,51,51,64,76,76,76],"floor_reached":51,"playtime":5506,"items_purged":["Strike_R","Defend_R"],"score":1309,"play_id":"6d6294db-c9c0-41fb-a5e2-2281b8417dee","local_time":"20190825144644","is_ascension_mode":true,"campfire_choices":[{"data":"Corruption","floor":7,"key":"SMITH"},{"data":"Flex","floor":10,"key":"SMITH"},{"data":"Dark Embrace","floor":15,"key":"SMITH"},{"data":"Ghostly","floor":23,"key":"SMITH"},{"data":"Ghostly","floor":25,"key":"SMITH"},{"data":"Ghostly","floor":28,"key":"SMITH"},{"floor":32,"key":"REST"},{"data":"Flex","floor":40,"key":"SMITH"},{"data":"Corruption","floor":49,"key":"SMITH"}],"neow_cost":"NONE","seed_source_timestamp":370539034380400,"circlet_count":0,"master_deck":["Defend_R","Defend_R","Defend_R","Bash","Wild Strike","Corruption+1","Wild Strike","Feel No Pain","Infernal Blade","Burning Pact","Secret Technique","Flex+1","Feel No Pain","Dark Embrace+1","Exhume","Flame Barrier","Iron Wave","Limit Break","Ghostly Armor+1","Bloodletting+1","Body Slam+1","Shrug It Off+1","Metallicize+1","Sentinel+1","Flex+1","Ghostly+1","Ghostly+1","Ghostly","Ghostly","Ghostly+1","Evolve+1","Clothesline+1","Feed","Double Tap","Sword Boomerang","Shockwave","Reaper","Heavy Blade","True Grit+1","Disarm","Warcry+1","Disarm+1","Power Through","Corruption+1","Shrug It Off","Dark Embrace","Secret Weapon","Battle Trance+1"],"relics":["Burning Blood","Ancient Tea Set","Shuriken","Thread and Needle","Question Card","Prayer Wheel","Astrolabe","Tiny Chest","Enchiridion","Art of War","Centennial Puzzle","Strange Spoon","Red Mask","Cursed Key"],"potions_floor_usage":[6,16,16,38,39,50],"damage_taken":[{"damage":9,"enemies":"Jaw Worm","floor":1,"turns":6},{"damage":1,"enemies":"Cultist","floor":2,"turns":3},{"damage":0,"enemies":"2 Louse","floor":3,"turns":3},{"damage":17,"enemies":"2 Fungi Beasts","floor":4,"turns":5},{"damage":9,"enemies":"3 Louse","floor":5,"turns":4},{"damage":14,"enemies":"Gremlin Nob","floor":6,"turns":4},{"damage":0,"enemies":"3 Sentries","floor":11,"turns":7},{"damage":23,"enemies":"Exordium Thugs","floor":12,"turns":6},{"damage":0,"enemies":"Gremlin Nob","floor":13,"turns":4},{"damage":2,"enemies":"Looter","floor":14,"turns":3},{"damage":2,"enemies":"Slime Boss","floor":16,"turns":8},{"damage":15,"enemies":"Spheric Guardian","floor":18,"turns":5},{"damage":11,"enemies":"Shell Parasite","floor":20,"turns":5},{"damage":1,"enemies":"Book of Stabbing","floor":24,"turns":6},{"damage":3,"enemies":"Chosen and Byrds","floor":27,"turns":6},{"damage":2,"enemies":"Snake Plant","floor":29,"turns":5},{"damage":26,"enemies":"Masked Bandits","floor":31,"turns":8},{"damage":3,"enemies":"Collector","floor":33,"turns":8},{"damage":3,"enemies":"3 Shapes","floor":35,"turns":5},{"damage":2,"enemies":"3 Darklings","floor":36,"turns":8},{"damage":2,"enemies":"Maw","floor":38,"turns":8},{"damage":1,"enemies":"Writhing Mass","floor":39,"turns":8},{"damage":9,"enemies":"Jaw Worm Horde","floor":41,"turns":7},{"damage":13,"enemies":"Spire Growth","floor":45,"turns":7},{"damage":1,"enemies":"Maw","floor":47,"turns":5},{"damage":1,"enemies":"Jaw Worm Horde","floor":48,"turns":3},{"damage":1,"enemies":"Donu and Deca","floor":50,"turns":4}],"seed_played":"-5411626562326213594","potions_obtained":[{"floor":3,"key":"Weak Potion"},{"floor":11,"key":"BloodPotion"},{"floor":12,"key":"SkillPotion"},{"floor":13,"key":"Fire Potion"},{"floor":14,"key":"FearPotion"},{"floor":24,"key":"FearPotion"},{"floor":27,"key":"Explosive Potion"},{"floor":29,"key":"SpeedPotion"},{"floor":38,"key":"EssenceOfSteel"},{"floor":39,"key":"Regen Potion"}],"is_trial":false,"path_per_floor":["M","M","M","M","M","E","R","$","T","R","E","M","E","M","R","B",null,"M","?","M","?","?","R","E","R","T","M","R","M","$","?","R","B",null,"M","M","?","M","M","R","M","T","T","$","M","?","M","M","R","B",null],"character_chosen":"IRONCLAD","items_purchased":["Secret Technique","Flex","Strange Spoon","Shockwave","Shrug It Off"],"campfire_rested":1,"item_purchase_floors":[8,8,30,30,44],"current_hp_per_floor":[69,74,80,69,66,58,58,58,58,58,64,47,53,57,57,61,75,66,66,61,45,40,40,40,40,40,40,40,43,43,23,35,38,42,46,46,46,46,46,46,46,46,46,46,44,44,49,52,52,52],"gold":76,"neow_bonus":"RANDOM_COMMON_RELIC","is_prod":false,"is_daily":false,"chose_seed":false,"campfire_upgraded":8,"win_rate":0,"timestamp":1566712004,"path_taken":["M","M","M","M","M","E","R","$","T","R","E","M","E","M","R","BOSS","M","?","?","?","?","R","E","R","T","M","R","M","$","?","R","BOSS","M","M","?","M","?","R","M","?","T","?","M","?","M","M","R","BOSS"],"build_version":"2019-07-17","purchased_purges":2,"victory":true,"max_hp_per_floor":[80,80,80,80,80,80,80,80,80,80,80,80,80,80,80,80,80,80,80,80,80,40,40,40,40,40,40,40,43,43,43,43,43,43,46,46,46,46,46,46,49,49,49,49,49,49,49,52,52,52],"card_choices":[{"not_picked":["Blood for Blood","Feel No Pain"],"picked":"Wild Strike","floor":1},{"not_picked":["Reckless Charge","Power Through"],"picked":"Corruption","floor":2},{"not_picked":["Sword Boomerang","Dual Wield"],"picked":"Wild Strike","floor":3},{"not_picked":["Dropkick","Intimidate"],"picked":"Feel No Pain","floor":4},{"not_picked":["Warcry","Headbutt"],"picked":"Infernal Blade","floor":5},{"not_picked":["Rupture","Body Slam"],"picked":"Burning Pact","floor":6},{"not_picked":["Heavy Blade","Sword Boomerang"],"picked":"Feel No Pain","floor":11},{"not_picked":["Body Slam","Anger","Perfected Strike"],"picked":"Dark Embrace","floor":12},{"not_picked":["Power Through","Sword Boomerang","Iron Wave"],"picked":"Exhume","floor":13},{"not_picked":["Shrug It Off","Perfected Strike","Armaments"],"picked":"Flame Barrier","floor":14},{"not_picked":["Armaments","Havoc","Wild Strike"],"picked":"Iron Wave","floor":14},{"not_picked":["Bludgeon","Feed","Double Tap"],"picked":"Limit Break","floor":16},{"not_picked":["Ghostly Armor","Pommel Strike","Clothesline+1"],"picked":"Shrug It Off+1","floor":18},{"not_picked":["Perfected Strike+1","Entrench","Body Slam"],"picked":"Metallicize+1","floor":18},{"not_picked":["Intimidate","Body Slam","Clash"],"picked":"Sentinel+1","floor":20},{"not_picked":["Rampage+1","Body Slam","Shrug It Off"],"picked":"Flex","floor":20},{"not_picked":["Corruption","Flex","Headbutt"],"picked":"Evolve+1","floor":24},{"not_picked":["Body Slam","Perfected Strike+1","Sword Boomerang"],"picked":"Clothesline+1","floor":27},{"not_picked":["Flex","Pommel Strike","Wild Strike"],"picked":"Feed","floor":27},{"not_picked":["Warcry","Shrug It Off","Headbutt"],"picked":"Double Tap","floor":29},{"not_picked":["Searing Blow","Iron Wave","Clothesline"],"picked":"Sword Boomerang","floor":29},{"not_picked":["Exhume","Brutality","Feed"],"picked":"Reaper","floor":33},{"not_picked":["Blood for Blood","Iron Wave+1","Armaments"],"picked":"Heavy Blade","floor":35},{"not_picked":["Pommel Strike+1","Evolve","Burning Pact"],"picked":"True Grit+1","floor":35},{"not_picked":["Wild Strike+1","Fire Breathing","True Grit"],"picked":"Disarm","floor":36},{"not_picked":["Shockwave","Dark Embrace","Cleave","Searing Blow+1"],"picked":"SKIP","floor":36},{"not_picked":["Shockwave+1","Evolve+1","Twin Strike"],"picked":"Warcry+1","floor":38},{"not_picked":["Havoc+1","Metallicize+1","Heavy Blade+1","Thunderclap"],"picked":"SKIP","floor":38},{"not_picked":["Pommel Strike+1","Wild Strike","Heavy Blade"],"picked":"Disarm+1","floor":39},{"not_picked":["Iron Wave","Body Slam","Reaper"],"picked":"Power Through","floor":39},{"not_picked":["Armaments","Twin Strike","Evolve+1"],"picked":"Corruption","floor":41},{"not_picked":["Metallicize+1","Wild Strike","Clash+1","Perfected Strike"],"picked":"SKIP","floor":41},{"not_picked":["Anger+1","Havoc","Heavy Blade"],"picked":"Dark Embrace","floor":45},{"not_picked":["Ghostly Armor","Wild Strike+1","Pommel Strike","Twin Strike"],"picked":"SKIP","floor":45},{"not_picked":["Dark Shackles","Mind Blast","The Bomb"],"picked":"Secret Weapon","floor":46},{"not_picked":["Flame Barrier+1","Ghostly Armor","Clash+1"],"picked":"Battle Trance+1","floor":47},{"not_picked":["Armaments","Evolve","Heavy Blade+1","Rupture"],"picked":"SKIP","floor":47},{"not_picked":["Rupture+1","Clothesline+1","Dropkick","Sword Boomerang"],"picked":"SKIP","floor":48},{"not_picked":["Dual Wield","Rupture+1","Pommel Strike+1","True Grit"],"picked":"SKIP","floor":48}],"player_experience":827298,"relics_obtained":[{"floor":6,"key":"Shuriken"},{"floor":9,"key":"Thread and Needle"},{"floor":11,"key":"Question Card"},{"floor":13,"key":"Prayer Wheel"},{"floor":19,"key":"Tiny Chest"},{"floor":21,"key":"Enchiridion"},{"floor":24,"key":"Art of War"},{"floor":26,"key":"Centennial Puzzle"},{"floor":31,"key":"Red Mask"}],"event_choices":[{"damage_healed":0,"gold_gain":0,"player_choice":"Relic","damage_taken":0,"max_hp_gain":0,"max_hp_loss":0,"event_name":"Wheel of Change","floor":19,"gold_loss":0},{"damage_healed":0,"gold_gain":0,"player_choice":"Obtained Book","damage_taken":16,"max_hp_gain":0,"max_hp_loss":0,"event_name":"Cursed Tome","floor":21,"gold_loss":0},{"damage_healed":0,"gold_gain":0,"player_choice":"Became a Ghost","damage_taken":0,"max_hp_gain":0,"max_hp_loss":40,"event_name":"Ghosts","floor":22,"gold_loss":0,"cards_obtained":["Ghostly","Ghostly","Ghostly","Ghostly","Ghostly"]},{"damage_healed":0,"gold_gain":0,"player_choice":"Fought Bandits","damage_taken":0,"max_hp_gain":0,"max_hp_loss":0,"event_name":"Masked Bandits","floor":31,"gold_loss":0},{"cards_removed":["Strike_R"],"damage_healed":0,"gold_gain":0,"player_choice":"Offered Basic","damage_taken":0,"max_hp_gain":0,"max_hp_loss":0,"event_name":"Bonfire Elementals","floor":37,"gold_loss":0},{"damage_healed":0,"gold_gain":0,"player_choice":"Memory 1","damage_taken":0,"max_hp_gain":0,"max_hp_loss":0,"event_name":"SensoryStone","floor":46,"gold_loss":0}],"is_beta":false,"boss_relics":[{"not_picked":["Velvet Choker","Tiny House"],"picked":"Astrolabe"},{"not_picked":["Lizard Tail","Fusion Hammer"],"picked":"Cursed Key"}],"items_purged_floors":[30,44],"is_endless":false,"potions_floor_spawned":[3,11,12,13,14,24,27,29,38,39,47],"ascension_level":9}