{"gold_per_floor":[117,67,67,142,156,185,239,265,265,265,39,39,54,72,72,172,172,183,183,183,199,212,212,226,226,226,245,263,14,28,38,38,143,143,159,175,175,193,193,193,208,237,237,257,61,61,61,78,78,78],"floor_reached":51,"playtime":4344,"items_purged":["Strike_G","Strike_G"],"score":895,"play_id":"68a5ddf2-cdf4-457e-b65f-ee90e1f64cd9","local_time":"20190708132446","is_ascension_mode":true,"campfire_choices":[{"floor":10,"key":"REST"},{"data":"Neutralize","floor":12,"key":"SMITH"},{"floor":15,"key":"REST"},{"floor":23,"key":"REST"},{"data":"Bullet Time","floor":25,"key":"SMITH"},{"floor":32,"key":"REST"},{"data":"After Image","floor":40,"key":"SMITH"},{"data":"Footwork","floor":47,"key":"SMITH"},{"floor":49,"key":"REST"}],"neow_cost":"NONE","seed_source_timestamp":607226489204400,"circlet_count":0,"master_deck":["Strike_G","Strike_G","Defend_G","Defend_G","Defend_G","Defend_G","Defend_G","Survivor","Neutralize+1","All Out Attack","Storm of Steel","Noxious Fumes","Bullet Time+1","Acrobatics","Blur","Necronomicurse","Dodge and Roll+1","Dodge and Roll+1","Noxious Fumes","Die Die Die","Footwork+1","Catalyst","Backflip+1","Cloak And Dagger+1","After Image+1","Flying Knee+1","Predator","Deflect+1","Acrobatics","Blade Dance+1","Blur+1","Accuracy"],"relics":["Ring of the Snake","NeowsBlessing","Orichalcum","Centennial Puzzle","Thread and Needle","Bag of Preparation","WristBlade","Necronomicon","Bottled Lightning","White Beast Statue","Ornamental Fan","Dream Catcher","Bag of Marbles","TwistedFunnel"],"potions_floor_usage":[8,16,22,24,33,38,38,42,42,50,50],"damage_taken":[{"damage":0,"enemies":"Cultist","floor":1,"turns":1},{"damage":0,"enemies":"Jaw Worm","floor":5,"turns":1},{"damage":0,"enemies":"3 Sentries","floor":6,"turns":1},{"damage":47,"enemies":"Lagavulin","floor":8,"turns":11},{"damage":0,"enemies":"2 Louse","floor":13,"turns":3},{"damage":5,"enemies":"Looter","floor":14,"turns":4},{"damage":15,"enemies":"Hexaghost","floor":16,"turns":11},{"damage":1,"enemies":"Shell Parasite","floor":18,"turns":7},{"damage":11,"enemies":"2 Thieves","floor":21,"turns":3},{"damage":7,"enemies":"Shelled Parasite and Fungi","floor":22,"turns":7},{"damage":10,"enemies":"Snake Plant","floor":24,"turns":8},{"damage":1,"enemies":"Chosen and Byrds","floor":27,"turns":7},{"damage":5,"enemies":"Centurion and Healer","floor":28,"turns":17},{"damage":4,"enemies":"Snecko","floor":30,"turns":6},{"damage":9,"enemies":"Shelled Parasite and Fungi","floor":31,"turns":9},{"damage":0,"enemies":"Automaton","floor":33,"turns":10},{"damage":4,"enemies":"3 Darklings","floor":35,"turns":5},{"damage":0,"enemies":"3 Shapes","floor":36,"turns":6},{"damage":8,"enemies":"Transient","floor":38,"turns":5},{"damage":1,"enemies":"Maw","floor":41,"turns":9},{"damage":5,"enemies":"Reptomancer","floor":42,"turns":6},{"damage":0,"enemies":"Jaw Worm Horde","floor":44,"turns":3},{"damage":0,"enemies":"4 Shapes","floor":48,"turns":6},{"damage":51,"enemies":"Awakened One","floor":50,"turns":22}],"seed_played":"-1524418515291116436","potions_obtained":[{"floor":6,"key":"EssenceOfSteel"},{"floor":14,"key":"Swift Potion"},{"floor":16,"key":"Dexterity Potion"},{"floor":21,"key":"AttackPotion"},{"floor":24,"key":"SteroidPotion"},{"floor":27,"key":"Strength Potion"},{"floor":35,"key":"SteroidPotion"},{"floor":36,"key":"EssenceOfSteel"},{"floor":38,"key":"EssenceOfSteel"},{"floor":41,"key":"Block Potion"},{"floor":42,"key":"EssenceOfSteel"},{"floor":44,"key":"Ancient Potion"}],"is_trial":false,"path_per_floor":["M","?","?","?","M","E","T","E","T","R","$","R","M","M","R","B",null,"M","?","?","M","M","R","M","R","T","M","M","$","M","M","R","B",null,"M","M","?","M","T","R","M","E","T","M","$","?","R","M","R","B",null],"character_chosen":"THE_SILENT","items_purchased":["Noxious Fumes","Catalyst","Footwork","Catalyst","TwistedFunnel"],"campfire_rested":5,"item_purchase_floors":[11,11,29,29,45],"current_hp_per_floor":[70,70,70,59,59,59,59,12,12,33,33,33,33,28,49,34,61,60,60,44,33,26,47,37,37,37,36,31,31,27,18,39,39,62,58,58,70,62,62,62,61,56,56,56,56,56,56,56,70,19],"gold":78,"neow_bonus":"THREE_ENEMY_KILL","is_prod":false,"is_daily":false,"chose_seed":false,"campfire_upgraded":4,"win_rate":0,"timestamp":1562559886,"path_taken":["M","?","?","?","M","E","?","E","T","R","?","R","M","M","R","BOSS","M","?","?","M","M","R","M","R","T","M","M","$","M","?","R","BOSS","M","M","?","?","?","R","M","E","T","M","$","?","R","M","R","BOSS"],"build_version":"2019-07-05","purchased_purges":2,"victory":true,"max_hp_per_floor":[70,70,70,70,70,70,70,70,70,70,70,70,70,70,70,70,70,70,70,70,70,70,70,70,70,70,70,70,70,70,70,70,70,70,70,70,70,70,70,70,70,70,70,70,70,70,70,70,70,70],"card_choices":[{"not_picked":["Slice","Escape Plan"],"picked":"All Out Attack","floor":1},{"not_picked":["Deflect","Flechettes"],"picked":"Caltrops","floor":5},{"not_picked":["Accuracy","Distraction"],"picked":"Storm of Steel","floor":6},{"not_picked":["Deadly Poison","Storm of Steel","Flying Knee"],"picked":"SKIP","floor":8},{"not_picked":["Distraction","Acrobatics","Riddle With Holes"],"picked":"SKIP","floor":13},{"not_picked":["Deadly Poison","Underhanded Strike","Prepared"],"picked":"SKIP","floor":14},{"not_picked":["After Image","Tools of the Trade"],"picked":"Bullet Time","floor":16},{"not_picked":["Blade Dance","Outmaneuver"],"picked":"Acrobatics","floor":18},{"not_picked":["Deadly Poison","Acrobatics"],"picked":"Dodge and Roll+1","floor":21},{"not_picked":["Outmaneuver","Prepared"],"picked":"Dodge and Roll+1","floor":22},{"not_picked":["Tactician","Underhanded Strike+1"],"picked":"Noxious Fumes","floor":24},{"not_picked":["Infinite Blades","Distraction"],"picked":"Die Die Die","floor":27},{"not_picked":["Deadly Poison","PiercingWail","Reflex"],"picked":"SKIP","floor":28},{"not_picked":["Well Laid Plans","Flechettes"],"picked":"Backflip+1","floor":30},{"not_picked":["Caltrops+1","Bouncing Flask"],"picked":"Cloak And Dagger+1","floor":31},{"not_picked":["Grand Finale","Phantasmal Killer"],"picked":"After Image","floor":33},{"not_picked":["Outmaneuver+1","Tactician"],"picked":"Flying Knee+1","floor":35},{"not_picked":["Skewer+1","Deflect"],"picked":"Predator","floor":36},{"not_picked":["Underhanded Strike+1","All Out Attack","Prepared"],"picked":"SKIP","floor":38},{"not_picked":["Infinite Blades","Bouncing Flask+1"],"picked":"Deflect+1","floor":41},{"not_picked":["Riddle With Holes","Expertise+1"],"picked":"Acrobatics","floor":42},{"not_picked":["Deadly Poison+1","Flying Knee+1"],"picked":"Blade Dance+1","floor":44},{"not_picked":["Distraction+1","Dagger Spray"],"picked":"Blur+1","floor":48},{"not_picked":["PiercingWail+1","Grand Finale"],"picked":"Accuracy","floor":49}],"player_experience":313042,"relics_obtained":[{"floor":6,"key":"Orichalcum"},{"floor":7,"key":"Centennial Puzzle"},{"floor":8,"key":"Thread and Needle"},{"floor":9,"key":"Bag of Preparation"},{"floor":20,"key":"Necronomicon"},{"floor":26,"key":"Bottled Lightning"},{"floor":39,"key":"Ornamental Fan"},{"floor":42,"key":"Dream Catcher"},{"floor":43,"key":"Bag of Marbles"}],"event_choices":[{"cards_removed":["Strike_G"],"damage_healed":0,"gold_gain":0,"player_choice":"Card Removal","damage_taken":0,"max_hp_gain":0,"max_hp_loss":0,"event_name":"The Cleric","floor":2,"gold_loss":50},{"damage_healed":0,"gold_gain":0,"player_choice":"Ignored","damage_taken":0,"max_hp_gain":0,"max_hp_loss":0,"event_name":"Liars Game","floor":3,"gold_loss":0},{"damage_healed":0,"gold_gain":75,"player_choice":"Gather Gold","damage_taken":11,"max_hp_gain":0,"max_hp_loss":0,"event_name":"World of Goop","floor":4,"gold_loss":0},{"damage_healed":0,"gold_gain":0,"player_choice":"Read","damage_taken":0,"max_hp_gain":0,"max_hp_loss":0,"event_name":"The Library","floor":19,"gold_loss":0,"cards_obtained":["Blur"]},{"damage_healed":0,"gold_gain":0,"player_choice":"Obtained Book","damage_taken":16,"max_hp_gain":0,"max_hp_loss":0,"event_name":"Cursed Tome","floor":20,"gold_loss":0},{"cards_removed":["Caltrops"],"damage_healed":12,"gold_gain":0,"player_choice":"Offered Uncommon","damage_taken":0,"max_hp_gain":0,"max_hp_loss":0,"event_name":"Bonfire Elementals","floor":37,"gold_loss":0},{"cards_removed":["Catalyst"],"damage_healed":0,"gold_gain":0,"player_choice":"Removed Skill","damage_taken":0,"max_hp_gain":0,"max_hp_loss":0,"event_name":"Falling","floor":46,"gold_loss":0}],"is_beta":false,"boss_relics":[{"not_picked":["Black Star","Astrolabe"],"picked":"WristBlade"},{"not_picked":["Runic Dome","Snecko Eye"],"picked":"White Beast Statue"}],"items_purged_floors":[11,29],"is_endless":false,"potions_floor_spawned":[6,14,16,21,24,27,35,36,38,41,42,44,48],"ascension_level":5}