{"gold_per_floor":[116,133,145,70,89,89,1,1,25,51,76,153,165,188,200,314,326,357,118,134,49,49,49,64,64,64,64,64,64,64,74,74,74],"floor_reached":33,"playtime":1966,"items_purged":["Normality","Strike_G"],"score":284,"play_id":"8b0a343f-f4cb-44cb-a75a-4fec891b7f11","local_time":"20190707092951","is_ascension_mode":true,"campfire_choices":[{"data":"Neutralize","floor":6,"key":"SMITH"},{"data":"Skewer","floor":8,"key":"SMITH"},{"floor":15,"key":"REST"},{"floor":23,"key":"REST"},{"floor":25,"key":"REST"},{"data":"Envenom","floor":27,"key":"SMITH"},{"floor":32,"key":"REST"}],"neow_cost":"CURSE","seed_source_timestamp":509118452849200,"circlet_count":0,"master_deck":["Strike_G+1","Strike_G+1","Strike_G+1","Defend_G+1","Defend_G+1","Defend_G+1","Defend_G+1","Defend_G+1","Survivor","Neutralize+1","Adrenaline","Accuracy","Sucker Punch","Caltrops","Skewer+1","Dark Shackles","Blur+1","Distraction","Setup","Adrenaline","Dash","Envenom+1","Crippling Poison"],"relics":["Ring of the Snake","MawBank","Strawberry","Black Star","PreservedInsect","Boot","Vajra"],"potions_floor_usage":[5,12,16,18,24,31,33],"damage_taken":[{"damage":0,"enemies":"2 Louse","floor":1,"turns":2},{"damage":4,"enemies":"Small Slimes","floor":2,"turns":5},{"damage":2,"enemies":"Jaw Worm","floor":3,"turns":5},{"damage":11,"enemies":"Looter","floor":5,"turns":3},{"damage":2,"enemies":"Blue Slaver","floor":10,"turns":3},{"damage":0,"enemies":"2 Fungi Beasts","floor":11,"turns":3},{"damage":22,"enemies":"3 Sentries","floor":12,"turns":9},{"damage":6,"enemies":"Exordium Thugs","floor":14,"turns":5},{"damage":32,"enemies":"The Guardian","floor":16,"turns":16},{"damage":22,"enemies":"3 Byrds","floor":18,"turns":5},{"damage":35,"enemies":"Spheric Guardian","floor":20,"turns":13},{"damage":21,"enemies":"Centurion and Healer","floor":24,"turns":10},{"damage":32,"enemies":"Sentry and Sphere","floor":31,"turns":11},{"damage":26,"enemies":"Collector","floor":33,"turns":6}],"seed_played":"-1629194223958329441","potions_obtained":[{"floor":2,"key":"GamblersBrew"},{"floor":3,"key":"Swift Potion"},{"floor":10,"key":"SpeedPotion"},{"floor":11,"key":"Block Potion"},{"floor":14,"key":"Regen Potion"},{"floor":20,"key":"Dexterity Potion"},{"floor":31,"key":"Strength Potion"}],"is_trial":false,"path_per_floor":["M","M","M","$","M","R","$","R","T","M","M","?","?","M","R","B",null,"M","$","M","?","?","R","M","R","T","R","$","$","?","M","R","B"],"character_chosen":"THE_SILENT","items_purchased":["Dark Shackles","PreservedInsect"],"campfire_rested":4,"item_purchase_floors":[7,19],"current_hp_per_floor":[70,66,64,64,53,53,53,53,53,51,51,36,29,23,46,29,77,55,55,20,20,20,43,22,45,45,45,45,45,45,13,36,10],"gold":74,"neow_bonus":"THREE_RARE_CARDS","is_prod":false,"is_daily":false,"chose_seed":false,"campfire_upgraded":3,"win_rate":0,"timestamp":1562459391,"path_taken":["M","M","M","$","M","R","$","R","T","M","M","?","?","M","R","BOSS","M","$","M","?","?","R","M","R","T","R","?","$","?","M","R","BOSS"],"build_version":"2019-07-05","purchased_purges":2,"victory":false,"max_hp_per_floor":[70,70,70,70,70,70,70,70,70,70,70,77,77,77,77,77,77,77,77,77,77,77,77,77,77,77,77,77,77,77,77,77,77],"card_choices":[{"not_picked":["Grand Finale","Die Die Die"],"picked":"Adrenaline","floor":0},{"not_picked":["Slice","Tactician"],"picked":"Accuracy","floor":1},{"not_picked":["Outmaneuver","Prepared"],"picked":"Sucker Punch","floor":2},{"not_picked":["Deflect","Dagger Throw"],"picked":"Caltrops","floor":3},{"not_picked":["Blade Dance","Flechettes"],"picked":"Skewer","floor":5},{"not_picked":["Eviscerate","Predator"],"picked":"Blur","floor":10},{"not_picked":["Leg Sweep","Dagger Spray"],"picked":"Distraction","floor":11},{"not_picked":["Dagger Throw","Slice"],"picked":"Setup","floor":14},{"not_picked":["Venomology","Corpse Explosion"],"picked":"Adrenaline","floor":16},{"not_picked":["Quick Slash","Slice"],"picked":"Dash","floor":18},{"not_picked":["Quick Slash","PiercingWail","Bane"],"picked":"SKIP","floor":20},{"not_picked":["Backstab","Dagger Throw"],"picked":"Envenom","floor":24},{"not_picked":["Blade Dance","Dagger Throw"],"picked":"Crippling Poison","floor":31}],"player_experience":277733,"relics_obtained":[{"floor":9,"key":"MawBank"},{"floor":26,"key":"Vajra"}],"event_choices":[{"damage_healed":0,"gold_gain":30,"player_choice":"Searched \u00273\u0027 times","damage_taken":0,"relics_obtained":["Strawberry"],"max_hp_gain":0,"max_hp_loss":0,"event_name":"Dead Adventurer","floor":12,"gold_loss":0},{"cards_removed":["Strike_G"],"damage_healed":0,"gold_gain":0,"player_choice":"Card Removal","damage_taken":7,"max_hp_gain":0,"max_hp_loss":0,"event_name":"Golden Wing","floor":13,"gold_loss":0},{"damage_healed":0,"gold_gain":0,"player_choice":"Obtained Relic","damage_taken":0,"relics_obtained":["Boot"],"max_hp_gain":0,"max_hp_loss":0,"event_name":"Addict","floor":21,"gold_loss":85},{"damage_healed":0,"gold_gain":0,"player_choice":"Simplicity","damage_taken":0,"max_hp_gain":0,"max_hp_loss":0,"event_name":"Back to Basics","floor":22,"gold_loss":0,"cards_upgraded":["Strike_G","Strike_G","Strike_G","Defend_G","Defend_G","Defend_G","Defend_G","Defend_G"]},{"damage_healed":0,"gold_gain":0,"player_choice":"Upgraded","damage_taken":0,"max_hp_gain":0,"max_hp_loss":0,"event_name":"Upgrade Shrine","floor":30,"gold_loss":0,"cards_upgraded":["Blur"]}],"is_beta":false,"boss_relics":[{"not_picked":["Coffee Dripper","HoveringKite"],"picked":"Black Star"}],"items_purged_floors":[4,19],"is_endless":false,"potions_floor_spawned":[2,3,10,11,14,20,31],"killed_by":"Collector","ascension_level":4}