{"path_per_floor":["M","M","?","M","M","E","R","M","T","R","M","M","R","E","R","B",null,"M","$","?","M","M","R","?"],"character_chosen":"DEFECT","items_purchased":["Toolbox"],"gold_per_floor":[19,33,33,47,65,94,94,114,114,114,130,145,145,171,171,272,272,284,42,42,55,70,70,70,70],"floor_reached":25,"campfire_rested":3,"playtime":1990,"current_hp_per_floor":[88,85,85,85,84,70,70,57,57,83,80,77,89,55,81,50,89,73,73,73,73,73,73,73,0],"items_purged":[],"gold":70,"score":215,"play_id":"c54f9349-060e-4caa-8401-4c2f9e4b406b","local_time":"20180512225733","is_prod":false,"is_daily":false,"chose_seed":false,"is_ascension_mode":false,"campfire_upgraded":2,"timestamp":1526137053,"path_taken":["M","?","?","M","M","E","R","M","T","R","M","M","R","E","R","BOSS","M","$","?","M","?","R","?","E"],"build_version":"2018-05-10","seed_source_timestamp":49720750734722,"purchased_purges":0,"victory":false,"master_deck":["Strike_B","Defend_B","Defend_B","Defend_B","Defend_B","Zap","Dualcast","Static Discharge","BootSequence","Chill","Turbo+1","Scrape+1","Capacitor+1","Defragment+1","Buffer+1","Steam+1","Darkness+1","Beam Cell+1","Capacitor+1","Conserve Battery+1"],"max_hp_per_floor":[89,89,89,89,89,89,89,89,89,89,89,89,89,89,89,89,89,89,89,89,89,89,89,89,89],"relics":["Cracked Core","Anchor","Frozen Egg 2","Meat on the Bone","Astrolabe","Toolbox"],"card_choices":[{"not_picked":["Impulse","Sweeping Beam"],"picked":"Static Discharge","floor":1},{"not_picked":["Cold Snap","Lockon"],"picked":"BootSequence","floor":2},{"not_picked":["Cold Snap","Go for the Eyes"],"picked":"Chill","floor":5},{"not_picked":["Amplify","Ball Lightning"],"picked":"Turbo","floor":6},{"not_picked":["Turbo","Hologram"],"picked":"Scrape","floor":8},{"not_picked":["Melter","Hello World"],"picked":"Capacitor","floor":11},{"not_picked":["Turbo","Rip and Tear"],"picked":"Defragment","floor":14},{"not_picked":["Rainbow","Fission"],"picked":"Buffer","floor":16},{"not_picked":["Turbo","Cold Snap"],"picked":"Capacitor","floor":18},{"not_picked":["Beam Cell","Steam"],"picked":"Conserve Battery","floor":21}],"player_experience":53382,"potions_floor_usage":[5,8,16,25],"damage_taken":[{"damage":1,"enemies":"Cultist","floor":1,"turns":4},{"damage":3,"enemies":"Jaw Worm","floor":2,"turns":4},{"damage":0,"enemies":"Small Slimes","floor":4,"turns":3},{"damage":1,"enemies":"Red Slaver","floor":5,"turns":3},{"damage":14,"enemies":"3 Sentries","floor":6,"turns":8},{"damage":13,"enemies":"Large Slime","floor":8,"turns":3},{"damage":3,"enemies":"2 Fungi Beasts","floor":11,"turns":4},{"damage":3,"enemies":"3 Louse","floor":12,"turns":3},{"damage":34,"enemies":"Gremlin Nob","floor":14,"turns":5},{"damage":43,"enemies":"Slime Boss","floor":16,"turns":10},{"damage":16,"enemies":"3 Byrds","floor":18,"turns":4},{"damage":0,"enemies":"Chosen","floor":21,"turns":6},{"damage":0,"enemies":"Snecko","floor":22,"turns":6},{"damage":75,"enemies":"Gremlin Leader","floor":25,"turns":7}],"event_choices":[{"event_name":"Golden Wing","player_choice":"Ignored","floor":3,"damage_taken":0},{"event_name":"Vampires","player_choice":"Ignored","floor":20,"damage_taken":0},{"event_name":"The Mausoleum","player_choice":"No","floor":24,"damage_taken":0}],"boss_relics":[{"not_picked":["Philosopher\u0027s Stone","Runic Pyramid"],"picked":"Astrolabe"}],"potions_floor_spawned":[1,2,4,16,22],"seed_played":"874672724959493792","killed_by":"Gremlin Leader","ascension_level":0,"is_trial":false}