{"gold_per_floor":[114,131,131,131,149,149,159,159,229,229,261,261,29,48,48,152,152,162,77,88,100,100,100,100,100,124,142,160,160,160,160,160,261,261,273,289,259,2,18,0,0,100,152,162,176,195,195,205,205,205],"floor_reached":51,"playtime":2153,"items_purged":["Strike_G","Strike_G"],"score":749,"play_id":"8393ddd6-0d11-4a6c-8e69-ec8fd366983e","local_time":"20190824191335","is_ascension_mode":false,"campfire_choices":[{"floor":6.0,"key":"REST"},{"data":"Catalyst","floor":8.0,"key":"SMITH"},{"floor":10.0,"key":"REST"},{"data":"Catalyst","floor":12.0,"key":"SMITH"},{"data":"Deadly Poison","floor":15.0,"key":"SMITH"},{"floor":23.0,"key":"REST"},{"data":"Neutralize","floor":25.0,"key":"SMITH"},{"data":"Corpse Explosion","floor":29.0,"key":"SMITH"},{"data":"Crippling Poison","floor":32.0,"key":"SMITH"},{"floor":41.0,"key":"REST"},{"floor":47.0,"key":"REST"},{"floor":49.0,"key":"REST"}],"neow_cost":"NONE","seed_source_timestamp":0,"circlet_count":0,"master_deck":["Strike_G","Defend_G","Defend_G","Defend_G","Defend_G","Defend_G","Survivor","Neutralize+1","Dagger Throw","Deadly Poison+1","Poisoned Stab","Catalyst+1","Catalyst+1","Crippling Poison+1","Poisoned Stab","Footwork","Acrobatics","Corpse Explosion+1","Noxious Fumes+1","Poisoned Stab","Catalyst+1","Deflect+1","Backstab+1","Backflip+1","Poisoned Stab+1"],"special_seed":0,"relics":["Ring of the Serpent","Happy Flower","Ninja Scroll","Bag of Marbles","Paper Crane","Ancient Tea Set","Fusion Hammer","Orichalcum","Red Mask","Incense Burner","Bronze Scales"],"potions_floor_usage":[50,50,50],"damage_taken":[{"damage":1.0,"enemies":"2 Louse","floor":1.0,"turns":4.0},{"damage":2.0,"enemies":"Small Slimes","floor":2.0,"turns":4.0},{"damage":2.0,"enemies":"Jaw Worm","floor":5.0,"turns":4.0},{"damage":14.0,"enemies":"Exordium Thugs","floor":7.0,"turns":6.0},{"damage":13.0,"enemies":"Lagavulin","floor":11.0,"turns":4.0},{"damage":0.0,"enemies":"Blue Slaver","floor":14.0,"turns":1.0},{"damage":9.0,"enemies":"Slime Boss","floor":16.0,"turns":10.0},{"damage":18.0,"enemies":"Spheric Guardian","floor":18.0,"turns":4.0},{"damage":0.0,"enemies":"3 Byrds","floor":20.0,"turns":2.0},{"damage":10.0,"enemies":"Cultist and Chosen","floor":21.0,"turns":6.0},{"damage":0.0,"enemies":"3 Cultists","floor":27.0,"turns":2.0},{"damage":3.0,"enemies":"Centurion and Healer","floor":28.0,"turns":3.0},{"damage":24.0,"enemies":"Collector","floor":33.0,"turns":3.0},{"damage":7.0,"enemies":"3 Darklings","floor":35.0,"turns":6.0},{"damage":5.0,"enemies":"3 Shapes","floor":36.0,"turns":2.0},{"damage":18.0,"enemies":"3 Darklings","floor":39.0,"turns":5.0},{"damage":10.0,"enemies":"Mind Bloom Boss Battle","floor":42.0,"turns":3.0},{"damage":0.0,"enemies":"Transient","floor":44.0,"turns":4.0},{"damage":4.0,"enemies":"Spire Growth","floor":45.0,"turns":3.0},{"damage":15.0,"enemies":"Writhing Mass","floor":46.0,"turns":3.0},{"damage":15.0,"enemies":"4 Shapes","floor":48.0,"turns":1.0},{"damage":0,"enemies":"Time Eater","floor":50,"turns":3}],"seed_played":"-2081408058534427271","potions_obtained":[{"floor":1.0,"key":"Strength Potion"},{"floor":11.0,"key":"Strength Potion"},{"floor":14.0,"key":"Dexterity Potion"},{"floor":20.0,"key":"LiquidBronze"},{"floor":28.0,"key":"PowerPotion"},{"floor":35.0,"key":"GamblersBrew"},{"floor":37.0,"key":"GamblersBrew"},{"floor":37.0,"key":"LiquidBronze"},{"floor":42.0,"key":"EssenceOfSteel"},{"floor":44.0,"key":"PowerPotion"},{"floor":48.0,"key":"Dexterity Potion"}],"is_trial":false,"path_per_floor":["M","M","?","?","M","R","M","R","T","R","E","R","$","M","R","B",null,"M","?","M","M","?","R","?","R","T","M","M","R","?","?","R","B",null,"M","M","?","$","M","?","R","?","T","M","M","M","R","M","R","B",null],"character_chosen":"THE_SILENT","items_purchased":["Crippling Poison","Poisoned Stab","Footwork","Orichalcum"],"campfire_rested":6,"item_purchase_floors":[13,13,13,38],"current_hp_per_floor":[76,74,67,49,47,70,56,56,56,77,64,64,64,64,64,55,77,59,59,59,49,49,72,72,72,72,72,69,69,69,69,69,45,77,70,65,65,65,47,47,70,60,60,60,56,41,64,49,72,72],"gold":205,"neow_bonus":"TEN_PERCENT_HP_BONUS","is_prod":false,"is_daily":false,"chose_seed":false,"campfire_upgraded":6,"win_rate":0.0,"timestamp":1566666815,"path_taken":["M","M","?","?","M","R","M","R","T","R","E","R","?","M","R","BOSS","M","?","M","M","?","R","?","R","T","M","?","R","?","?","R","BOSS","M","M","?","$","?","?","R","?","T","M","M","M","R","M","R","BOSS"],"build_version":"2019-07-17","purchased_purges":2,"victory":true,"max_hp_per_floor":[77,77,77,77,77,77,77,77,77,77,77,77,77,77,77,77,77,77,77,77,77,77,77,77,77,77,77,77,77,77,77,77,77,77,77,77,77,77,77,77,77,77,77,77,77,77,77,77,77,77],"card_choices":[{"not_picked":["Distraction","Underhanded Strike"],"picked":"Dagger Throw","floor":1.0},{"not_picked":["Infinite Blades","Prepared"],"picked":"Deadly Poison","floor":2.0},{"not_picked":["Infinite Blades","Flying Knee"],"picked":"Poisoned Stab","floor":5.0},{"not_picked":["Dagger Throw","Finisher"],"picked":"Catalyst","floor":7.0},{"not_picked":["Poisoned Stab","Calculated Gamble"],"picked":"Catalyst","floor":11.0},{"not_picked":["Flying Knee","Flechettes"],"picked":"Acrobatics","floor":14.0},{"not_picked":["Adrenaline","After Image"],"picked":"Corpse Explosion","floor":16.0},{"not_picked":["Masterful Stab","Caltrops"],"picked":"Noxious Fumes","floor":18.0},{"not_picked":["PiercingWail","Underhanded Strike","Choke"],"picked":"SKIP","floor":20.0},{"not_picked":["Riddle With Holes","Distraction"],"picked":"Poisoned Stab","floor":21.0},{"not_picked":["PiercingWail","Crippling Poison"],"picked":"Catalyst+1","floor":27.0},{"not_picked":["Prepared+1","Finisher"],"picked":"Deflect+1","floor":28.0},{"not_picked":["Underhanded Strike","Blur+1","Dagger Spray+1"],"picked":"SKIP","floor":35.0},{"not_picked":["Dagger Spray","Backflip"],"picked":"Backstab+1","floor":36.0},{"not_picked":["Noxious Fumes","Flechettes+1"],"picked":"Backflip+1","floor":39.0},{"not_picked":["Bouncing Flask","Well Laid Plans","All Out Attack+1"],"picked":"SKIP","floor":44.0},{"not_picked":["Blade Dance","Blur","Reflex+1"],"picked":"SKIP","floor":45.0},{"not_picked":["Terror","Dodge and Roll"],"picked":"Poisoned Stab+1","floor":46.0},{"not_picked":["Outmaneuver","Slice","Glass Knife"],"picked":"SKIP","floor":48.0}],"player_experience":42480,"relics_obtained":[{"floor":9.0,"key":"Ninja Scroll"},{"floor":11.0,"key":"Bag of Marbles"},{"floor":26.0,"key":"Ancient Tea Set"},{"floor":42.0,"key":"Incense Burner"},{"floor":43.0,"key":"Bronze Scales"}],"event_choices":[{"cards_removed":["Strike_G"],"damage_healed":0.0,"max_hp_gain":0.0,"max_hp_loss":0.0,"gold_gain":0.0,"event_name":"Golden Wing","player_choice":"Card Removal","floor":3.0,"gold_loss":0.0,"damage_taken":7.0},{"damage_healed":0.0,"max_hp_gain":0.0,"max_hp_loss":0.0,"gold_gain":0.0,"event_name":"Scrap Ooze","player_choice":"Success","floor":4.0,"gold_loss":0.0,"damage_taken":18.0,"relics_obtained":["Happy Flower"]},{"damage_healed":0.0,"max_hp_gain":0.0,"max_hp_loss":0.0,"gold_gain":0.0,"event_name":"Addict","player_choice":"Obtained Relic","floor":19.0,"gold_loss":85.0,"damage_taken":0.0,"relics_obtained":["Paper Crane"]},{"damage_healed":0.0,"max_hp_gain":0.0,"max_hp_loss":0.0,"gold_gain":0.0,"event_name":"Ghosts","player_choice":"Ignored","floor":22.0,"gold_loss":0.0,"damage_taken":0.0},{"damage_healed":0.0,"max_hp_gain":0.0,"max_hp_loss":0.0,"gold_gain":0.0,"event_name":"Upgrade Shrine","player_choice":"Upgraded","floor":24.0,"gold_loss":0.0,"damage_taken":0.0,"cards_upgraded":["Noxious Fumes"]},{"cards_removed":["Strike_G"],"damage_healed":0.0,"max_hp_gain":0.0,"max_hp_loss":0.0,"gold_gain":0.0,"event_name":"Back to Basics","player_choice":"Elegance","floor":30.0,"gold_loss":0.0,"damage_taken":0.0},{"damage_healed":0.0,"max_hp_gain":0.0,"max_hp_loss":0.0,"gold_gain":0.0,"event_name":"Vampires","player_choice":"Ignored","floor":31.0,"gold_loss":0.0,"damage_taken":0.0},{"damage_healed":0.0,"max_hp_gain":0.0,"max_hp_loss":0.0,"gold_gain":0.0,"event_name":"The Woman in Blue","player_choice":"Bought 2 Potions","floor":37.0,"gold_loss":0.0,"damage_taken":0.0},{"damage_healed":0.0,"max_hp_gain":0.0,"max_hp_loss":0.0,"gold_gain":0.0,"event_name":"Tomb of Lord Red Mask","player_choice":"Paid","floor":40.0,"gold_loss":18.0,"damage_taken":0.0,"relics_obtained":["Red Mask"]},{"damage_healed":0.0,"max_hp_gain":0.0,"max_hp_loss":0.0,"gold_gain":0.0,"event_name":"MindBloom","player_choice":"Fight","floor":42.0,"gold_loss":0.0,"damage_taken":0.0}],"is_beta":false,"boss_relics":[{"not_picked":["Velvet Choker","Runic Dome"],"picked":"Ring of the Serpent"},{"not_picked":["HoveringKite","Eternal Feather"],"picked":"Fusion Hammer"}],"items_purged_floors":[13,38],"is_endless":false,"potions_floor_spawned":[1,11,14,20,28,35,42,44,48],"ascension_level":0}