{"gold_per_floor":[114,14,28,42,42,42,59,73,126,141,154,165,165,216,216,291,291,301,332,332,332,350,350,366,379,402,402,302,322,322,9,9,84,84,100,322,322,338,353,353,364,364,388,388,398,398,413,430,430,430],"floor_reached":50,"playtime":4101,"items_purged":["Decay","Decay"],"score":883,"play_id":"8b87acef-0ae9-4a88-99a6-181139ead46a","local_time":"20190807031233","is_ascension_mode":true,"campfire_choices":[{"data":"Dash","floor":6,"key":"SMITH"},{"data":"Well Laid Plans","floor":13,"key":"SMITH"},{"data":"Neutralize","floor":15,"key":"SMITH"},{"floor":23,"key":"REST"},{"floor":30,"key":"REST"},{"floor":32,"key":"REST"},{"data":"Bullet Time","floor":40,"key":"SMITH"},{"floor":42,"key":"REST"},{"data":"Bullet Time","floor":44,"key":"SMITH"},{"floor":46,"key":"REST"},{"floor":49,"key":"REST"}],"neow_cost":"CURSE","seed_source_timestamp":348842185779600,"circlet_count":0,"master_deck":["AscendersBane","Strike_G+1","Strike_G","Defend_G+1","Defend_G","Defend_G","Defend_G","Defend_G","Survivor","Neutralize+1","Master of Strategy","Dark Shackles","Deflect","Quick Slash","Dash+1","Blur","PiercingWail","Dash","Well Laid Plans+1","Backstab","Predator","Die Die Die","Calculated Gamble","Catalyst","Bouncing Flask+1","Calculated Gamble","Heel Hook","Backflip","Bullet Time+1","Bullet Time+1","Catalyst","Cloak And Dagger+1","Crippling Poison","Distraction","Bane+1","Choke+1","Acrobatics+1","Heel Hook+1","Footwork+1"],"relics":["Ring of the Serpent","Centennial Puzzle","Bag of Marbles","Red Mask","PreservedInsect","Lantern","Membership Card","Orrery","Orichalcum"],"potions_floor_usage":[16,16,24,25,39,39,50,50],"damage_taken":[{"damage":1,"enemies":"Cultist","floor":1,"turns":5},{"damage":0,"enemies":"Jaw Worm","floor":3,"turns":3},{"damage":0,"enemies":"2 Louse","floor":4,"turns":2},{"damage":10,"enemies":"Exordium Thugs","floor":7,"turns":6},{"damage":0,"enemies":"Large Slime","floor":8,"turns":9},{"damage":0,"enemies":"3 Louse","floor":10,"turns":4},{"damage":0,"enemies":"2 Fungi Beasts","floor":11,"turns":3},{"damage":1,"enemies":"Red Slaver","floor":12,"turns":3},{"damage":10,"enemies":"Hexaghost","floor":16,"turns":16},{"damage":16,"enemies":"3 Byrds","floor":18,"turns":8},{"damage":24,"enemies":"Masked Bandits","floor":19,"turns":5},{"damage":2,"enemies":"2 Thieves","floor":22,"turns":4},{"damage":6,"enemies":"Shelled Parasite and Fungi","floor":24,"turns":5},{"damage":4,"enemies":"Centurion and Healer","floor":25,"turns":6},{"damage":4,"enemies":"Sentry and Sphere","floor":29,"turns":6},{"damage":46,"enemies":"Champ","floor":33,"turns":12},{"damage":0,"enemies":"3 Shapes","floor":35,"turns":3},{"damage":9,"enemies":"Orb Walker","floor":38,"turns":4},{"damage":4,"enemies":"Spire Growth","floor":39,"turns":4},{"damage":33,"enemies":"3 Darklings","floor":41,"turns":9},{"damage":19,"enemies":"Writhing Mass","floor":45,"turns":8},{"damage":5,"enemies":"Transient","floor":47,"turns":6},{"damage":10,"enemies":"Sphere and 2 Shapes","floor":48,"turns":9},{"damage":38,"enemies":"Donu and Deca","floor":50,"turns":5}],"seed_played":"-3758513142142303892","potions_obtained":[{"floor":8,"key":"Dexterity Potion"},{"floor":10,"key":"Dexterity Potion"},{"floor":11,"key":"Fire Potion"},{"floor":18,"key":"SpeedPotion"},{"floor":22,"key":"Swift Potion"},{"floor":33,"key":"Energy Potion"},{"floor":35,"key":"Dexterity Potion"},{"floor":45,"key":"Strength Potion"},{"floor":48,"key":"Strength Potion"}],"is_trial":false,"path_per_floor":["M","$","M","M","?","R","M","M","T","M","M","M","R","T","R","B",null,"M","?","T","?","M","R","M","M","T","?","$","M","R","$","R","B",null,"M","?","?","M","M","R","M","R","T","R","M","R","M","M","R","B"],"character_chosen":"THE_SILENT","items_purchased":["Quick Slash","Membership Card","Bullet Time"],"campfire_rested":6,"item_purchase_floors":[2,31,31],"current_hp_per_floor":[58,58,58,58,38,38,28,28,28,28,28,27,27,27,27,17,54,38,14,14,14,12,31,25,21,21,21,21,17,36,36,55,9,52,52,52,52,43,39,39,6,25,25,25,6,25,20,10,29,0],"gold":430,"neow_bonus":"RANDOM_COLORLESS_2","is_prod":false,"is_daily":false,"chose_seed":false,"campfire_upgraded":5,"win_rate":0,"timestamp":1565115153,"path_taken":["M","$","?","M","?","R","M","M","T","M","M","M","R","?","R","BOSS","M","?","?","?","M","R","M","M","T","?","$","M","R","$","R","BOSS","M","?","?","M","?","R","M","R","T","R","M","R","M","M","R","BOSS"],"build_version":"2019-07-17","purchased_purges":2,"victory":false,"max_hp_per_floor":[66,66,66,66,66,66,66,66,66,66,66,66,66,66,66,66,66,66,66,66,66,66,66,66,66,66,66,66,66,66,66,66,66,66,66,66,66,66,66,66,66,66,66,66,66,66,66,66,66,66],"card_choices":[{"not_picked":["Quick Slash","Blade Dance"],"picked":"Deflect","floor":1},{"not_picked":["Leg Sweep","Slice"],"picked":"Dash","floor":3},{"not_picked":["Deadly Poison","Riddle With Holes"],"picked":"Blur","floor":4},{"not_picked":["Outmaneuver","Dodge and Roll"],"picked":"PiercingWail","floor":7},{"not_picked":["Backflip","Escape Plan"],"picked":"Dash","floor":8},{"not_picked":["Expertise","Distraction"],"picked":"Well Laid Plans","floor":10},{"not_picked":["Prepared","Flechettes"],"picked":"Backstab","floor":11},{"not_picked":["Expertise","Dagger Throw"],"picked":"Predator","floor":12},{"not_picked":["A Thousand Cuts","Night Terror"],"picked":"Die Die Die","floor":16},{"not_picked":["Infinite Blades","Flechettes"],"picked":"Calculated Gamble","floor":18},{"not_picked":["Terror","Quick Slash"],"picked":"Catalyst","floor":19},{"not_picked":["Cloak And Dagger","Backflip+1"],"picked":"Bouncing Flask+1","floor":22},{"not_picked":["Outmaneuver","Bane","Prepared"],"picked":"SKIP","floor":24},{"not_picked":["Poisoned Stab","Dagger Throw+1"],"picked":"Calculated Gamble","floor":25},{"not_picked":["Sucker Punch","Slice","Flying Knee"],"picked":"SKIP","floor":29},{"not_picked":["Wraith Form v2","Unload"],"picked":"Bullet Time","floor":33},{"not_picked":["Slice","Blur"],"picked":"Catalyst","floor":34},{"not_picked":["Eviscerate","Sucker Punch"],"picked":"Cloak And Dagger+1","floor":34},{"not_picked":["Bane","Dodge and Roll"],"picked":"Crippling Poison","floor":34},{"not_picked":["Quick Slash","Prepared"],"picked":"Distraction","floor":34},{"not_picked":["Sucker Punch","Flying Knee"],"picked":"Bane+1","floor":34},{"not_picked":["Envenom","Dagger Spray+1","Deadly Poison"],"picked":"SKIP","floor":35},{"not_picked":["Flying Knee","Dagger Throw+1","Reflex"],"picked":"SKIP","floor":38},{"not_picked":["Dagger Throw","Prepared"],"picked":"Choke+1","floor":39},{"not_picked":["Deflect","Caltrops","Dash"],"picked":"SKIP","floor":41},{"not_picked":["Calculated Gamble","Sucker Punch+1"],"picked":"Acrobatics+1","floor":45},{"not_picked":["Backflip","Leg Sweep"],"picked":"Heel Hook+1","floor":47},{"not_picked":["Dodge and Roll","Noxious Fumes"],"picked":"Footwork+1","floor":48}],"player_experience":601229,"relics_obtained":[{"floor":9,"key":"Centennial Puzzle"},{"floor":14,"key":"Bag of Marbles"},{"floor":19,"key":"Red Mask"},{"floor":20,"key":"PreservedInsect"},{"floor":26,"key":"Lantern"},{"floor":43,"key":"Orichalcum"}],"event_choices":[{"damage_healed":0,"gold_gain":0,"player_choice":"Entered Light","damage_taken":20,"max_hp_gain":0,"max_hp_loss":0,"event_name":"Shining Light","floor":5,"gold_loss":0,"cards_upgraded":["Strike_G","Defend_G"]},{"damage_healed":0,"gold_gain":0,"player_choice":"Fought Bandits","damage_taken":0,"max_hp_gain":0,"max_hp_loss":0,"event_name":"Masked Bandits","floor":19,"gold_loss":0},{"damage_healed":0,"gold_gain":0,"player_choice":"Smashed Altar","damage_taken":0,"max_hp_gain":0,"max_hp_loss":0,"event_name":"Forgotten Altar","floor":21,"gold_loss":0,"cards_obtained":["Decay"]},{"damage_healed":0,"gold_gain":0,"cards_transformed":["Strike_G","Strike_G"],"player_choice":"Became Test Subject","damage_taken":0,"max_hp_gain":0,"max_hp_loss":0,"event_name":"Drug Dealer","floor":27,"gold_loss":0,"cards_obtained":["Heel Hook","Backflip"]},{"damage_healed":0,"gold_gain":222,"player_choice":"Wore Mask","damage_taken":0,"max_hp_gain":0,"max_hp_loss":0,"event_name":"Tomb of Lord Red Mask","floor":36,"gold_loss":0},{"cards_removed":["Strike_G"],"damage_healed":0,"gold_gain":0,"player_choice":"Purged","damage_taken":0,"max_hp_gain":0,"max_hp_loss":0,"event_name":"Purifier","floor":37,"gold_loss":0}],"is_beta":false,"boss_relics":[{"not_picked":["Black Star","Lizard Tail"],"picked":"Ring of the Serpent"},{"not_picked":["WristBlade","Velvet Choker"],"picked":"Orrery"}],"items_purged_floors":[2,28],"is_endless":false,"potions_floor_spawned":[8,10,11,12,18,22,33,35,45,48],"killed_by":"Donu and Deca","ascension_level":19}