{"gold_per_floor":[14,24,41,60,80,80,114,114,114,124,124,124,124,140,140,239,289,304,304,304,39,39,39,53,63,136,148,148,162,162,177,177,177],"floor_reached":33,"playtime":2339,"items_purged":["Strike_B"],"score":364,"play_id":"922d487b-cfff-493d-9b28-4ae5f515eefa","local_time":"20190809123532","is_ascension_mode":true,"campfire_choices":[{"data":"Zap","floor":6,"key":"SMITH"},{"floor":8,"key":"REST"},{"data":"Dualcast","floor":12,"key":"SMITH"},{"floor":15,"key":"REST"},{"data":"Glacier","floor":23,"key":"SMITH"},{"data":"Go for the Eyes","floor":32,"key":"SMITH"}],"neow_cost":"NO_GOLD","seed_source_timestamp":557187077035500,"circlet_count":0,"master_deck":["Strike_B+1","Strike_B+1","Defend_B","Defend_B","Defend_B","Zap+1","Dualcast+1","Cold Snap","Coolheaded","Go for the Eyes+1","Conserve Battery","Leap","Double Energy+1","Skim+1","Core Surge","Conserve Battery","Glacier+1","Self Repair","Conserve Battery+1","Cold Snap+1","Conserve Battery","Tempest","Static Discharge","Conserve Battery+1"],"relics":["Cracked Core","Emotion Chip","Du-Vu Doll","Tiny House","DataDisk","Enchiridion","The Courier","Mummified Hand"],"potions_floor_usage":[16,16,24,24,27,33],"damage_taken":[{"damage":12,"enemies":"2 Louse","floor":1,"turns":3},{"damage":2,"enemies":"Jaw Worm","floor":2,"turns":3},{"damage":0,"enemies":"Small Slimes","floor":3,"turns":4},{"damage":3,"enemies":"Looter","floor":4,"turns":3},{"damage":18,"enemies":"Large Slime","floor":5,"turns":8},{"damage":20,"enemies":"3 Sentries","floor":7,"turns":9},{"damage":15,"enemies":"Exordium Thugs","floor":10,"turns":5},{"damage":6,"enemies":"Gremlin Gang","floor":14,"turns":4},{"damage":22,"enemies":"Slime Boss","floor":16,"turns":12},{"damage":0,"enemies":"Chosen","floor":18,"turns":5},{"damage":0,"enemies":"Spheric Guardian","floor":24,"turns":3},{"damage":0,"enemies":"Snecko","floor":25,"turns":8},{"damage":3,"enemies":"Centurion and Healer","floor":27,"turns":9},{"damage":1,"enemies":"Snake Plant","floor":29,"turns":4},{"damage":2,"enemies":"Snecko","floor":31,"turns":5},{"damage":102,"enemies":"Champ","floor":33,"turns":26}],"seed_played":"-7883226198392337579","potions_obtained":[{"floor":2,"key":"GamblersBrew"},{"floor":7,"key":"FairyPotion"},{"floor":10,"key":"GamblersBrew"},{"floor":16,"key":"LiquidBronze"},{"floor":17,"key":"LiquidBronze"},{"floor":24,"key":"LiquidBronze"},{"floor":25,"key":"Dexterity Potion"},{"floor":27,"key":"SneckoOil"}],"is_trial":false,"path_per_floor":["M","M","M","M","M","R","E","R","T","M","?","R","?","M","R","B",null,"M","?","?","$","?","R","M","M","T","M","?","M","T","M","R","B"],"character_chosen":"DEFECT","items_purchased":["DataDisk","Self Repair"],"campfire_rested":2,"item_purchase_floors":[21,21],"current_hp_per_floor":[77,75,75,72,54,54,34,60,60,45,45,45,27,21,47,25,78,78,59,59,59,43,43,50,64,64,68,68,74,74,79,79,0],"gold":177,"neow_bonus":"TWENTY_PERCENT_HP_BONUS","is_prod":false,"is_daily":false,"chose_seed":false,"campfire_upgraded":4,"win_rate":0,"timestamp":1565321732,"path_taken":["M","M","M","M","M","R","E","R","T","M","?","R","?","M","R","BOSS","M","?","?","$","?","R","M","M","T","M","?","M","?","M","R","BOSS"],"build_version":"2019-07-17","purchased_purges":1,"victory":false,"max_hp_per_floor":[89,89,89,89,89,89,89,89,89,89,89,89,89,89,89,89,94,94,99,99,99,99,99,99,99,99,99,99,99,99,99,99,99],"card_choices":[{"not_picked":["Turbo","Barrage","Steam"],"picked":"SKIP","floor":1},{"not_picked":["Go for the Eyes","Rip and Tear"],"picked":"Cold Snap","floor":2},{"not_picked":["Turbo","Darkness"],"picked":"Coolheaded","floor":3},{"not_picked":["Beam Cell","Heatsinks"],"picked":"Go for the Eyes","floor":4},{"not_picked":["Stack","All For One"],"picked":"Conserve Battery","floor":5},{"not_picked":["Fusion","Coolheaded"],"picked":"Leap","floor":7},{"not_picked":["Stack","Conserve Battery"],"picked":"Double Energy","floor":10},{"not_picked":["Conserve Battery","Gash"],"picked":"Skim","floor":14},{"not_picked":["Buffer","Multi-Cast"],"picked":"Core Surge","floor":16},{"not_picked":["Barrage","Storm"],"picked":"Conserve Battery","floor":17},{"not_picked":["Chaos","Auto Shields+1"],"picked":"Glacier","floor":18},{"not_picked":["Barrage","Gash"],"picked":"Conserve Battery+1","floor":24},{"not_picked":["Sweeping Beam+1","Rebound"],"picked":"Cold Snap+1","floor":25},{"not_picked":["Barrage+1","Ball Lightning"],"picked":"Conserve Battery","floor":27},{"not_picked":["Meteor Strike","Storm","Streamline"],"picked":"SKIP","floor":29},{"not_picked":["Skim+1","Streamline"],"picked":"Conserve Battery+1","floor":31}],"player_experience":647600,"relics_obtained":[{"floor":7,"key":"Emotion Chip"},{"floor":9,"key":"Du-Vu Doll"},{"floor":22,"key":"Enchiridion"},{"floor":26,"key":"The Courier"},{"floor":30,"key":"Mummified Hand"}],"event_choices":[{"damage_healed":0,"gold_gain":0,"player_choice":"Grow","damage_taken":0,"max_hp_gain":0,"max_hp_loss":0,"event_name":"Living Wall","floor":11,"gold_loss":0,"cards_upgraded":["Double Energy"]},{"damage_healed":0,"gold_gain":0,"player_choice":"Entered Light","damage_taken":18,"max_hp_gain":0,"max_hp_loss":0,"event_name":"Shining Light","floor":13,"gold_loss":0,"cards_upgraded":["Strike_B","Strike_B"]},{"damage_healed":0,"gold_gain":0,"player_choice":"Shed Blood","damage_taken":24,"max_hp_gain":5,"max_hp_loss":0,"event_name":"Forgotten Altar","floor":19,"gold_loss":0},{"damage_healed":0,"gold_gain":0,"player_choice":"Ignored","damage_taken":0,"max_hp_gain":0,"max_hp_loss":0,"event_name":"The Mausoleum","floor":20,"gold_loss":0},{"damage_healed":0,"gold_gain":0,"player_choice":"Obtained Book","damage_taken":16,"max_hp_gain":0,"max_hp_loss":0,"event_name":"Cursed Tome","floor":22,"gold_loss":0},{"damage_healed":0,"gold_gain":0,"cards_transformed":["Strike_B","Defend_B"],"player_choice":"Became Test Subject","damage_taken":0,"max_hp_gain":0,"max_hp_loss":0,"event_name":"Drug Dealer","floor":28,"gold_loss":0,"cards_obtained":["Tempest","Static Discharge"]}],"is_beta":false,"boss_relics":[{"not_picked":["Coffee Dripper","Lizard Tail"],"picked":"Tiny House"}],"items_purged_floors":[21],"is_endless":false,"potions_floor_spawned":[2,7,10,16,24,25,27],"killed_by":"Champ","ascension_level":5}