{"gold_per_floor":[10,10,30,41,65,65,77,77,77,2,2,18,36,55,55,155,155,169,169,23,42,56,56,68,68,68,87,87,100,100,114,114,211,211,222,222,28,28,44,44,56,0,23,23,39,56,71,81,81,81],"floor_reached":50,"playtime":9026,"items_purged":["Defend_G"],"score":492,"play_id":"f0bb8d76-0269-443d-a051-33b73c642ae0","local_time":"20190629234458","is_ascension_mode":false,"campfire_choices":[{"data":"Backflip","floor":6,"key":"SMITH"},{"data":"Backflip","floor":8,"key":"SMITH"},{"data":"Prepared","floor":11,"key":"SMITH"},{"data":"Bouncing Flask","floor":15,"key":"SMITH"},{"data":"Backflip","floor":23,"key":"SMITH"},{"floor":25,"key":"REST"},{"data":"Deflect","floor":28,"key":"SMITH"},{"floor":30,"key":"REST"},{"data":"Blur","floor":32,"key":"SMITH"},{"data":"Forethought","floor":40,"key":"SMITH"},{"floor":49,"key":"REST"}],"neow_cost":"NO_GOLD","seed_source_timestamp":54074864453900,"circlet_count":0,"master_deck":["Defend_G","Defend_G","Defend_G","Defend_G","Strike_G","Strike_G+1","Strike_G+1","Survivor","Neutralize","Backflip+1","Backflip+1","Prepared+1","Bouncing Flask+1","Deflect","Underhanded Strike","Reflex","PiercingWail","Dagger Throw","Adrenaline","Deadly Poison+1","Dagger Spray","Deflect+1","Prepared+1","Backflip+1","Slice+1","Backstab+1","Blur+1","Adrenaline","Crippling Poison+1","Forethought+1","Footwork+1","Slice","Infinite Blades+1","Backflip+1","Parasite","Blur","Terror"],"relics":["Ring of the Serpent","Whetstone","Thread and Needle","Black Star","Sundial","TwistedFunnel","Red Mask","Vajra"],"potions_floor_usage":[16,16,22,22,50],"damage_taken":[{"damage":1,"enemies":"Cultist","floor":1,"turns":4},{"damage":2,"enemies":"Small Slimes","floor":3,"turns":6},{"damage":2,"enemies":"2 Louse","floor":4,"turns":3},{"damage":0,"enemies":"Exordium Wildlife","floor":7,"turns":5},{"damage":0,"enemies":"Looter","floor":12,"turns":3},{"damage":9,"enemies":"2 Fungi Beasts","floor":13,"turns":3},{"damage":0,"enemies":"Large Slime","floor":14,"turns":6},{"damage":8,"enemies":"Slime Boss","floor":16,"turns":9},{"damage":0,"enemies":"3 Byrds","floor":18,"turns":8},{"damage":6,"enemies":"2 Thieves","floor":21,"turns":5},{"damage":11,"enemies":"Chosen and Byrds","floor":22,"turns":6},{"damage":7,"enemies":"Sentry and Sphere","floor":24,"turns":4},{"damage":5,"enemies":"Centurion and Healer","floor":27,"turns":6},{"damage":15,"enemies":"Snecko","floor":29,"turns":7},{"damage":7,"enemies":"Chosen and Byrds","floor":31,"turns":5},{"damage":22,"enemies":"Collector","floor":33,"turns":13},{"damage":8,"enemies":"3 Darklings","floor":35,"turns":6},{"damage":0,"enemies":"3 Shapes","floor":39,"turns":5},{"damage":20,"enemies":"Jaw Worm Horde","floor":41,"turns":4},{"damage":0,"enemies":"Transient","floor":45,"turns":5},{"damage":0,"enemies":"Maw","floor":46,"turns":8},{"damage":1,"enemies":"Writhing Mass","floor":47,"turns":7},{"damage":0,"enemies":"Jaw Worm Horde","floor":48,"turns":4},{"damage":66,"enemies":"Time Eater","floor":50,"turns":11}],"seed_played":"-4666402707281313081","potions_obtained":[{"floor":4,"key":"SkillPotion"},{"floor":7,"key":"Block Potion"},{"floor":16,"key":"Strength Potion"},{"floor":21,"key":"Fire Potion"},{"floor":27,"key":"Energy Potion"},{"floor":31,"key":"Energy Potion"},{"floor":45,"key":"Weak Potion"}],"is_trial":false,"path_per_floor":["M","$","M","M","T","R","M","R","T","$","R","M","M","M","R","B",null,"M","?","$","M","M","R","M","R","T","M","R","M","R","M","R","B",null,"M","?","$","?","M","R","M","?","T","$","M","M","M","M","R","B"],"character_chosen":"THE_SILENT","items_purchased":["Deflect","Underhanded Strike","Dagger Spray","Deflect","TwistedFunnel"],"campfire_rested":3,"item_purchase_floors":[10,10,20,20,37],"current_hp_per_floor":[69,69,67,65,65,65,65,65,65,65,65,65,56,56,56,48,70,70,70,70,64,53,53,46,67,67,62,62,47,68,61,61,39,70,62,62,62,62,62,62,42,42,42,42,42,42,41,41,62,0],"gold":81,"neow_bonus":"REMOVE_TWO","is_prod":false,"is_daily":false,"chose_seed":false,"campfire_upgraded":8,"win_rate":0.0,"timestamp":1561819498,"path_taken":["M","?","M","?","?","R","M","R","T","$","R","M","M","M","R","BOSS","M","?","$","M","M","R","M","R","T","M","R","M","R","M","R","BOSS","M","?","$","?","M","R","M","?","T","$","M","M","M","M","R","BOSS"],"build_version":"2019-01-23","purchased_purges":1,"victory":false,"max_hp_per_floor":[70,70,70,70,70,70,70,70,70,70,70,70,70,70,70,70,70,70,70,70,70,70,70,70,70,70,70,70,70,70,70,70,70,70,70,70,70,70,70,70,70,70,70,70,70,70,70,70,70,70],"card_choices":[{"not_picked":["Caltrops","Choke"],"picked":"Backflip","floor":1},{"not_picked":["Underhanded Strike","Caltrops"],"picked":"Backflip","floor":3},{"not_picked":["Calculated Gamble","Slice"],"picked":"Prepared","floor":4},{"not_picked":["Sucker Punch","Deadly Poison"],"picked":"Bouncing Flask","floor":7},{"not_picked":["Dagger Throw","Dash"],"picked":"Reflex","floor":12},{"not_picked":["Dagger Spray","Acrobatics"],"picked":"PiercingWail","floor":13},{"not_picked":["Outmaneuver","Leg Sweep"],"picked":"Dagger Throw","floor":14},{"not_picked":["Tools of the Trade","Burst"],"picked":"Adrenaline","floor":16},{"not_picked":["Slice","Dagger Spray"],"picked":"Deadly Poison+1","floor":18},{"not_picked":["Backflip","Quick Slash"],"picked":"Prepared+1","floor":21},{"not_picked":["Acrobatics","Flying Knee"],"picked":"Backflip","floor":22},{"not_picked":["Quick Slash","Prepared"],"picked":"Slice+1","floor":24},{"not_picked":["Burst","Bane"],"picked":"Backstab+1","floor":27},{"not_picked":["Flying Knee","Deflect","Deadly Poison"],"picked":"SKIP","floor":29},{"not_picked":["Catalyst","Dodge and Roll+1"],"picked":"Blur","floor":31},{"not_picked":["Unload","Envenom"],"picked":"Adrenaline","floor":33},{"not_picked":["Catalyst","Deflect"],"picked":"Crippling Poison+1","floor":35},{"not_picked":["Discovery","Finesse"],"picked":"Forethought","floor":36},{"not_picked":["Dodge and Roll+1","Sucker Punch"],"picked":"Footwork+1","floor":39},{"not_picked":["Poisoned Stab","Dodge and Roll"],"picked":"Slice","floor":41},{"not_picked":["Blade Dance+1","Calculated Gamble"],"picked":"Infinite Blades+1","floor":45},{"not_picked":["Backstab","Deadly Poison+1"],"picked":"Backflip+1","floor":46},{"not_picked":["Slice","Flying Knee+1"],"picked":"Blur","floor":47},{"not_picked":["Flying Knee","Crippling Poison"],"picked":"Terror","floor":48}],"player_experience":33175,"relics_obtained":[{"floor":5,"key":"Whetstone"},{"floor":9,"key":"Thread and Needle"},{"floor":26,"key":"Sundial"},{"floor":43,"key":"Vajra"}],"event_choices":[{"damage_healed":0,"gold_gain":0,"player_choice":"Ignored","damage_taken":0,"max_hp_gain":0,"max_hp_loss":0,"event_name":"Vampires","floor":19,"gold_loss":0},{"damage_healed":0,"gold_gain":0,"player_choice":"Memory 1","damage_taken":0,"max_hp_gain":0,"max_hp_loss":0,"event_name":"SensoryStone","floor":36,"gold_loss":0},{"damage_healed":0,"gold_gain":0,"player_choice":"Ignored","damage_taken":0,"max_hp_gain":0,"max_hp_loss":0,"event_name":"Mysterious Sphere","floor":38,"gold_loss":0},{"damage_healed":0,"gold_gain":0,"player_choice":"Paid","damage_taken":0,"relics_obtained":["Red Mask"],"max_hp_gain":0,"max_hp_loss":0,"event_name":"Tomb of Lord Red Mask","floor":42,"gold_loss":56}],"is_beta":false,"boss_relics":[{"not_picked":["WristBlade","Velvet Choker"],"picked":"Black Star"},{"not_picked":["Lizard Tail","Philosopher\u0027s Stone"],"picked":"Ring of the Serpent"}],"items_purged_floors":[20],"is_endless":false,"potions_floor_spawned":[4,7,16,21,27,31,45,46],"killed_by":"Time Eater","ascension_level":0}