{"gold_per_floor":[115,129,145,156,156,184,203,233,256,282,282,247,52,63,63,164,164,89,89,35,35,35,35,35,35,35,35,35,35,35,35,35,35,35,35,35,35,35,0,0,0,0,0,0,0,0,0,0,0,0],"floor_reached":50,"playtime":3458,"items_purged":[],"score":710,"play_id":"736bea7c-839c-445a-b79a-10bcb7914e2d","local_time":"20190822142010","is_ascension_mode":true,"campfire_choices":[{"floor":11,"key":"REST"},{"floor":15,"key":"REST"},{"floor":23,"key":"REST"},{"floor":25,"key":"REST"},{"floor":32,"key":"REST"},{"floor":40,"key":"REST"},{"floor":46,"key":"REST"},{"floor":49,"key":"REST"}],"neow_cost":"TEN_PERCENT_HP_LOSS","seed_source_timestamp":229863598800800,"circlet_count":0,"master_deck":["Strike_R","Strike_R","Strike_R","Strike_R","Strike_R","Defend_R","Defend_R","Defend_R","Defend_R","Bash","Forethought","Blind","Rupture","Clash","Clash","Second Wind","Spot Weakness","Metallicize","Shrug It Off","Infernal Blade","Rage","Inflame","Blind","Carnage","Heavy Blade","Limit Break","Cleave+1","Cleave","Inflame","Brutality","Evolve","Cleave","J.A.X.","Heavy Blade","Hemokinesis","Anger","Juggernaut","Wild Strike","Ghostly Armor","Seeing Red+1","Heavy Blade+1","Flex+1","Flex+1","Headbutt+1","Heavy Blade","Cleave+1","Reckless Charge+1"],"relics":["Burning Blood","Bronze Scales","Omamori","Regal Pillow","Dream Catcher","Pen Nib","Ectoplasm","Orichalcum","Juzu Bracelet","PreservedInsect","Unceasing Top","Enchiridion","Fusion Hammer","Red Mask","Torii"],"potions_floor_usage":[6,10,10,10,33,37,38,50,50],"damage_taken":[{"damage":2,"enemies":"2 Louse","floor":1,"turns":4},{"damage":10,"enemies":"Jaw Worm","floor":2,"turns":6},{"damage":1,"enemies":"Cultist","floor":3,"turns":3},{"damage":1,"enemies":"3 Louse","floor":4,"turns":4},{"damage":12,"enemies":"Gremlin Nob","floor":6,"turns":3},{"damage":17,"enemies":"Gremlin Gang","floor":7,"turns":4},{"damage":37,"enemies":"Lagavulin","floor":8,"turns":6},{"damage":11,"enemies":"Gremlin Nob","floor":10,"turns":3},{"damage":10,"enemies":"Exordium Wildlife","floor":14,"turns":3},{"damage":31,"enemies":"The Guardian","floor":16,"turns":10},{"damage":32,"enemies":"2 Thieves","floor":18,"turns":5},{"damage":26,"enemies":"Gremlin Leader","floor":24,"turns":6},{"damage":14,"enemies":"Shell Parasite","floor":27,"turns":4},{"damage":41,"enemies":"Book of Stabbing","floor":29,"turns":3},{"damage":15,"enemies":"Snecko","floor":30,"turns":4},{"damage":28,"enemies":"Collector","floor":33,"turns":5},{"damage":14,"enemies":"3 Shapes","floor":35,"turns":3},{"damage":39,"enemies":"3 Darklings","floor":36,"turns":3},{"damage":23,"enemies":"Transient","floor":37,"turns":4},{"damage":0,"enemies":"Maw","floor":38,"turns":2},{"damage":6,"enemies":"3 Darklings","floor":42,"turns":2},{"damage":22,"enemies":"Jaw Worm Horde","floor":44,"turns":2},{"damage":26,"enemies":"Spire Growth","floor":45,"turns":3},{"damage":28,"enemies":"Mind Bloom Boss Battle","floor":47,"turns":5},{"damage":10,"enemies":"Transient","floor":48,"turns":5},{"damage":78,"enemies":"Time Eater","floor":50,"turns":5}],"seed_played":"-2428056478960506738","potions_obtained":[{"floor":1,"key":"Explosive Potion"},{"floor":4,"key":"Explosive Potion"},{"floor":7,"key":"Explosive Potion"},{"floor":8,"key":"AttackPotion"},{"floor":14,"key":"FearPotion"},{"floor":18,"key":"SmokeBomb"},{"floor":24,"key":"Strength Potion"},{"floor":33,"key":"SmokeBomb"},{"floor":35,"key":"Dexterity Potion"},{"floor":45,"key":"Explosive Potion"},{"floor":47,"key":"Poison Potion"}],"is_trial":false,"path_per_floor":["M","M","M","M","?","E","M","E","T","E","R","?","$","M","R","B",null,"M","?","$","$","?","R","E","R","T","M","?","E","M","?","R","B",null,"M","M","M","M","?","R","?","M","T","M","M","R","?","M","R","B"],"character_chosen":"IRONCLAD","items_purchased":["Rage","Inflame","Blind","Cleave"],"campfire_rested":8,"item_purchase_floors":[13,13,13,20],"current_hp_per_floor":[72,68,72,72,60,54,43,12,12,7,43,61,61,57,72,47,72,46,46,46,46,72,72,52,72,72,64,64,29,20,4,40,18,72,64,31,14,20,20,56,56,56,56,40,20,56,34,30,66,0],"gold":0,"neow_bonus":"RANDOM_COLORLESS_2","is_prod":false,"is_daily":false,"chose_seed":false,"campfire_upgraded":0,"win_rate":0,"timestamp":1566508810,"path_taken":["M","M","M","M","?","E","M","E","T","E","R","?","$","M","R","BOSS","M","?","?","$","?","R","E","R","T","M","?","E","M","?","R","BOSS","M","M","M","M","?","R","?","M","T","M","M","R","?","M","R","BOSS"],"build_version":"2019-07-17","purchased_purges":0,"victory":false,"max_hp_per_floor":[72,72,72,72,72,72,72,72,72,72,72,72,72,72,72,72,72,72,72,72,72,72,72,72,72,72,72,72,72,72,72,72,72,72,72,72,72,72,72,72,72,72,72,72,72,72,72,72,72,72],"card_choices":[{"not_picked":["Flex","Inflame"],"picked":"Rupture","floor":1},{"not_picked":["Fire Breathing","Carnage"],"picked":"Clash","floor":2},{"not_picked":["Warcry","Heavy Blade"],"picked":"Rupture","floor":3},{"not_picked":["True Grit","Warcry"],"picked":"Clash","floor":4},{"not_picked":["Fire Breathing","Twin Strike"],"picked":"Second Wind","floor":6},{"not_picked":["Warcry","Pummel"],"picked":"Spot Weakness","floor":7},{"not_picked":["Iron Wave","Pommel Strike"],"picked":"Metallicize","floor":8},{"not_picked":["Impervious","Pommel Strike"],"picked":"Shrug It Off","floor":10},{"not_picked":["Reckless Charge","Ghostly Armor"],"picked":"Infernal Blade","floor":11},{"not_picked":["Feel No Pain","Body Slam"],"picked":"Carnage","floor":14},{"not_picked":["Shrug It Off","Perfected Strike"],"picked":"Heavy Blade","floor":15},{"not_picked":["Dark Embrace","Fiend Fire"],"picked":"Limit Break","floor":16},{"not_picked":["Headbutt","Iron Wave"],"picked":"Cleave+1","floor":18},{"not_picked":["Ghostly Armor","True Grit"],"picked":"Inflame","floor":23},{"not_picked":["Dark Embrace","Havoc"],"picked":"Brutality","floor":24},{"not_picked":["Iron Wave","Fire Breathing"],"picked":"Evolve","floor":25},{"not_picked":["Shockwave","True Grit+1"],"picked":"Cleave","floor":27},{"not_picked":["Havoc","Ghostly Armor"],"picked":"Heavy Blade","floor":29},{"not_picked":["Wild Strike","Pommel Strike+1"],"picked":"Hemokinesis","floor":30},{"not_picked":["Armaments","Uppercut+1"],"picked":"Anger","floor":32},{"not_picked":["Exhume","Bludgeon"],"picked":"Juggernaut","floor":33},{"not_picked":["Carnage","Intimidate+1"],"picked":"Wild Strike","floor":35},{"not_picked":["True Grit","Shockwave+1"],"picked":"Ghostly Armor","floor":36},{"not_picked":["Second Wind+1","Twin Strike"],"picked":"Seeing Red+1","floor":40},{"not_picked":["Flex+1","Blood for Blood"],"picked":"Heavy Blade+1","floor":42},{"not_picked":["Intimidate","Corruption"],"picked":"Flex+1","floor":44},{"not_picked":["Sentinel+1","Infernal Blade"],"picked":"Flex+1","floor":45},{"not_picked":["Sword Boomerang+1","Dual Wield"],"picked":"Headbutt+1","floor":46},{"not_picked":["Pommel Strike","Headbutt+1"],"picked":"Heavy Blade","floor":47},{"not_picked":["Wild Strike","Headbutt"],"picked":"Cleave+1","floor":48},{"not_picked":["Fiend Fire","Iron Wave+1"],"picked":"Reckless Charge+1","floor":49}],"player_experience":72231,"relics_obtained":[{"floor":6,"key":"Omamori"},{"floor":8,"key":"Regal Pillow"},{"floor":9,"key":"Dream Catcher"},{"floor":10,"key":"Pen Nib"},{"floor":24,"key":"Juzu Bracelet"},{"floor":26,"key":"PreservedInsect"},{"floor":29,"key":"Unceasing Top"},{"floor":31,"key":"Enchiridion"},{"floor":47,"key":"Torii"}],"event_choices":[{"damage_healed":0,"gold_gain":0,"player_choice":"Success","damage_taken":12,"relics_obtained":["Bronze Scales"],"max_hp_gain":0,"max_hp_loss":0,"event_name":"Scrap Ooze","floor":5,"gold_loss":0},{"damage_healed":18,"gold_gain":0,"player_choice":"Healed","damage_taken":0,"max_hp_gain":0,"max_hp_loss":0,"event_name":"The Cleric","floor":12,"gold_loss":35},{"damage_healed":0,"gold_gain":0,"player_choice":"Gave Potion","damage_taken":0,"relics_obtained":["Orichalcum"],"max_hp_gain":0,"max_hp_loss":0,"event_name":"WeMeetAgain","floor":19,"gold_loss":0},{"cards_removed":["Rupture"],"damage_healed":26,"gold_gain":0,"player_choice":"Offered Uncommon","damage_taken":0,"max_hp_gain":0,"max_hp_loss":0,"event_name":"Bonfire Elementals","floor":22,"gold_loss":0},{"damage_healed":0,"gold_gain":0,"player_choice":"Obtain J.A.X.","damage_taken":0,"max_hp_gain":0,"max_hp_loss":0,"event_name":"Drug Dealer","floor":28,"gold_loss":0,"cards_obtained":["J.A.X."]},{"damage_healed":0,"gold_gain":0,"player_choice":"Obtained Book","damage_taken":16,"max_hp_gain":0,"max_hp_loss":0,"event_name":"Cursed Tome","floor":31,"gold_loss":0},{"damage_healed":0,"gold_gain":0,"player_choice":"Paid","damage_taken":0,"relics_obtained":["Red Mask"],"max_hp_gain":0,"max_hp_loss":0,"event_name":"Tomb of Lord Red Mask","floor":39,"gold_loss":35},{"damage_healed":0,"gold_gain":300,"player_choice":"Gold","damage_taken":0,"max_hp_gain":0,"max_hp_loss":0,"event_name":"Wheel of Change","floor":41,"gold_loss":0},{"damage_healed":0,"gold_gain":0,"player_choice":"Fight","damage_taken":0,"max_hp_gain":0,"max_hp_loss":0,"event_name":"MindBloom","floor":47,"gold_loss":0}],"is_beta":false,"boss_relics":[{"not_picked":["Busted Crown","Lizard Tail"],"picked":"Ectoplasm"},{"not_picked":["Calling Bell","Astrolabe"],"picked":"Fusion Hammer"}],"items_purged_floors":[],"is_endless":false,"potions_floor_spawned":[1,4,7,8,14,18,24,33,35,37,38,45,47],"killed_by":"Time Eater","ascension_level":4}