{"gold_per_floor":[211,231,156,106,118,118,138,138,138,151,167,186,186,186,186,285,285,299,313,31,62,78,113,113,132,157,157,157,168,23,36,36,134,134,152,172,72,90,100,100,100,114,139,139,151,170,186,202,202,202],"floor_reached":51,"playtime":858,"items_purged":["Strike_R","Fire Breathing"],"score":694,"play_id":"4293dafd-379b-4ff1-b5bb-c3ac997d1146","local_time":"20190815024139","is_ascension_mode":false,"campfire_choices":[{"data":"Whirlwind","floor":6,"key":"SMITH"},{"data":"Bash","floor":8,"key":"SMITH"},{"data":"Thunderclap","floor":13,"key":"SMITH"},{"data":"Clash","floor":15,"key":"SMITH"},{"data":"Whirlwind","floor":24,"key":"SMITH"},{"data":"Whirlwind","floor":27,"key":"SMITH"},{"data":"Demon Form","floor":32,"key":"SMITH"},{"data":"Limit Break","floor":41,"key":"SMITH"},{"data":"Double Tap","floor":44,"key":"SMITH"},{"floor":49,"key":"REST"}],"neow_cost":"NONE","seed_source_timestamp":9609934636397,"circlet_count":0,"master_deck":["Bash+1","Whirlwind+1","Thunderclap+1","Clash+1","Sword Boomerang","Thunderclap+1","Demon Form+1","Thunderclap","Whirlwind+1","Heavy Blade","Whirlwind+1","Inflame+1","Flame Barrier","Thunderclap+1","Double Tap+1","Clothesline","Havoc","Inflame","Limit Break+1","Bloodletting","Flex","Flex+1","Parasite"],"special_seed":0,"relics":["Burning Blood","Gremlin Horn","Sozu","Chemical X","Red Mask","Self Forming Clay","Vajra","Red Skull","Pandora\u0027s Box","Blood Vial"],"potions_floor_usage":[5,16,16,50],"damage_taken":[{"damage":1.0,"enemies":"Cultist","floor":1.0,"turns":4.0},{"damage":2,"enemies":"Small Slimes","floor":2,"turns":3},{"damage":1,"enemies":"Jaw Worm","floor":5,"turns":4},{"damage":0,"enemies":"Gremlin Gang","floor":7,"turns":1},{"damage":5,"enemies":"Looter","floor":10,"turns":2},{"damage":9,"enemies":"Blue Slaver","floor":11,"turns":3},{"damage":0,"enemies":"2 Fungi Beasts","floor":12,"turns":1},{"damage":54,"enemies":"Hexaghost","floor":16,"turns":8},{"damage":19,"enemies":"Shell Parasite","floor":18,"turns":3},{"damage":5,"enemies":"Chosen","floor":19,"turns":3},{"damage":0,"enemies":"Masked Bandits","floor":21,"turns":1},{"damage":10,"enemies":"Sentry and Sphere","floor":22,"turns":3},{"damage":32,"enemies":"Book of Stabbing","floor":23,"turns":4},{"damage":10,"enemies":"Snecko","floor":25,"turns":3},{"damage":9,"enemies":"Centurion and Healer","floor":29,"turns":3},{"damage":0,"enemies":"Cultist and Chosen","floor":31,"turns":1},{"damage":4,"enemies":"Champ","floor":33,"turns":5},{"damage":0,"enemies":"3 Darklings","floor":35,"turns":1},{"damage":7,"enemies":"Orb Walker","floor":36,"turns":2},{"damage":0,"enemies":"3 Darklings","floor":38,"turns":1},{"damage":0,"enemies":"Jaw Worm Horde","floor":39,"turns":1},{"damage":0,"enemies":"Writhing Mass","floor":42,"turns":2},{"damage":0,"enemies":"Sphere and 2 Shapes","floor":45,"turns":1},{"damage":0,"enemies":"Spire Growth","floor":46,"turns":2},{"damage":27,"enemies":"Writhing Mass","floor":47,"turns":3},{"damage":9,"enemies":"4 Shapes","floor":48,"turns":1},{"damage":40,"enemies":"Donu and Deca","floor":50,"turns":3}],"seed_played":"7242686529022087902","potions_obtained":[{"floor":1.0,"key":"AttackPotion"},{"floor":7,"key":"SkillPotion"},{"floor":10,"key":"SpeedPotion"},{"floor":16,"key":"Regen Potion"}],"is_trial":false,"path_per_floor":["M","M","$","?","M","R","M","R","T","M","M","M","R","?","R","B",null,"M","M","$","?","M","E","R","M","T","R","?","M","$","M","R","B",null,"M","M","$","M","M","$","R","M","T","R","M","M","M","M","R","B",null],"character_chosen":"IRONCLAD","items_purchased":["Chemical X","Whirlwind","Red Skull"],"campfire_rested":1,"item_purchase_floors":[20,20,30],"current_hp_per_floor":[80,80,80,80,80,80,80,80,80,80,77,80,80,80,80,32,80,67,68,68,74,70,44,44,40,40,40,40,37,37,43,43,45,80,80,79,79,80,80,80,80,80,80,80,80,80,59,58,80,51],"gold":202,"neow_bonus":"HUNDRED_GOLD","is_prod":false,"is_daily":false,"chose_seed":false,"campfire_upgraded":9,"win_rate":0,"timestamp":1565858499,"path_taken":["M","M","?","?","?","R","M","R","T","?","M","M","R","?","R","BOSS","M","M","$","?","M","E","R","M","T","R","?","?","$","M","R","BOSS","M","M","$","M","?","?","R","M","T","R","M","M","?","M","R","BOSS"],"build_version":"2019-07-17","purchased_purges":2,"victory":true,"max_hp_per_floor":[80,80,80,80,80,80,80,80,80,80,80,80,80,80,80,80,80,80,80,80,80,80,80,80,80,80,80,80,80,80,80,80,80,80,80,80,80,80,80,80,80,80,80,80,80,80,80,80,80,80],"card_choices":[{"not_picked":["Wild Strike","Pommel Strike"],"picked":"Whirlwind","floor":1.0},{"not_picked":["Clothesline","Armaments"],"picked":"Thunderclap","floor":2},{"not_picked":["Carnage","Cleave","Reaper"],"picked":"SKIP","floor":5},{"not_picked":["Pommel Strike","Shrug It Off"],"picked":"Clash","floor":7},{"not_picked":["Pommel Strike","Ghostly Armor","Heavy Blade"],"picked":"SKIP","floor":10},{"not_picked":["True Grit","Clothesline"],"picked":"Sword Boomerang","floor":11},{"not_picked":["Havoc","Disarm"],"picked":"Thunderclap","floor":12},{"not_picked":["Brutality","Offering"],"picked":"Demon Form","floor":16},{"not_picked":["Hemokinesis+1","Power Through"],"picked":"Thunderclap","floor":18},{"not_picked":["Blood for Blood","Shrug It Off","Body Slam"],"picked":"SKIP","floor":19},{"not_picked":["Body Slam","Perfected Strike"],"picked":"Heavy Blade","floor":21},{"not_picked":["Uppercut+1","Iron Wave","Pummel"],"picked":"SKIP","floor":22},{"not_picked":["Wild Strike","Cleave+1"],"picked":"Whirlwind","floor":23},{"not_picked":["Metallicize","Wild Strike"],"picked":"Inflame+1","floor":25},{"not_picked":["Pommel Strike+1","Sword Boomerang+1"],"picked":"Flame Barrier","floor":29},{"not_picked":["Cleave+1","Feel No Pain"],"picked":"Thunderclap+1","floor":31},{"not_picked":["Juggernaut","Berserk"],"picked":"Double Tap","floor":33},{"not_picked":["Clash+1","Body Slam","Infernal Blade+1"],"picked":"SKIP","floor":35},{"not_picked":["Dual Wield+1","Rampage+1"],"picked":"Flex+1","floor":36},{"not_picked":["Perfected Strike","Clash","Blood for Blood"],"picked":"SKIP","floor":38},{"not_picked":["Perfected Strike+1","Entrench+1","Body Slam+1"],"picked":"SKIP","floor":39},{"not_picked":["Burning Pact+1","Wild Strike+1","Sword Boomerang+1"],"picked":"SKIP","floor":42},{"not_picked":["Rampage","Havoc","Thunderclap+1"],"picked":"SKIP","floor":45},{"not_picked":["Rampage","Havoc","Thunderclap+1"],"picked":"SKIP","floor":45},{"not_picked":["True Grit","Pommel Strike+1","Carnage+1"],"picked":"SKIP","floor":46},{"not_picked":["True Grit","Anger","Carnage+1"],"picked":"SKIP","floor":47},{"not_picked":["Dropkick","Second Wind+1","Iron Wave"],"picked":"SKIP","floor":48}],"player_experience":1675341,"relics_obtained":[{"floor":9,"key":"Gremlin Horn"},{"floor":21,"key":"Red Mask"},{"floor":23,"key":"Self Forming Clay"},{"floor":26,"key":"Vajra"},{"floor":43,"key":"Blood Vial"}],"event_choices":[{"cards_removed":["Defend_R"],"damage_healed":0,"gold_gain":0,"player_choice":"Card Removal","damage_taken":0,"max_hp_gain":0,"max_hp_loss":0,"event_name":"The Cleric","floor":4,"gold_loss":50},{"damage_healed":0,"gold_gain":0,"player_choice":"Grow","damage_taken":0,"max_hp_gain":0,"max_hp_loss":0,"event_name":"Living Wall","floor":14,"gold_loss":0,"cards_upgraded":["Thunderclap"]},{"damage_healed":0,"gold_gain":0,"player_choice":"Fought Bandits","damage_taken":0,"max_hp_gain":0,"max_hp_loss":0,"event_name":"Masked Bandits","floor":21,"gold_loss":0},{"damage_healed":0,"gold_gain":0,"player_choice":"Bought 0 Potions","damage_taken":0,"max_hp_gain":0,"max_hp_loss":0,"event_name":"The Woman in Blue","floor":28,"gold_loss":0}],"is_beta":false,"boss_relics":[{"not_picked":["Fusion Hammer","Lizard Tail"],"picked":"Sozu"},{"not_picked":["Orrery","White Beast Statue"],"picked":"Pandora\u0027s Box"}],"items_purged_floors":[3,37],"is_endless":false,"potions_floor_spawned":[1,7,10,16,19,21,23,25,31,36,39,45,47,48],"ascension_level":0}