{"gold_per_floor":[110,129,99,117,130,130,142,168,168,182,200,211,211,225,225,324,324,337,337,354,371,371,371,387,398,398,418,434,67,77,87,87,187,187,205,605,307,327,74,74,89,89,89,89,89,119,139,0,0,0],"floor_reached":50,"playtime":4943,"items_purged":[],"score":481,"play_id":"21ad722b-2ed2-4038-8449-e87b1592edb6","local_time":"20181202213321","is_ascension_mode":false,"campfire_choices":[{"data":"Zap","floor":6,"key":"SMITH"},{"floor":15,"key":"REST"},{"floor":23,"key":"REST"},{"floor":32,"key":"REST"},{"floor":40,"key":"REST"},{"floor":42,"key":"RECALL"},{"data":"Seek","floor":45,"key":"SMITH"},{"floor":49,"key":"REST"}],"neow_cost":"NONE","seed_source_timestamp":424574378092500,"circlet_count":0,"master_deck":["Strike_B","Strike_B","Strike_B","Strike_B","Defend_B","Defend_B","Defend_B","Defend_B","Zap+1","Dualcast","Leap","Reinforced Body","Conserve Battery","Seek+1","Sweeping Beam","Electrodynamics","Hello World","Hologram","Force Field","Amplify","Steam+1","Seek","Storm","Heatsinks+1","Recycle+1","Core Surge","Consume","Heatsinks","Stack","Reprogram","Machine Learning","Double Energy+1","Capacitor+1","Heatsinks","White Noise","Force Field+1","Go for the Eyes+1","Enlightenment","Purity","Clumsy","Stack"],"relics":["Cracked Core","NeowsBlessing","Centennial Puzzle","Omamori","Cursed Key","Oddly Smooth Stone","Turnip","Snecko Eye","Old Coin","Lantern","Regal Pillow","Tiny Chest","Red Mask"],"potions_floor_usage":[8,8,8,18,21,22,30,33,33,39,50,50],"damage_taken":[{"damage":0,"enemies":"Cultist","floor":1,"turns":1},{"damage":0,"enemies":"Jaw Worm","floor":2,"turns":1},{"damage":0,"enemies":"2 Louse","floor":4,"turns":1},{"damage":6,"enemies":"Gremlin Gang","floor":5,"turns":6},{"damage":0,"enemies":"2 Fungi Beasts","floor":7,"turns":4},{"damage":26,"enemies":"Gremlin Nob","floor":8,"turns":5},{"damage":4,"enemies":"Red Slaver","floor":10,"turns":4},{"damage":0,"enemies":"Gremlin Gang","floor":11,"turns":1},{"damage":1,"enemies":"2 Fungi Beasts","floor":12,"turns":2},{"damage":7,"enemies":"Blue Slaver","floor":14,"turns":3},{"damage":45,"enemies":"The Guardian","floor":16,"turns":12},{"damage":16,"enemies":"Chosen","floor":18,"turns":5},{"damage":4,"enemies":"Shell Parasite","floor":20,"turns":6},{"damage":18,"enemies":"Snecko","floor":21,"turns":6},{"damage":2,"enemies":"Centurion and Healer","floor":22,"turns":2},{"damage":1,"enemies":"Snake Plant","floor":24,"turns":3},{"damage":0,"enemies":"Snecko","floor":25,"turns":6},{"damage":15,"enemies":"Chosen and Byrds","floor":27,"turns":4},{"damage":8,"enemies":"Shelled Parasite and Fungi","floor":28,"turns":7},{"damage":11,"enemies":"Snake Plant","floor":30,"turns":3},{"damage":5,"enemies":"Snecko","floor":31,"turns":4},{"damage":18,"enemies":"Collector","floor":33,"turns":12},{"damage":18,"enemies":"3 Darklings","floor":35,"turns":4},{"damage":14,"enemies":"Mind Bloom Boss Battle","floor":36,"turns":10},{"damage":6,"enemies":"Orb Walker","floor":38,"turns":4},{"damage":4,"enemies":"3 Darklings","floor":41,"turns":4},{"damage":58,"enemies":"Jaw Worm Horde","floor":47,"turns":6},{"damage":54,"enemies":"Time Eater","floor":50,"turns":8}],"seed_played":"921987854701341799","potions_obtained":[{"floor":2,"key":"Block Potion"},{"floor":3,"key":"Weak Potion"},{"floor":3,"key":"FearPotion"},{"floor":8,"key":"SmokeBomb"},{"floor":12,"key":"Block Potion"},{"floor":16,"key":"SneckoOil"},{"floor":21,"key":"EssenceOfSteel"},{"floor":27,"key":"Poison Potion"},{"floor":28,"key":"SteroidPotion"},{"floor":30,"key":"Strength Potion"},{"floor":38,"key":"FocusPotion"},{"floor":41,"key":"Ancient Potion"},{"floor":47,"key":"PowerPotion"}],"is_trial":false,"path_per_floor":["M","M","?","M","M","R","M","E","T","M","M","M","?","M","R","B",null,"M","?","M","M","M","R","M","M","T","M","M","$","M","M","R","B",null,"M","?","$","M","$","R","M","R","T","?","R","T","M","?","R","B"],"character_chosen":"DEFECT","items_purchased":["Turnip","Heatsinks","Lantern","Heatsinks","White Noise","Regal Pillow","Fruit Juice"],"campfire_rested":5,"item_purchase_floors":[29,29,37,37,37,39,39],"current_hp_per_floor":[75,75,75,75,69,69,69,43,43,39,39,38,38,31,53,8,75,59,59,55,37,35,57,56,56,56,41,33,33,22,17,39,21,75,57,43,43,37,42,80,76,76,76,71,71,71,13,13,52,0],"gold":0,"neow_bonus":"THREE_ENEMY_KILL","is_prod":false,"is_daily":false,"chose_seed":false,"campfire_upgraded":2,"win_rate":0,"timestamp":1543754001,"path_taken":["M","?","?","M","M","R","M","E","T","M","M","?","?","?","R","BOSS","M","?","M","M","M","R","M","M","T","?","M","$","M","?","R","BOSS","M","?","$","M","$","R","M","R","T","?","R","?","M","?","R","BOSS"],"build_version":"2018-11-15","purchased_purges":0,"victory":false,"max_hp_per_floor":[75,75,75,75,75,75,75,75,75,75,75,75,75,75,75,75,75,75,75,75,75,75,75,75,75,75,75,75,75,75,75,75,75,75,75,75,75,75,80,80,80,80,80,80,80,80,80,80,80,80],"card_choices":[{"not_picked":["Force Field","Barrage"],"picked":"Leap","floor":1},{"not_picked":["Stack","Coolheaded"],"picked":"Reinforced Body","floor":2},{"not_picked":["Fusion","Glacier"],"picked":"Conserve Battery","floor":4},{"not_picked":["Steam","Storm"],"picked":"Seek","floor":5},{"not_picked":["Turbo","Go for the Eyes"],"picked":"Sweeping Beam","floor":7},{"not_picked":["Skim","Machine Learning"],"picked":"Electrodynamics","floor":8},{"not_picked":["Cold Snap","Go for the Eyes"],"picked":"Hello World","floor":10},{"not_picked":["Turbo","Barrage"],"picked":"Hologram","floor":11},{"not_picked":["Conserve Battery","Leap"],"picked":"Force Field","floor":12},{"not_picked":["Redo","Hologram","Barrage"],"picked":"SKIP","floor":14},{"not_picked":["Echo Form","Hyperbeam"],"picked":"Amplify","floor":16},{"not_picked":["Go for the Eyes","Conserve Battery"],"picked":"Steam+1","floor":18},{"not_picked":["Compile Driver","Leap"],"picked":"Storm","floor":20},{"not_picked":["Cold Snap","White Noise"],"picked":"Heatsinks+1","floor":21},{"not_picked":["Scrape","Redo+1"],"picked":"Recycle+1","floor":24},{"not_picked":["Streamline","Turbo+1"],"picked":"Core Surge","floor":25},{"not_picked":["Barrage","Turbo"],"picked":"Consume","floor":27},{"not_picked":["Leap","Cold Snap","Steam"],"picked":"SKIP","floor":28},{"not_picked":["Beam Cell","Gash"],"picked":"Stack","floor":30},{"not_picked":["Stack","Rebound+1"],"picked":"Reprogram","floor":31},{"not_picked":["Hyperbeam","Core Surge"],"picked":"Machine Learning","floor":33},{"not_picked":["Steam+1","Redo+1"],"picked":"Double Energy+1","floor":35},{"not_picked":["Steam Power","Darkness"],"picked":"Capacitor+1","floor":36},{"not_picked":["Reprogram","Conserve Battery+1"],"picked":"Force Field+1","floor":38},{"not_picked":["Heatsinks","Turbo"],"picked":"Go for the Eyes+1","floor":41},{"not_picked":["Good Instincts","Swift Strike"],"picked":"Enlightenment","floor":44},{"not_picked":["Panacea","Mind Blast"],"picked":"Purity","floor":44},{"not_picked":["Rebound+1","Tempest+1"],"picked":"Stack","floor":47}],"player_experience":588296,"relics_obtained":[{"floor":8,"key":"Centennial Puzzle"},{"floor":9,"key":"Omamori"},{"floor":26,"key":"Oddly Smooth Stone"},{"floor":36,"key":"Old Coin"},{"floor":46,"key":"Tiny Chest"}],"event_choices":[{"damage_healed":0,"gold_gain":0,"player_choice":"Bought 2 Potions","damage_taken":0,"max_hp_gain":0,"max_hp_loss":0,"event_name":"The Woman in Blue","floor":3,"gold_loss":0},{"damage_healed":0,"gold_gain":0,"player_choice":"Ignored","damage_taken":0,"max_hp_gain":0,"max_hp_loss":0,"event_name":"NoteForYourself","floor":13,"gold_loss":0},{"damage_healed":0,"gold_gain":0,"player_choice":"Copied","damage_taken":0,"max_hp_gain":0,"max_hp_loss":0,"event_name":"Duplicator","floor":19,"gold_loss":0,"cards_obtained":["Seek"]},{"damage_healed":0,"gold_gain":0,"player_choice":"Fight","damage_taken":0,"max_hp_gain":0,"max_hp_loss":0,"event_name":"MindBloom","floor":36,"gold_loss":0},{"damage_healed":0,"gold_gain":0,"player_choice":"Memory 2","damage_taken":5,"max_hp_gain":0,"max_hp_loss":0,"event_name":"SensoryStone","floor":44,"gold_loss":0},{"damage_healed":0,"gold_gain":0,"player_choice":"Paid","damage_taken":0,"relics_obtained":["Red Mask"],"max_hp_gain":0,"max_hp_loss":0,"event_name":"Tomb of Lord Red Mask","floor":48,"gold_loss":139}],"is_beta":false,"boss_relics":[{"not_picked":["Runic Dome","Astrolabe"],"picked":"Cursed Key"},{"not_picked":["Velvet Choker","Sozu"],"picked":"Snecko Eye"}],"items_purged_floors":[],"is_endless":false,"potions_floor_spawned":[2,7,8,12,16,21,22,27,28,30,38,41,47],"killed_by":"Time Eater","ascension_level":0}