{"gold_per_floor":[112,112,112,112,122,122,156,156,183,108,118,134,134,134,134,134],"floor_reached":16,"playtime":388,"items_purged":["Strike_R"],"score":172,"play_id":"66a65af9-db5a-4f5e-a788-acbb640e5ac9","local_time":"20190825213716","is_ascension_mode":true,"campfire_choices":[{"data":"Clothesline","floor":6,"key":"SMITH"},{"floor":8,"key":"REST"},{"floor":15,"key":"REST"}],"neow_cost":"NONE","seed_source_timestamp":906409615562200,"circlet_count":0,"master_deck":["AscendersBane","Strike_R","Strike_R","Strike_R","Defend_R","Defend_R","Defend_R","Bash","Clothesline+1","Dark Shackles","Wild Strike","Flex","Feel No Pain"],"relics":["Burning Blood","Bag of Marbles","Bottled Flame","Strawberry"],"potions_floor_usage":[],"damage_taken":[{"damage":15,"enemies":"2 Louse","floor":1,"turns":3},{"damage":4,"enemies":"Cultist","floor":5,"turns":3},{"damage":35,"enemies":"Lagavulin","floor":7,"turns":6},{"damage":10,"enemies":"Small Slimes","floor":11,"turns":4},{"damage":10,"enemies":"2 Fungi Beasts","floor":12,"turns":4},{"damage":12,"enemies":"The Guardian","floor":16,"turns":5}],"seed_played":"4538456064745378396","potions_obtained":[{"floor":11,"key":"LiquidBronze"}],"is_trial":false,"path_per_floor":["M","?","?","?","M","R","E","R","T","$","M","M","?","?","R","B"],"character_chosen":"IRONCLAD","items_purchased":[],"campfire_rested":2,"item_purchase_floors":[],"current_hp_per_floor":[71,64,64,64,66,66,37,63,70,70,66,62,55,55,83,71],"gold":134,"neow_bonus":"TEN_PERCENT_HP_BONUS","is_prod":false,"is_daily":false,"chose_seed":false,"campfire_upgraded":1,"win_rate":0,"timestamp":1566736636,"path_taken":["M","?","?","?","M","R","E","R","T","$","?","M","?","?","R","BOSS"],"build_version":"2019-07-17","purchased_purges":1,"victory":false,"max_hp_per_floor":[88,88,88,88,88,88,88,88,95,95,95,95,95,95,95,95],"card_choices":[{"not_picked":["Sword Boomerang","Power Through"],"picked":"Clothesline","floor":1},{"not_picked":["Corruption","Warcry"],"picked":"Wild Strike","floor":5},{"not_picked":["Disarm","Shrug It Off","Feed"],"picked":"SKIP","floor":7},{"not_picked":["Sword Boomerang","Clothesline"],"picked":"Flex","floor":11},{"not_picked":["Havoc","Armaments"],"picked":"Feel No Pain","floor":12}],"player_experience":216338,"relics_obtained":[{"floor":7,"key":"Bottled Flame"},{"floor":9,"key":"Strawberry"}],"event_choices":[{"damage_healed":0,"gold_gain":0,"player_choice":"Success","damage_taken":7,"relics_obtained":["Bag of Marbles"],"max_hp_gain":0,"max_hp_loss":0,"event_name":"Scrap Ooze","floor":2,"gold_loss":0},{"damage_healed":0,"gold_gain":0,"player_choice":"Ignored","damage_taken":0,"max_hp_gain":0,"max_hp_loss":0,"event_name":"Shining Light","floor":3,"gold_loss":0},{"damage_healed":0,"gold_gain":0,"player_choice":"1 cards matched","damage_taken":0,"max_hp_gain":0,"max_hp_loss":0,"event_name":"Match and Keep!","floor":4,"gold_loss":0,"cards_obtained":["Dark Shackles"]},{"cards_removed":["Strike_R"],"damage_healed":0,"gold_gain":0,"player_choice":"Card Removal","damage_taken":7,"max_hp_gain":0,"max_hp_loss":0,"event_name":"Golden Wing","floor":13,"gold_loss":0},{"cards_removed":["Defend_R"],"damage_healed":0,"gold_gain":0,"player_choice":"Forget","damage_taken":0,"max_hp_gain":0,"max_hp_loss":0,"event_name":"Living Wall","floor":14,"gold_loss":0}],"is_beta":false,"boss_relics":[],"items_purged_floors":[10],"is_endless":false,"potions_floor_spawned":[11],"killed_by":"The Guardian","ascension_level":10}