{"gold_per_floor":[16,32,47,65,65,65,100,119,119,69,69,69,94,130,130,251,251,265,265,280,305,305,305,325,325],"floor_reached":25,"playtime":1449,"items_purged":[],"score":397,"play_id":"89d18d08-b6b4-41c6-bf44-d5bde191afe7","local_time":"20190811201050","is_ascension_mode":true,"campfire_choices":[{"data":"Dualcast","floor":6,"key":"SMITH"},{"data":"Zap","floor":11,"key":"SMITH"},{"data":"Rip and Tear","floor":15,"key":"SMITH"},{"floor":23,"key":"REST"}],"neow_cost":"NO_GOLD","seed_source_timestamp":103599757902000,"circlet_count":0,"master_deck":["AscendersBane","Defend_B","Defend_B","Defend_B","Defend_B","Zap+1","Dualcast+1","Electrodynamics","Streamline","Rip and Tear+1","Auto Shields","Conserve Battery","Compile Driver","Self Repair","Cold Snap","Capacitor","All For One","White Noise","Bite","Bite","Bite","Bite","Bite","Genetic Algorithm","Hologram","Writhe","Gash"],"relics":["Cracked Core","Centennial Puzzle","Kunai","Golden Idol","Pear","Philosopher\u0027s Stone","Toxic Egg 2"],"potions_floor_usage":[7,7,13,18,25,25],"damage_taken":[{"damage":7,"enemies":"Jaw Worm","floor":1,"turns":3},{"damage":0,"enemies":"2 Louse","floor":2,"turns":1},{"damage":0,"enemies":"Cultist","floor":3,"turns":3},{"damage":6,"enemies":"Looter","floor":4,"turns":3},{"damage":0,"enemies":"Gremlin Nob","floor":7,"turns":2},{"damage":1,"enemies":"Lots of Slimes","floor":8,"turns":3},{"damage":0,"enemies":"Red Slaver","floor":13,"turns":3},{"damage":11,"enemies":"Lagavulin","floor":14,"turns":8},{"damage":34,"enemies":"The Guardian","floor":16,"turns":10},{"damage":9,"enemies":"Shell Parasite","floor":18,"turns":4},{"damage":14,"enemies":"Chosen","floor":20,"turns":3},{"damage":30,"enemies":"Snake Plant","floor":21,"turns":5},{"damage":23,"enemies":"Centurion and Healer","floor":24,"turns":9},{"damage":63,"enemies":"Book of Stabbing","floor":25,"turns":5}],"seed_played":"-7448917587320188894","potions_obtained":[{"floor":1,"key":"Strength Potion"},{"floor":2,"key":"Weak Potion"},{"floor":4,"key":"FearPotion"},{"floor":7,"key":"EssenceOfSteel"},{"floor":16,"key":"Dexterity Potion"},{"floor":20,"key":"PowerPotion"},{"floor":24,"key":"Energy Potion"}],"is_trial":false,"path_per_floor":["M","M","M","M","?","R","E","M","T","?","R","?","M","E","R","B",null,"M","?","M","M","?","R","M","E"],"character_chosen":"DEFECT","items_purchased":[],"campfire_rested":1,"item_purchase_floors":[],"current_hp_per_floor":[61,61,61,55,75,75,75,74,74,74,74,56,63,62,62,35,73,71,59,54,37,37,54,56,0],"gold":325,"neow_bonus":"THREE_RARE_CARDS","is_prod":false,"is_daily":false,"chose_seed":false,"campfire_upgraded":3,"win_rate":0,"timestamp":1565521850,"path_taken":["M","M","M","M","?","R","E","M","T","?","R","?","M","E","R","BOSS","M","?","M","M","?","R","M","E"],"build_version":"2019-07-17","purchased_purges":0,"victory":false,"max_hp_per_floor":[75,75,75,75,75,75,75,75,75,75,75,75,75,85,85,85,85,85,59,59,59,59,59,59,59],"card_choices":[{"not_picked":["Amplify","Meteor Strike"],"picked":"Electrodynamics","floor":0},{"not_picked":["Turbo","Chill"],"picked":"Streamline","floor":1},{"not_picked":["Go for the Eyes","Double Energy"],"picked":"Rip and Tear","floor":2},{"not_picked":["Rainbow","Blizzard"],"picked":"Auto Shields","floor":3},{"not_picked":["Chaos","Stack"],"picked":"Conserve Battery","floor":4},{"not_picked":["Stack","Turbo"],"picked":"Compile Driver","floor":7},{"not_picked":["Cold Snap","Coolheaded"],"picked":"Self Repair","floor":8},{"not_picked":["Sweeping Beam","Buffer"],"picked":"Cold Snap","floor":13},{"not_picked":["Chaos","Go for the Eyes"],"picked":"Capacitor","floor":14},{"not_picked":["Buffer","Reboot"],"picked":"All For One","floor":16},{"not_picked":["Turbo+1","Gash"],"picked":"White Noise","floor":18},{"not_picked":["Reinforced Body+1","Chaos"],"picked":"Genetic Algorithm","floor":20},{"not_picked":["Stack","Ball Lightning"],"picked":"Hologram","floor":21},{"not_picked":["Ball Lightning","Streamline"],"picked":"Gash","floor":24}],"player_experience":692410,"relics_obtained":[{"floor":7,"key":"Centennial Puzzle"},{"floor":9,"key":"Kunai"},{"floor":14,"key":"Pear"}],"event_choices":[{"damage_healed":25,"gold_gain":0,"player_choice":"Banana","damage_taken":0,"max_hp_gain":0,"max_hp_loss":0,"event_name":"Big Fish","floor":5,"gold_loss":0},{"cards_removed":["Strike_B"],"damage_healed":0,"gold_gain":0,"player_choice":"Card Removal","damage_taken":0,"max_hp_gain":0,"max_hp_loss":0,"event_name":"The Cleric","floor":10,"gold_loss":50},{"damage_healed":0,"gold_gain":0,"player_choice":"Take Damage","damage_taken":18,"relics_obtained":["Golden Idol"],"max_hp_gain":0,"max_hp_loss":0,"event_name":"Golden Idol","floor":12,"gold_loss":0},{"damage_healed":0,"gold_gain":0,"player_choice":"Became a vampire","damage_taken":0,"max_hp_gain":0,"max_hp_loss":26,"event_name":"Vampires","floor":19,"gold_loss":0,"cards_obtained":["Bite","Bite","Bite","Bite","Bite"]},{"damage_healed":0,"gold_gain":0,"player_choice":"Opened","damage_taken":0,"relics_obtained":["Toxic Egg 2"],"max_hp_gain":0,"max_hp_loss":0,"event_name":"The Mausoleum","floor":22,"gold_loss":0,"cards_obtained":["Writhe"]}],"is_beta":false,"boss_relics":[{"not_picked":["Busted Crown","Coffee Dripper"],"picked":"Philosopher\u0027s Stone"}],"items_purged_floors":[],"is_endless":false,"potions_floor_spawned":[1,2,4,7,16,20,24],"killed_by":"Book of Stabbing","ascension_level":11}