{"gold_per_floor":[115,40,51,51,71,71,91,119,119,119,131,151,151,151],"floor_reached":14,"playtime":563,"items_purged":["Strike_G"],"score":147,"play_id":"0ce58395-760f-465e-99d6-7f40205c41ea","local_time":"20190731034844","is_ascension_mode":true,"campfire_choices":[{"data":"Neutralize","floor":6,"key":"SMITH"},{"data":"Tools of the Trade","floor":10,"key":"SMITH"},{"floor":13,"key":"REST"}],"neow_cost":"NONE","seed_source_timestamp":128757115715900,"circlet_count":0,"master_deck":["AscendersBane","Strike_G","Strike_G","Strike_G","Strike_G","Defend_G","Defend_G","Defend_G","Defend_G","Defend_G","Survivor","Neutralize+1","Blur","Sucker Punch","Skewer","Cloak And Dagger","Tools of the Trade+1","Choke","Predator","Crippling Poison","Dagger Spray","Tools of the Trade"],"relics":["Ring of the Snake","NeowsBlessing","Prayer Wheel","Dodecahedron","Blue Candle"],"potions_floor_usage":[8],"damage_taken":[{"damage":0,"enemies":"2 Louse","floor":1,"turns":1},{"damage":0,"enemies":"Cultist","floor":3,"turns":1},{"damage":0,"enemies":"Jaw Worm","floor":5,"turns":1},{"damage":13,"enemies":"Gremlin Gang","floor":7,"turns":7},{"damage":18,"enemies":"Gremlin Nob","floor":8,"turns":5},{"damage":11,"enemies":"Looter","floor":11,"turns":4},{"damage":15,"enemies":"Exordium Thugs","floor":12,"turns":4},{"damage":29,"enemies":"Lots of Slimes","floor":14,"turns":3}],"seed_played":"3208417986236149230","potions_obtained":[{"floor":3,"key":"Poison Potion"},{"floor":7,"key":"Fire Potion"},{"floor":11,"key":"Ancient Potion"},{"floor":12,"key":"GhostInAJar"}],"is_trial":false,"path_per_floor":["M","$","M","?","M","R","M","E","T","R","M","M","R","M"],"character_chosen":"THE_SILENT","items_purchased":[],"campfire_rested":1,"item_purchase_floors":[],"current_hp_per_floor":[63,63,63,63,63,63,50,32,32,32,21,6,27,0],"gold":151,"neow_bonus":"THREE_ENEMY_KILL","is_prod":false,"is_daily":false,"chose_seed":false,"campfire_upgraded":2,"win_rate":0,"timestamp":1564512524,"path_taken":["M","$","M","?","?","R","M","E","T","R","M","M","R","M"],"build_version":"2019-07-17","purchased_purges":1,"victory":false,"max_hp_per_floor":[70,70,70,70,70,70,70,70,70,70,70,70,70,70],"card_choices":[{"not_picked":["PiercingWail","Eviscerate"],"picked":"Blur","floor":1},{"not_picked":["Acrobatics","Underhanded Strike","Deflect"],"picked":"SKIP","floor":3},{"not_picked":["Distraction","Deflect"],"picked":"Sucker Punch","floor":5},{"not_picked":["Underhanded Strike","All Out Attack"],"picked":"Skewer","floor":5},{"not_picked":["Dodge and Roll","Quick Slash"],"picked":"Cloak And Dagger","floor":7},{"not_picked":["Cloak And Dagger","Poisoned Stab"],"picked":"Tools of the Trade","floor":7},{"not_picked":["Dagger Spray","Heel Hook"],"picked":"Choke","floor":8},{"not_picked":["Slice","Outmaneuver"],"picked":"Predator","floor":11},{"not_picked":["Dagger Throw","Crippling Poison","Expertise"],"picked":"SKIP","floor":11},{"not_picked":["Dagger Throw","Expertise"],"picked":"Crippling Poison","floor":11},{"not_picked":["Tactician","PiercingWail"],"picked":"Dagger Spray","floor":12},{"not_picked":["Bane","Backflip"],"picked":"Tools of the Trade","floor":12}],"player_experience":515361,"relics_obtained":[{"floor":8,"key":"Dodecahedron"},{"floor":9,"key":"Blue Candle"}],"event_choices":[{"damage_healed":0,"gold_gain":0,"player_choice":"Gave Potion","damage_taken":0,"relics_obtained":["Prayer Wheel"],"max_hp_gain":0,"max_hp_loss":0,"event_name":"WeMeetAgain","floor":4,"gold_loss":0}],"is_beta":false,"boss_relics":[],"items_purged_floors":[2],"is_endless":false,"potions_floor_spawned":[3,7,11,12],"killed_by":"Lots of Slimes","ascension_level":12}