{"gold_per_floor":[13,29,29,29,48,91,91,111,161,46,90,108,108,78,78,201,201,214,214,239,253,272,272,312,312,312,345,345,389,409,440,440,561,561,575,475,491,491,511,511,240,271,321,334,334,355,355,379,379,379,379,379,192,192],"floor_reached":54,"playtime":7818,"items_purged":["Strike_R","Dark Embrace","Feel No Pain","Strike_R+1"],"score":1031,"play_id":"4a67c424-b3cf-490d-82f1-955c117f8468","local_time":"20190703000713","is_ascension_mode":true,"campfire_choices":[{"floor":7,"key":"REST"},{"floor":13,"key":"REST"},{"data":"Armaments","floor":15,"key":"SMITH"},{"data":"Armaments","floor":23,"key":"SMITH"},{"data":"Shrug It Off","floor":25,"key":"SMITH"},{"data":"Uppercut","floor":28,"key":"SMITH"},{"floor":32,"key":"REST"},{"data":"Bloodletting","floor":40,"key":"SMITH"},{"floor":45,"key":"RECALL"},{"data":"Impervious","floor":47,"key":"SMITH"},{"data":"Metallicize","floor":49,"key":"SMITH"},{"data":"Limit Break","floor":52,"key":"SMITH"}],"neow_cost":"NO_GOLD","seed_source_timestamp":0,"circlet_count":0,"master_deck":["Strike_R+1","Defend_R+1","Defend_R+1","Defend_R+1","Defend_R+1","Bash+1","Barricade+1","Whirlwind","Armaments+1","Heavy Blade+1","Evolve","Uppercut+1","Metallicize+1","Armaments+1","Limit Break+1","Shrug It Off+1","Shrug It Off+1","Infernal Blade+1","Headbutt","Impervious+1","Flex+1","Bloodletting+1","Clothesline+1","Shrug It Off+1","Warcry+1","Ghostly Armor+1","Warcry+1","Warcry+1","Metallicize"],"special_seed":0,"relics":["Burning Blood","Golden Idol","Mummified Hand","PreservedInsect","Centennial Puzzle","Velvet Choker","Blood Vial","Gremlin Horn","Bottled Tornado","FossilizedHelix","Regal Pillow","Sozu","Whetstone","Boot"],"potions_floor_usage":[5,6,11,16,27,27,30,33],"damage_taken":[{"damage":2,"enemies":"Small Slimes","floor":1,"turns":5},{"damage":6,"enemies":"2 Louse","floor":2,"turns":3},{"damage":4,"enemies":"Jaw Worm","floor":5,"turns":5},{"damage":47,"enemies":"3 Sentries","floor":6,"turns":8},{"damage":7,"enemies":"Gremlin Gang","floor":8,"turns":2},{"damage":20,"enemies":"Gremlin Nob","floor":11,"turns":4},{"damage":11,"enemies":"Exordium Thugs","floor":12,"turns":4},{"damage":2,"enemies":"Looter","floor":14,"turns":4},{"damage":19,"enemies":"The Guardian","floor":16,"turns":13},{"damage":12,"enemies":"Spheric Guardian","floor":18,"turns":8},{"damage":3,"enemies":"Shell Parasite","floor":20,"turns":9},{"damage":17,"enemies":"Shelled Parasite and Fungi","floor":21,"turns":9},{"damage":11,"enemies":"Centurion and Healer","floor":22,"turns":7},{"damage":12,"enemies":"Gremlin Leader","floor":24,"turns":10},{"damage":5,"enemies":"Book of Stabbing","floor":27,"turns":5},{"damage":29,"enemies":"Slavers","floor":29,"turns":8},{"damage":0,"enemies":"3 Cultists","floor":30,"turns":6},{"damage":0,"enemies":"Book of Stabbing","floor":31,"turns":7},{"damage":1,"enemies":"Automaton","floor":33,"turns":15},{"damage":0,"enemies":"3 Shapes","floor":35,"turns":6},{"damage":3,"enemies":"3 Darklings","floor":37,"turns":9},{"damage":18,"enemies":"Spire Growth","floor":39,"turns":6},{"damage":0,"enemies":"Reptomancer","floor":42,"turns":6},{"damage":0,"enemies":"Maw","floor":44,"turns":9},{"damage":11,"enemies":"Jaw Worm Horde","floor":46,"turns":6},{"damage":0,"enemies":"3 Darklings","floor":48,"turns":8},{"damage":64,"enemies":"Donu and Deca","floor":50,"turns":15},{"damage":81,"enemies":"Shield and Spear","floor":54,"turns":12}],"seed_played":"-5529769237563741673","potions_obtained":[{"floor":1,"key":"Block Potion"},{"floor":5,"key":"Swift Potion"},{"floor":8,"key":"Weak Potion"},{"floor":12,"key":"Strength Potion"},{"floor":18,"key":"LiquidBronze"},{"floor":21,"key":"Weak Potion"},{"floor":29,"key":"Fire Potion"},{"floor":31,"key":"LiquidBronze"}],"is_trial":false,"path_per_floor":["M","M","?","?","M","E","R","M","T","$","E","M","R","M","R","B",null,"M","?","M","M","M","R","E","R","T","E","R","E","M","E","R","B",null,"M","$","M","?","M","R","$","E","T","M","R","M","R","M","R","B",null,"R","$","E"],"character_chosen":"IRONCLAD","items_purchased":["Uppercut","Whetstone","Metallicize"],"campfire_rested":3,"item_purchase_floors":[10,41,53],"current_hp_per_floor":[80,80,80,60,62,21,45,44,44,44,30,25,49,53,53,40,80,74,74,77,66,61,61,55,55,55,58,58,37,45,53,80,80,80,80,80,80,80,68,68,68,76,76,80,80,75,75,80,80,22,80,80,80,0],"gold":192,"neow_bonus":"TRANSFORM_TWO_CARDS","is_prod":false,"is_daily":false,"chose_seed":false,"campfire_upgraded":8,"win_rate":0,"timestamp":1562080033,"path_taken":["M","M","?","?","M","E","R","M","T","$","E","M","R","M","R","BOSS","M","?","M","M","M","R","E","R","T","E","R","E","M","E","R","BOSS","M","$","M","?","M","R","$","E","T","M","R","M","R","M","R","BOSS","R","$","E"],"build_version":"2019-07-01","purchased_purges":4,"victory":false,"max_hp_per_floor":[80,80,80,80,80,80,80,80,80,80,80,80,80,80,80,80,80,80,80,80,80,80,80,80,80,80,80,80,80,80,80,80,80,80,80,80,80,80,80,80,80,80,80,80,80,80,80,80,80,80,80,80,80,80],"card_choices":[{"not_picked":["Uppercut","Sword Boomerang"],"picked":"Whirlwind","floor":1},{"not_picked":["Rage","Pommel Strike"],"picked":"Armaments","floor":2},{"not_picked":["Havoc","Warcry"],"picked":"Heavy Blade","floor":5},{"not_picked":["Searing Blow","Anger","Fire Breathing"],"picked":"SKIP","floor":6},{"not_picked":["Wild Strike","Pommel Strike"],"picked":"Evolve","floor":8},{"not_picked":["Pommel Strike","Thunderclap"],"picked":"Metallicize","floor":11},{"not_picked":["Clash","Heavy Blade"],"picked":"Armaments","floor":12},{"not_picked":["Corruption","Havoc"],"picked":"Feel No Pain","floor":14},{"not_picked":["Barricade","Dark Embrace"],"picked":"Limit Break","floor":16},{"not_picked":["Wild Strike","Blood for Blood","Twin Strike"],"picked":"SKIP","floor":18},{"not_picked":["Pummel","Havoc","Blood for Blood"],"picked":"SKIP","floor":20},{"not_picked":["Evolve","Twin Strike"],"picked":"Shrug It Off+1","floor":21},{"not_picked":["Armaments","Thunderclap"],"picked":"Shrug It Off","floor":22},{"not_picked":["Cleave","Second Wind"],"picked":"Infernal Blade+1","floor":24},{"not_picked":["Perfected Strike","Feel No Pain"],"picked":"Headbutt","floor":27},{"not_picked":["Sword Boomerang","Clothesline"],"picked":"Impervious","floor":29},{"not_picked":["Cleave","Perfected Strike"],"picked":"Flex+1","floor":30},{"not_picked":["Wild Strike","Armaments"],"picked":"Bloodletting","floor":31},{"not_picked":["Whirlwind","Iron Wave+1"],"picked":"Clothesline+1","floor":35},{"not_picked":["Rage+1","Sword Boomerang","Searing Blow+1"],"picked":"SKIP","floor":37},{"not_picked":["Cleave+1","Ghostly Armor"],"picked":"Warcry+1","floor":39},{"not_picked":["Corruption","Anger"],"picked":"Ghostly Armor+1","floor":42},{"not_picked":["Burning Pact","True Grit"],"picked":"Warcry+1","floor":44},{"not_picked":["Thunderclap","Cleave+1"],"picked":"Warcry+1","floor":46},{"not_picked":["Warcry","Clothesline+1","Inflame"],"picked":"SKIP","floor":48}],"player_experience":156979,"relics_obtained":[{"floor":6,"key":"Mummified Hand"},{"floor":9,"key":"PreservedInsect"},{"floor":11,"key":"Centennial Puzzle"},{"floor":24,"key":"Blood Vial"},{"floor":26,"key":"Gremlin Horn"},{"floor":27,"key":"Bottled Tornado"},{"floor":29,"key":"FossilizedHelix"},{"floor":31,"key":"Regal Pillow"},{"floor":42,"key":"Boot"}],"event_choices":[{"damage_healed":0,"gold_gain":0,"player_choice":"Grow","damage_taken":0,"max_hp_gain":0,"max_hp_loss":0,"event_name":"Living Wall","floor":3,"gold_loss":0,"cards_upgraded":["Barricade"]},{"damage_healed":0,"gold_gain":0,"player_choice":"Take Damage","damage_taken":20,"relics_obtained":["Golden Idol"],"max_hp_gain":0,"max_hp_loss":0,"event_name":"Golden Idol","floor":4,"gold_loss":0},{"damage_healed":0,"gold_gain":0,"player_choice":"Simplicity","damage_taken":0,"max_hp_gain":0,"max_hp_loss":0,"event_name":"Back to Basics","floor":19,"gold_loss":0,"cards_upgraded":["Strike_R","Strike_R","Defend_R","Defend_R","Defend_R","Defend_R"]},{"damage_healed":0,"gold_gain":0,"player_choice":"Copied","damage_taken":0,"max_hp_gain":0,"max_hp_loss":0,"event_name":"Duplicator","floor":38,"gold_loss":0,"cards_obtained":["Shrug It Off"]}],"is_beta":false,"boss_relics":[{"not_picked":["Runic Dome","Calling Bell"],"picked":"Velvet Choker"},{"not_picked":["Tiny House","White Beast Statue"],"picked":"Sozu"}],"items_purged_floors":[10,36,41,53],"is_endless":false,"potions_floor_spawned":[1,5,8,12,18,21,29,31,42,44,48],"killed_by":"Shield and Spear","ascension_level":1}