{"gold_per_floor":[116,129,146,37,52,78,78,95,120,120,146,146,146,175,175,273,273,291,241,241,151,151,151,171,171,171,185,197,37,37,37,37,141,141,158,158,178,29,29,29,42,42],"floor_reached":42,"playtime":2959,"items_purged":["Strike_B","Normality"],"score":543,"play_id":"27a4abb8-3be8-48a5-9c24-700a6c7ec9dc","local_time":"20190809115620","is_ascension_mode":true,"campfire_choices":[{"data":"Dualcast","floor":7,"key":"SMITH"},{"floor":10,"key":"REST"},{"floor":13,"key":"REST"},{"data":"Skim","floor":15,"key":"SMITH"},{"floor":25,"key":"REST"},{"floor":30,"key":"REST"},{"data":"Glacier","floor":32,"key":"SMITH"},{"floor":40,"key":"REST"}],"neow_cost":"NONE","seed_source_timestamp":554214039388800,"circlet_count":0,"master_deck":["Defend_B","Zap+1","Dualcast+1","Conserve Battery+1","Sunder","Beam Cell+1","Gash","Skim+1","Creative AI","Coolheaded","Barrage","Leap+1","Leap","Redo+1","Conserve Battery","Defragment+1","Glacier+1","Cold Snap","Regret","Clumsy","Hologram","Compile Driver+1"],"relics":["Busted Crown","War Paint","Dream Catcher","Juzu Bracelet","Potion Belt","Empty Cage","Nilry\u0027s Codex","Pocketwatch","Calling Bell","Regal Pillow","Meat on the Bone","StoneCalendar"],"potions_floor_usage":[6,6,6,11,11,23,27,41],"damage_taken":[{"damage":1,"enemies":"Cultist","floor":1,"turns":4},{"damage":0,"enemies":"Jaw Worm","floor":2,"turns":3},{"damage":2,"enemies":"2 Louse","floor":3,"turns":2},{"damage":21,"enemies":"Exordium Thugs","floor":5,"turns":5},{"damage":17,"enemies":"Gremlin Nob","floor":6,"turns":4},{"damage":1,"enemies":"Looter","floor":8,"turns":2},{"damage":20,"enemies":"Lagavulin","floor":11,"turns":4},{"damage":2,"enemies":"Gremlin Nob","floor":14,"turns":3},{"damage":13,"enemies":"The Guardian","floor":16,"turns":9},{"damage":30,"enemies":"Chosen","floor":18,"turns":5},{"damage":2,"enemies":"Book of Stabbing","floor":23,"turns":5},{"damage":3,"enemies":"2 Thieves","floor":24,"turns":4},{"damage":18,"enemies":"Snake Plant","floor":27,"turns":7},{"damage":0,"enemies":"Centurion and Healer","floor":28,"turns":7},{"damage":8,"enemies":"Automaton","floor":33,"turns":15},{"damage":29,"enemies":"3 Shapes","floor":35,"turns":6},{"damage":4,"enemies":"Orb Walker","floor":37,"turns":3},{"damage":36,"enemies":"Jaw Worm Horde","floor":41,"turns":7},{"damage":42,"enemies":"4 Shapes","floor":42,"turns":3}],"seed_played":"-8683581654968055224","potions_obtained":[{"floor":1,"key":"Strength Potion"},{"floor":2,"key":"EntropicBrew"},{"floor":8,"key":"PowerPotion"},{"floor":18,"key":"SneckoOil"},{"floor":24,"key":"SkillPotion"},{"floor":35,"key":"LiquidBronze"},{"floor":37,"key":"Ancient Potion"}],"is_trial":false,"path_per_floor":["M","M","M","$","M","E","R","M","T","R","E","?","R","E","R","B",null,"M","?","?","?","?","E","M","R","T","M","M","$","R","?","R","B",null,"M","?","M","$","?","R","M","M"],"character_chosen":"DEFECT","items_purchased":["Sunder","Defragment","Glacier","Cold Snap","Dexterity Potion"],"campfire_rested":5,"item_purchase_floors":[4,29,29,29,38],"current_hp_per_floor":[74,74,72,72,51,34,34,33,33,55,35,35,57,55,55,42,67,37,37,37,37,21,19,16,38,38,20,20,20,42,42,42,34,65,48,48,44,44,44,75,39,0],"gold":42,"neow_bonus":"BOSS_RELIC","is_prod":false,"is_daily":false,"chose_seed":false,"campfire_upgraded":3,"win_rate":0,"timestamp":1565319380,"path_taken":["M","M","M","$","M","E","R","M","T","R","E","?","R","E","R","BOSS","M","?","?","?","?","E","M","R","T","M","M","$","R","?","R","BOSS","M","?","M","$","?","R","M","M"],"build_version":"2019-07-17","purchased_purges":2,"victory":false,"max_hp_per_floor":[75,75,75,75,75,75,75,75,75,75,75,75,75,75,75,75,75,75,75,75,75,75,75,75,75,75,75,75,75,75,75,75,75,75,75,75,75,75,75,75,75,75],"card_choices":[{"not_picked":["Lockon"],"picked":"SKIP","floor":1},{"not_picked":["Static Discharge"],"picked":"SKIP","floor":2},{"not_picked":[],"picked":"Conserve Battery","floor":3},{"not_picked":["Hologram"],"picked":"SKIP","floor":5},{"not_picked":["Storm"],"picked":"SKIP","floor":6},{"not_picked":["Stack"],"picked":"SKIP","floor":8},{"not_picked":[],"picked":"Beam Cell","floor":10},{"not_picked":[],"picked":"Gash","floor":11},{"not_picked":[],"picked":"Skim","floor":14},{"not_picked":[],"picked":"Creative AI","floor":16},{"not_picked":[],"picked":"Coolheaded","floor":18},{"not_picked":[],"picked":"Leap","floor":24},{"not_picked":[],"picked":"Redo+1","floor":25},{"not_picked":["Beam Cell"],"picked":"SKIP","floor":27},{"not_picked":[],"picked":"Conserve Battery","floor":28},{"not_picked":["Stack+1"],"picked":"SKIP","floor":35},{"not_picked":[],"picked":"Hologram","floor":37},{"not_picked":[],"picked":"Compile Driver+1","floor":41}],"player_experience":644641,"relics_obtained":[{"floor":6,"key":"War Paint"},{"floor":9,"key":"Dream Catcher"},{"floor":11,"key":"Juzu Bracelet"},{"floor":14,"key":"Potion Belt"},{"floor":22,"key":"Nilry\u0027s Codex"},{"floor":26,"key":"Pocketwatch"},{"floor":34,"key":"Regal Pillow"},{"floor":34,"key":"Meat on the Bone"},{"floor":34,"key":"StoneCalendar"}],"event_choices":[{"damage_healed":0,"gold_gain":0,"player_choice":"Grow","damage_taken":0,"max_hp_gain":0,"max_hp_loss":0,"event_name":"Living Wall","floor":12,"gold_loss":0,"cards_upgraded":["Beam Cell"]},{"damage_healed":0,"gold_gain":0,"player_choice":"Bet on Owner","damage_taken":0,"max_hp_gain":0,"max_hp_loss":0,"event_name":"The Joust","floor":19,"gold_loss":50},{"damage_healed":0,"gold_gain":0,"cards_transformed":["Strike_B","Defend_B"],"player_choice":"Became Test Subject","damage_taken":0,"max_hp_gain":0,"max_hp_loss":0,"event_name":"Drug Dealer","floor":20,"gold_loss":0,"cards_obtained":["Barrage","Leap"]},{"cards_removed":["Strike_B"],"damage_healed":0,"gold_gain":0,"player_choice":"Upgrade and Remove","damage_taken":0,"max_hp_gain":0,"max_hp_loss":0,"event_name":"Designer","floor":21,"gold_loss":90,"cards_upgraded":["Leap"]},{"damage_healed":0,"gold_gain":0,"player_choice":"Obtained Book","damage_taken":16,"max_hp_gain":0,"max_hp_loss":0,"event_name":"Cursed Tome","floor":22,"gold_loss":0},{"damage_healed":0,"gold_gain":0,"player_choice":"Forge","damage_taken":0,"max_hp_gain":0,"max_hp_loss":0,"event_name":"Accursed Blacksmith","floor":31,"gold_loss":0,"cards_upgraded":["Defragment"]},{"damage_healed":0,"gold_gain":0,"player_choice":"Ignored","damage_taken":0,"max_hp_gain":0,"max_hp_loss":0,"event_name":"Tomb of Lord Red Mask","floor":36,"gold_loss":0},{"cards_removed":["Defend_B"],"damage_healed":0,"gold_gain":0,"player_choice":"Removed Skill","damage_taken":0,"max_hp_gain":0,"max_hp_loss":0,"event_name":"Falling","floor":39,"gold_loss":0}],"is_beta":false,"boss_relics":[{"not_picked":["Eternal Feather","Ectoplasm"],"picked":"Empty Cage"},{"not_picked":["Velvet Choker","Lizard Tail"],"picked":"Calling Bell"}],"items_purged_floors":[4,38],"is_endless":false,"potions_floor_spawned":[1,2,8,18,24,35,37],"killed_by":"4 Shapes","ascension_level":5}