{"gold_per_floor":[117,137,137,11,161,188,202,202,251,263,263,263,22,34,34,113,113,90,103,18,18,28,28,28,28,51,51,51,61,74,91,91,169,169,185,204,184,201,226,226,226],"floor_reached":41,"playtime":2913,"items_purged":["Doubt"],"score":815,"play_id":"1840b2ed-3786-4259-915d-eba7090e5c2d","local_time":"20190823200455","is_ascension_mode":true,"campfire_choices":[{"data":"Fusion","floor":8,"key":"SMITH"},{"data":"Creative AI","floor":11,"key":"SMITH"},{"data":"Deep Breath","floor":15,"key":"SMITH"},{"data":"Dualcast","floor":23,"key":"SMITH"},{"data":"Fusion","floor":25,"key":"SMITH"},{"data":"Defragment","floor":27,"key":"SMITH"},{"data":"Hologram","floor":32,"key":"SMITH"},{"data":"Recycle","floor":40,"key":"SMITH"}],"neow_cost":"NONE","seed_source_timestamp":219430610329800,"circlet_count":0,"master_deck":["AscendersBane","Zap+1","Dualcast+1","Auto Shields+1","Rebound","Creative AI+1","Glacier","FTL","Self Repair","Fusion+1","Self Repair","Sunder","Deep Breath+1","Melter","Reboot","Scrape","Genetic Algorithm","All For One","Streamline","Defragment+1","Hologram+1","Reinforced Body","Conserve Battery+1","Fusion+1","Leap","Chaos","Steam","Recycle+1","Sunder+1"],"relics":["Cracked Core","NeowsBlessing","War Paint","Anchor","Bag of Preparation","Pandora\u0027s Box","DataDisk","Art of War","Coffee Dripper","Potion Belt"],"potions_floor_usage":[14,16,29,29,33,33,41],"damage_taken":[{"damage":0,"enemies":"2 Louse","floor":1,"turns":1},{"damage":0,"enemies":"Small Slimes","floor":2,"turns":1},{"damage":0,"enemies":"3 Sentries","floor":6,"turns":2},{"damage":0,"enemies":"Cultist","floor":7,"turns":4},{"damage":0,"enemies":"Blue Slaver","floor":10,"turns":3},{"damage":1,"enemies":"Exordium Thugs","floor":14,"turns":4},{"damage":31,"enemies":"The Guardian","floor":16,"turns":11},{"damage":19,"enemies":"2 Thieves","floor":18,"turns":4},{"damage":3,"enemies":"3 Byrds","floor":19,"turns":4},{"damage":4,"enemies":"Snake Plant","floor":22,"turns":6},{"damage":14,"enemies":"Cultist and Chosen","floor":29,"turns":7},{"damage":1,"enemies":"Centurion and Healer","floor":30,"turns":6},{"damage":7,"enemies":"Shelled Parasite and Fungi","floor":31,"turns":4},{"damage":10,"enemies":"Automaton","floor":33,"turns":8},{"damage":9,"enemies":"Orb Walker","floor":35,"turns":3},{"damage":20,"enemies":"3 Darklings","floor":36,"turns":9},{"damage":0,"enemies":"4 Shapes","floor":38,"turns":7},{"damage":87,"enemies":"Reptomancer","floor":41,"turns":5}],"seed_played":"-8050272136241034845","potions_obtained":[{"floor":2,"key":"Swift Potion"},{"floor":7,"key":"AttackPotion"},{"floor":14,"key":"FocusPotion"},{"floor":22,"key":"Block Potion"},{"floor":24,"key":"EntropicBrew"},{"floor":30,"key":"PowerPotion"},{"floor":33,"key":"FearPotion"},{"floor":35,"key":"FocusPotion"},{"floor":37,"key":"Ancient Potion"}],"is_trial":false,"path_per_floor":["M","M","?","$","?","E","M","R","T","M","R","?","$","M","R","B",null,"M","M","?","?","M","R","?","R","T","R","$","M","M","M","R","B",null,"M","M","?","M","T","R","E"],"character_chosen":"DEFECT","items_purchased":["Glacier","FTL","Sunder","Deep Breath"],"campfire_rested":0,"item_purchase_floors":[4,4,13,13],"current_hp_per_floor":[64,64,64,64,64,64,71,71,71,71,71,71,71,71,71,54,67,55,59,59,59,62,62,62,62,62,62,62,48,61,61,61,58,68,59,53,53,67,67,67,0],"gold":226,"neow_bonus":"THREE_ENEMY_KILL","is_prod":false,"is_daily":false,"chose_seed":false,"campfire_upgraded":8,"win_rate":0,"timestamp":1566558295,"path_taken":["M","M","?","$","?","E","M","R","T","M","R","?","$","M","R","BOSS","M","M","?","?","?","R","?","R","T","R","?","M","M","M","R","BOSS","M","?","?","?","?","R","E"],"build_version":"2019-07-17","purchased_purges":1,"victory":false,"max_hp_per_floor":[71,71,71,71,71,71,71,71,71,71,71,71,71,71,71,71,71,71,71,71,71,71,71,71,71,71,71,71,71,71,71,71,71,71,71,71,71,71,71,71,71],"card_choices":[{"not_picked":["Rebound","Go for the Eyes"],"picked":"Auto Shields","floor":1},{"not_picked":["Capacitor","Beam Cell"],"picked":"Rebound","floor":2},{"not_picked":["Stack","Lockon"],"picked":"Self Repair","floor":6},{"not_picked":["Ball Lightning","Conserve Battery"],"picked":"Fusion","floor":7},{"not_picked":["Doom and Gloom","Skim"],"picked":"Self Repair","floor":10},{"not_picked":["Rebound","Turbo"],"picked":"Melter","floor":14},{"not_picked":["Multi-Cast","Rainbow"],"picked":"Reboot","floor":16},{"not_picked":["Stack","Gash"],"picked":"Reinforced Body","floor":18},{"not_picked":["FTL","Aggregate"],"picked":"Conserve Battery+1","floor":19},{"not_picked":["Compile Driver","Force Field"],"picked":"Leap","floor":22},{"not_picked":["Consume","Lockon","Stack+1"],"picked":"SKIP","floor":29},{"not_picked":["Barrage","Genetic Algorithm"],"picked":"Chaos","floor":30},{"not_picked":["Amplify","Sweeping Beam"],"picked":"Steam","floor":31},{"not_picked":["Melter","Cold Snap"],"picked":"Recycle","floor":35},{"not_picked":["Consume","Cold Snap","Barrage"],"picked":"SKIP","floor":36},{"not_picked":["Ball Lightning","Loop"],"picked":"Sunder+1","floor":38}],"player_experience":773238,"relics_obtained":[{"floor":6,"key":"War Paint"},{"floor":9,"key":"Anchor"},{"floor":26,"key":"Art of War"},{"floor":39,"key":"Potion Belt"}],"event_choices":[{"damage_healed":0,"gold_gain":0,"cards_transformed":["Strike_B"],"player_choice":"Change","damage_taken":0,"max_hp_gain":0,"max_hp_loss":0,"event_name":"Living Wall","floor":3,"gold_loss":0,"cards_obtained":["Creative AI"]},{"damage_healed":0,"gold_gain":150,"player_choice":"AGREE","damage_taken":0,"max_hp_gain":0,"max_hp_loss":0,"event_name":"Liars Game","floor":5,"gold_loss":0,"cards_obtained":["Doubt"]},{"damage_healed":0,"gold_gain":0,"player_choice":"Searched \u00271\u0027 times","damage_taken":0,"relics_obtained":["Bag of Preparation"],"max_hp_gain":0,"max_hp_loss":0,"event_name":"Dead Adventurer","floor":12,"gold_loss":0},{"damage_healed":0,"gold_gain":0,"player_choice":"Obtained Relic","damage_taken":0,"relics_obtained":["DataDisk"],"max_hp_gain":0,"max_hp_loss":0,"event_name":"Addict","floor":20,"gold_loss":85},{"damage_healed":0,"gold_gain":0,"cards_transformed":["Barrage"],"player_choice":"Transformed","damage_taken":0,"max_hp_gain":0,"max_hp_loss":0,"event_name":"Transmorgrifier","floor":21,"gold_loss":0,"cards_obtained":["Fusion"]},{"damage_healed":0,"gold_gain":0,"player_choice":"Got Potions","damage_taken":0,"max_hp_gain":0,"max_hp_loss":0,"event_name":"Lab","floor":24,"gold_loss":0},{"damage_healed":0,"gold_gain":0,"player_choice":"Bought 1 Potion","damage_taken":0,"max_hp_gain":0,"max_hp_loss":0,"event_name":"The Woman in Blue","floor":37,"gold_loss":0}],"is_beta":false,"boss_relics":[{"not_picked":["White Beast Statue","Empty Cage"],"picked":"Pandora\u0027s Box"},{"not_picked":["FrozenCore","Runic Dome"],"picked":"Coffee Dripper"}],"items_purged_floors":[13],"is_endless":false,"potions_floor_spawned":[2,7,14,22,30,33,35,38],"killed_by":"Reptomancer","ascension_level":19}