{"gold_per_floor":[109,125,200,200,212,239,239,30,30,49,67,67,84,84,84,84],"floor_reached":16,"playtime":2582,"items_purged":[],"score":102,"play_id":"6d1642de-93de-4801-b2d5-ddf6510b2d49","local_time":"20190629065444","is_ascension_mode":false,"campfire_choices":[{"data":"Pommel Strike","floor":7,"key":"SMITH"},{"data":"Seeing Red","floor":12,"key":"SMITH"},{"floor":15,"key":"REST"}],"neow_cost":"","seed_source_timestamp":0,"circlet_count":0,"master_deck":["Strike_R","Strike_R","Strike_R","Strike_R","Defend_R","Defend_R","Defend_R","Defend_R","Bash","Bloodletting","Warcry","Iron Wave","Pommel Strike+1","Intimidate","Flex","Flex","Seeing Red+1","Sword Boomerang"],"special_seed":0,"relics":["Burning Blood","Dodecahedron","Orichalcum","Bronze Scales","Golden Idol"],"potions_floor_usage":[16],"damage_taken":[{"damage":7.0,"enemies":"Cultist","floor":1.0,"turns":5.0},{"damage":7,"enemies":"Small Slimes","floor":2,"turns":4},{"damage":2,"enemies":"2 Louse","floor":5,"turns":4},{"damage":44,"enemies":"Lagavulin","floor":6,"turns":6},{"damage":4,"enemies":"Looter","floor":10,"turns":3},{"damage":4,"enemies":"3 Louse","floor":11,"turns":3},{"damage":0,"enemies":"Exordium Wildlife","floor":13,"turns":2},{"damage":55,"enemies":"The Guardian","floor":16,"turns":8}],"seed_played":"-6374621288996755168","potions_obtained":[{"floor":5,"key":"BloodPotion"},{"floor":10,"key":"Explosive Potion"}],"is_trial":false,"path_per_floor":["M","M","?","?","M","E","R","$","T","M","M","R","M","?","R","B"],"character_chosen":"IRONCLAD","items_purchased":["Orichalcum","Flex"],"campfire_rested":1,"item_purchase_floors":[8,8],"current_hp_per_floor":[79,78,67,67,71,33,33,33,33,35,37,37,43,23,47,0],"gold":84,"neow_bonus":"","is_prod":false,"is_daily":false,"chose_seed":false,"campfire_upgraded":2,"win_rate":0.0,"timestamp":1561758884,"path_taken":["M","?","?","?","?","E","R","$","T","M","M","R","M","?","R","BOSS"],"build_version":"2019-01-23","purchased_purges":0,"victory":false,"max_hp_per_floor":[80,80,80,80,80,80,80,80,80,80,80,80,80,80,80,80],"card_choices":[{"not_picked":["Iron Wave","Rampage"],"picked":"Bloodletting","floor":1},{"not_picked":["Burning Pact","Flex"],"picked":"Warcry","floor":2},{"not_picked":["Body Slam","Iron Wave"],"picked":"Pommel Strike","floor":5},{"not_picked":["Brutality","Clash"],"picked":"Intimidate","floor":6},{"not_picked":["Headbutt","Perfected Strike"],"picked":"Flex","floor":10},{"not_picked":["Entrench","Blood for Blood"],"picked":"Seeing Red","floor":11},{"not_picked":["Anger","Cleave"],"picked":"Sword Boomerang","floor":13}],"player_experience":0,"relics_obtained":[{"floor":6,"key":"Dodecahedron"},{"floor":9,"key":"Bronze Scales"}],"event_choices":[{"damage_healed":0,"gold_gain":75,"player_choice":"Gather Gold","damage_taken":11,"max_hp_gain":0,"max_hp_loss":0,"event_name":"World of Goop","floor":3,"gold_loss":0},{"cards_removed":["Strike_R"],"damage_healed":0,"gold_gain":0,"player_choice":"Took Card","damage_taken":0,"max_hp_gain":0,"max_hp_loss":0,"event_name":"NoteForYourself","floor":4,"gold_loss":0,"cards_obtained":["Iron Wave"]},{"damage_healed":0,"gold_gain":0,"player_choice":"Take Damage","damage_taken":20,"relics_obtained":["Golden Idol"],"max_hp_gain":0,"max_hp_loss":0,"event_name":"Golden Idol","floor":14,"gold_loss":0}],"is_beta":false,"boss_relics":[],"items_purged_floors":[],"is_endless":false,"potions_floor_spawned":[5,10],"killed_by":"The Guardian","ascension_level":0}