{"gold_per_floor":[112,39,53,67,15,15,28,28,28,51,51,1,1,23,23,23],"floor_reached":16,"playtime":645,"items_purged":[],"score":120,"play_id":"8386c3a6-d58b-4f2b-ad06-8f5be8d3defe","local_time":"20190104133119","is_ascension_mode":true,"campfire_choices":[{"data":"Body Slam","floor":6,"key":"SMITH"},{"data":"True Grit","floor":11,"key":"SMITH"},{"floor":15,"key":"REST"}],"neow_cost":"NONE","seed_source_timestamp":447010017855466,"circlet_count":0,"master_deck":["Strike_R","Strike_R","Strike_R","Strike_R","Strike_R","Defend_R","Defend_R","Defend_R","Defend_R","Bash","Body Slam+1","Power Through","Entrench","Dual Wield","True Grit+1","Clothesline","Cleave"],"relics":["Burning Blood","Blood Vial","Golden Idol","Darkstone Periapt"],"potions_floor_usage":[16],"damage_taken":[{"damage":6,"enemies":"Cultist","floor":1,"turns":3},{"damage":13,"enemies":"Jaw Worm","floor":3,"turns":6},{"damage":1,"enemies":"2 Louse","floor":4,"turns":4},{"damage":26,"enemies":"Large Slime","floor":7,"turns":6},{"damage":14,"enemies":"3 Louse","floor":10,"turns":4},{"damage":12,"enemies":"Exordium Thugs","floor":14,"turns":4},{"damage":84,"enemies":"Slime Boss","floor":16,"turns":11}],"seed_played":"1226156609838919350","potions_obtained":[{"floor":3,"key":"SpeedPotion"},{"floor":14,"key":"SteroidPotion"}],"is_trial":false,"path_per_floor":["M","$","M","M","$","R","M","?","T","M","R","?","?","M","R","B"],"character_chosen":"IRONCLAD","items_purchased":["Power Through","True Grit"],"campfire_rested":1,"item_purchase_floors":[2,5],"current_hp_per_floor":[74,74,69,76,76,76,58,58,58,52,52,52,52,48,72,0],"gold":23,"neow_bonus":"RANDOM_COMMON_RELIC","is_prod":false,"is_daily":false,"chose_seed":false,"campfire_upgraded":2,"win_rate":0,"timestamp":1546576279,"path_taken":["M","$","?","M","$","R","M","?","T","M","R","?","?","M","R","BOSS"],"build_version":"2019-01-03v2","purchased_purges":0,"victory":false,"max_hp_per_floor":[80,80,80,80,80,80,80,80,80,80,80,80,80,80,80,80],"card_choices":[{"not_picked":["Wild Strike","Pummel"],"picked":"Body Slam","floor":1},{"not_picked":["Intimidate","Flex"],"picked":"Entrench","floor":3},{"not_picked":["Flex","Wild Strike"],"picked":"Dual Wield","floor":4},{"not_picked":["Feel No Pain","Double Tap"],"picked":"Clothesline","floor":7},{"not_picked":["Thunderclap","Iron Wave","Uppercut"],"picked":"SKIP","floor":10},{"not_picked":["Hemokinesis","Searing Blow"],"picked":"Cleave","floor":14}],"player_experience":143790,"relics_obtained":[{"floor":9,"key":"Darkstone Periapt"}],"event_choices":[{"damage_healed":0,"gold_gain":0,"player_choice":"Take Wound","damage_taken":0,"relics_obtained":["Golden Idol"],"max_hp_gain":0,"max_hp_loss":0,"event_name":"Golden Idol","floor":8,"gold_loss":0,"cards_obtained":["Injury"]},{"cards_removed":["Injury"],"damage_healed":0,"gold_gain":0,"player_choice":"Card Removal","damage_taken":0,"max_hp_gain":0,"max_hp_loss":0,"event_name":"The Cleric","floor":12,"gold_loss":50},{"damage_healed":0,"gold_gain":0,"player_choice":"Searched \u00270\u0027 times","damage_taken":0,"max_hp_gain":0,"max_hp_loss":0,"event_name":"Dead Adventurer","floor":13,"gold_loss":0}],"is_beta":false,"boss_relics":[],"items_purged_floors":[],"is_endless":false,"potions_floor_spawned":[3,14],"killed_by":"Slime Boss","ascension_level":6}