{"gold_per_floor":[118,134,147,72,72,115,115,133,133,158,199,199,218,236,236,236],"floor_reached":16,"playtime":728,"items_purged":["Strike_B"],"score":154,"play_id":"dd1baa1a-f327-4b37-9af4-9af3b4f9594d","local_time":"20190819225445","is_ascension_mode":true,"campfire_choices":[{"floor":7,"key":"REST"},{"floor":12,"key":"REST"},{"floor":15,"key":"REST"}],"neow_cost":"NONE","seed_source_timestamp":392320675719500,"circlet_count":0,"master_deck":["Strike_B","Strike_B","Defend_B","Defend_B","Defend_B","Defend_B","Zap","Dualcast","Streamline","Coolheaded","Defragment","Steam Power","BootSequence","Self Repair","Conserve Battery"],"relics":["Cracked Core","Golden Idol","Sundial","Du-Vu Doll","WingedGreaves"],"potions_floor_usage":[6,13,16,16],"damage_taken":[{"damage":1,"enemies":"Cultist","floor":1,"turns":4},{"damage":1,"enemies":"2 Louse","floor":2,"turns":3},{"damage":0,"enemies":"Small Slimes","floor":3,"turns":3},{"damage":29,"enemies":"3 Sentries","floor":6,"turns":8},{"damage":7,"enemies":"Blue Slaver","floor":8,"turns":4},{"damage":0,"enemies":"Large Slime","floor":10,"turns":5},{"damage":34,"enemies":"Gremlin Nob","floor":11,"turns":5},{"damage":15,"enemies":"Gremlin Gang","floor":13,"turns":2},{"damage":6,"enemies":"2 Fungi Beasts","floor":14,"turns":4},{"damage":78,"enemies":"The Guardian","floor":16,"turns":12}],"seed_played":"8083261507955448063","potions_obtained":[{"floor":2,"key":"Swift Potion"},{"floor":6,"key":"Dexterity Potion"},{"floor":8,"key":"LiquidBronze"},{"floor":10,"key":"Explosive Potion"},{"floor":13,"key":"SpeedPotion"}],"is_trial":false,"path_per_floor":["M","M","M","$","?","E","R","M","T","M","E","R","M","M","R","B"],"character_chosen":"DEFECT","items_purchased":[],"campfire_rested":3,"item_purchase_floors":[],"current_hp_per_floor":[67,66,66,66,66,37,57,50,50,50,16,36,28,29,49,0],"gold":236,"neow_bonus":"TRANSFORM_CARD","is_prod":false,"is_daily":false,"chose_seed":false,"campfire_upgraded":0,"win_rate":0,"timestamp":1566222885,"path_taken":["M","M","M","$","?","E","R","M","T","M","E","R","M","M","R","BOSS"],"build_version":"2019-07-17","purchased_purges":1,"victory":false,"max_hp_per_floor":[75,75,75,75,69,69,69,69,69,69,69,69,69,69,69,69],"card_choices":[{"not_picked":["Streamline","Hologram"],"picked":"Coolheaded","floor":1},{"not_picked":["Turbo","Double Energy","Coolheaded"],"picked":"SKIP","floor":2},{"not_picked":["Coolheaded","Storm"],"picked":"Defragment","floor":3},{"not_picked":["Meteor Strike","Recycle"],"picked":"Steam Power","floor":6},{"not_picked":["Sweeping Beam","Static Discharge"],"picked":"BootSequence","floor":8},{"not_picked":["Double Energy","Recycle","Aggregate"],"picked":"SKIP","floor":10},{"not_picked":["Skim","Hologram"],"picked":"Self Repair","floor":11},{"not_picked":["Redo","Barrage"],"picked":"Conserve Battery","floor":13},{"not_picked":["Sweeping Beam","Steam Power","Hello World"],"picked":"SKIP","floor":14}],"player_experience":175659,"relics_obtained":[{"floor":6,"key":"Sundial"},{"floor":9,"key":"Du-Vu Doll"},{"floor":11,"key":"WingedGreaves"}],"event_choices":[{"damage_healed":0,"gold_gain":0,"player_choice":"Lose Max HP","damage_taken":0,"relics_obtained":["Golden Idol"],"max_hp_gain":0,"max_hp_loss":6,"event_name":"Golden Idol","floor":5,"gold_loss":0}],"is_beta":false,"boss_relics":[],"items_purged_floors":[4],"is_endless":false,"potions_floor_spawned":[2,6,8,10,13],"killed_by":"The Guardian","ascension_level":7}