{"gold_per_floor":[109,128,147,164,164,189,189,220,275,302,315,315,55,70,70,165,165,176,176,193,118,118,149,149,182,182,182,196,228,241,241,241,340,340,352,371,471,487,505,505,533,547,594,594,609,50,50,67,67,67],"floor_reached":50,"playtime":3703,"items_purged":["Pain","Strike_R+1"],"score":803,"play_id":"a4691576-1e87-4655-87e0-8cab526f46bb","local_time":"20190808015017","is_ascension_mode":true,"campfire_choices":[{"data":"Armaments","floor":7,"key":"SMITH"},{"floor":12,"key":"REST"},{"data":"Flex","floor":15,"key":"SMITH"},{"data":"Infernal Blade","floor":24,"key":"SMITH"},{"data":"Bloodletting","floor":32,"key":"SMITH"},{"floor":40,"key":"REST"},{"floor":47,"key":"REST"},{"data":"Barricade","floor":49,"key":"SMITH"}],"neow_cost":"PERCENT_DAMAGE","seed_source_timestamp":430705534433100,"circlet_count":0,"master_deck":["Defend_R","Defend_R","Defend_R","Defend_R","Bash+1","Sword Boomerang","Armaments+1","Flex","Pummel","Evolve","Reaper","Battle Trance","Flex+1","Flex","Shrug It Off","Shockwave","Offering","Infernal Blade+1","Feel No Pain+1","Impervious","Spot Weakness+1","Bloodletting+1","Metallicize","Clothesline+1","Barricade+1","Perfected Strike+1","Pummel+1","Rampage+1","Heavy Blade","Shrug It Off+1","Sword Boomerang+1","Inflame","Second Wind+1","Flex","Madness","Madness","Body Slam+1","Spot Weakness","Dropkick","Headbutt+1"],"relics":["Burning Blood","Nunchaku","Oddly Smooth Stone","PreservedInsect","Tiny Chest","Whetstone","HandDrill","Philosopher\u0027s Stone","WarpedTongs","Sundial","Blue Candle","Letter Opener","Ice Cream","Mummified Hand","Astrolabe","Shovel","StoneCalendar","Juzu Bracelet","Pen Nib"],"potions_floor_usage":[8,8,16,18,25,27,29,33,33,33,39,42,48,50,50,50],"damage_taken":[{"damage":0,"enemies":"Small Slimes","floor":1,"turns":3},{"damage":0,"enemies":"2 Louse","floor":2,"turns":3},{"damage":6,"enemies":"Cultist","floor":3,"turns":3},{"damage":6,"enemies":"Blue Slaver","floor":4,"turns":3},{"damage":35,"enemies":"3 Sentries","floor":6,"turns":10},{"damage":13,"enemies":"Lagavulin","floor":8,"turns":5},{"damage":34,"enemies":"Gremlin Nob","floor":10,"turns":4},{"damage":5,"enemies":"Looter","floor":11,"turns":2},{"damage":17,"enemies":"Large Slime","floor":14,"turns":5},{"damage":31,"enemies":"The Guardian","floor":16,"turns":9},{"damage":20,"enemies":"2 Thieves","floor":18,"turns":5},{"damage":16,"enemies":"3 Byrds","floor":20,"turns":2},{"damage":21,"enemies":"Gremlin Leader","floor":23,"turns":4},{"damage":11,"enemies":"Book of Stabbing","floor":25,"turns":4},{"damage":0,"enemies":"Colosseum Slavers","floor":27,"turns":2},{"damage":0,"enemies":"Centurion and Healer","floor":28,"turns":4},{"damage":5,"enemies":"Slavers","floor":29,"turns":2},{"damage":6,"enemies":"Chosen and Byrds","floor":30,"turns":6},{"damage":24,"enemies":"Champ","floor":33,"turns":8},{"damage":18,"enemies":"Orb Walker","floor":35,"turns":2},{"damage":11,"enemies":"3 Shapes","floor":36,"turns":5},{"damage":35,"enemies":"Mind Bloom Boss Battle","floor":37,"turns":6},{"damage":21,"enemies":"Maw","floor":38,"turns":8},{"damage":77,"enemies":"4 Shapes","floor":39,"turns":7},{"damage":6,"enemies":"Giant Head","floor":41,"turns":5},{"damage":6,"enemies":"Sphere and 2 Shapes","floor":42,"turns":3},{"damage":66,"enemies":"Spire Growth","floor":45,"turns":4},{"damage":29,"enemies":"3 Darklings","floor":48,"turns":5},{"damage":69,"enemies":"Time Eater","floor":50,"turns":5}],"seed_played":"-2021932329357325340","potions_obtained":[{"floor":3,"key":"Poison Potion"},{"floor":6,"key":"Regen Potion"},{"floor":8,"key":"GamblersBrew"},{"floor":10,"key":"LiquidBronze"},{"floor":11,"key":"SpeedPotion"},{"floor":18,"key":"Dexterity Potion"},{"floor":20,"key":"EssenceOfSteel"},{"floor":25,"key":"SkillPotion"},{"floor":28,"key":"SteroidPotion"},{"floor":30,"key":"LiquidBronze"},{"floor":36,"key":"BloodPotion"},{"floor":39,"key":"Explosive Potion"},{"floor":45,"key":"Energy Potion"},{"floor":48,"key":"PowerPotion"}],"is_trial":false,"path_per_floor":["M","M","M","M","?","E","R","E","T","E","M","R","$","M","R","B",null,"M","?","M","$","?","E","R","E","T","?","M","E","M","T","R","B",null,"M","M","?","M","M","R","E","M","T","?","M","$","R","M","R","B"],"character_chosen":"IRONCLAD","items_purchased":["Flex","HandDrill","Shrug It Off","BloodPotion","Pen Nib","Spot Weakness","Dropkick","Ancient Potion"],"campfire_rested":3,"item_purchase_floors":[13,13,13,46,46,46,46,46],"current_hp_per_floor":[57,63,63,63,56,27,27,35,35,11,12,36,36,41,41,25,66,58,58,73,73,73,58,58,63,63,69,75,80,80,80,80,74,79,67,74,51,48,21,45,63,79,79,69,16,16,40,62,62,0],"gold":67,"neow_bonus":"ONE_RARE_RELIC","is_prod":false,"is_daily":false,"chose_seed":false,"campfire_upgraded":5,"win_rate":0,"timestamp":1565196617,"path_taken":["M","M","M","M","?","E","R","E","T","E","M","R","$","M","R","BOSS","M","?","?","$","?","E","R","E","T","?","M","E","M","?","R","BOSS","M","M","?","M","M","R","E","M","T","?","M","$","R","M","R","BOSS"],"build_version":"2019-07-17","purchased_purges":2,"victory":false,"max_hp_per_floor":[80,80,80,80,80,80,80,80,80,80,80,80,80,80,80,80,80,80,80,80,80,80,80,80,80,80,80,80,80,80,80,80,80,80,80,80,80,80,80,80,80,80,80,80,80,80,80,80,80,80],"card_choices":[{"not_picked":["Perfected Strike","Clash"],"picked":"Sword Boomerang","floor":1},{"not_picked":["True Grit","Headbutt"],"picked":"Armaments","floor":2},{"not_picked":["Iron Wave","Havoc"],"picked":"Flex","floor":3},{"not_picked":["Cleave","Heavy Blade"],"picked":"Pummel","floor":4},{"not_picked":["Searing Blow","Bloodletting"],"picked":"Evolve","floor":6},{"not_picked":["Dropkick","True Grit"],"picked":"Reaper","floor":8},{"not_picked":["Thunderclap","Feel No Pain"],"picked":"Battle Trance","floor":10},{"not_picked":["Thunderclap","Wild Strike"],"picked":"Flex","floor":11},{"not_picked":["Bloodletting","Pommel Strike"],"picked":"Shockwave","floor":14},{"not_picked":["Barricade","Juggernaut"],"picked":"Offering","floor":16},{"not_picked":["Headbutt","Rupture+1"],"picked":"Infernal Blade","floor":18},{"not_picked":["Warcry","Flex"],"picked":"Feel No Pain+1","floor":20},{"not_picked":["Anger","Bloodletting"],"picked":"Impervious","floor":23},{"not_picked":["Searing Blow","Clothesline"],"picked":"Spot Weakness+1","floor":25},{"not_picked":["Twin Strike","Dual Wield"],"picked":"Bloodletting","floor":28},{"not_picked":["Iron Wave","Hemokinesis"],"picked":"Metallicize","floor":29},{"not_picked":["Perfected Strike+1","Body Slam"],"picked":"Clothesline+1","floor":30},{"not_picked":["Reaper","Fiend Fire"],"picked":"Barricade","floor":33},{"not_picked":["Flame Barrier","Twin Strike+1"],"picked":"Heavy Blade","floor":35},{"not_picked":["Headbutt+1","Flex"],"picked":"Shrug It Off+1","floor":36},{"not_picked":["Clothesline","Havoc+1"],"picked":"Sword Boomerang+1","floor":38},{"not_picked":["Pummel+1","Clash"],"picked":"Inflame","floor":39},{"not_picked":["Feed","Juggernaut"],"picked":"Second Wind+1","floor":41},{"not_picked":["Pommel Strike","Infernal Blade+1"],"picked":"Flex","floor":42},{"not_picked":["Shockwave+1","Twin Strike+1"],"picked":"Body Slam+1","floor":45},{"not_picked":["Carnage+1","Clash+1"],"picked":"Headbutt+1","floor":48}],"player_experience":624616,"relics_obtained":[{"floor":6,"key":"Oddly Smooth Stone"},{"floor":8,"key":"PreservedInsect"},{"floor":9,"key":"Tiny Chest"},{"floor":10,"key":"Whetstone"},{"floor":23,"key":"Sundial"},{"floor":25,"key":"Blue Candle"},{"floor":26,"key":"Letter Opener"},{"floor":29,"key":"Ice Cream"},{"floor":31,"key":"Mummified Hand"},{"floor":37,"key":"Shovel"},{"floor":41,"key":"StoneCalendar"},{"floor":43,"key":"Juzu Bracelet"}],"event_choices":[{"cards_removed":["Strike_R"],"damage_healed":0,"gold_gain":0,"player_choice":"Card Removal","damage_taken":7,"max_hp_gain":0,"max_hp_loss":0,"event_name":"Golden Wing","floor":5,"gold_loss":0},{"damage_healed":0,"gold_gain":0,"player_choice":"Rummage","damage_taken":0,"relics_obtained":["WarpedTongs"],"max_hp_gain":0,"max_hp_loss":0,"event_name":"Accursed Blacksmith","floor":19,"gold_loss":0,"cards_obtained":["Pain"]},{"damage_healed":0,"gold_gain":0,"player_choice":"Ignored","damage_taken":0,"max_hp_gain":0,"max_hp_loss":0,"event_name":"Ghosts","floor":22,"gold_loss":0},{"damage_healed":0,"gold_gain":0,"player_choice":"Fight","damage_taken":0,"max_hp_gain":0,"max_hp_loss":0,"event_name":"Colosseum","floor":27,"gold_loss":0},{"damage_healed":0,"gold_gain":0,"player_choice":"Fled From Nobs","damage_taken":0,"max_hp_gain":0,"max_hp_loss":0,"event_name":"Colosseum","floor":27,"gold_loss":0},{"damage_healed":0,"gold_gain":0,"player_choice":"Fight","damage_taken":0,"max_hp_gain":0,"max_hp_loss":0,"event_name":"MindBloom","floor":37,"gold_loss":0},{"damage_healed":0,"gold_gain":0,"player_choice":"Embrace Madness","damage_taken":10,"max_hp_gain":0,"max_hp_loss":0,"event_name":"Winding Halls","floor":44,"gold_loss":0,"cards_obtained":["Madness","Madness"]}],"is_beta":false,"boss_relics":[{"not_picked":["White Beast Statue","Coffee Dripper"],"picked":"Philosopher\u0027s Stone"},{"not_picked":["Fusion Hammer","Eternal Feather"],"picked":"Astrolabe"}],"items_purged_floors":[21,46],"is_endless":false,"potions_floor_spawned":[3,6,8,10,11,14,18,20,25,28,30,36,39,45,48],"killed_by":"Time Eater","ascension_level":6}