{"gold_per_floor":[218,238,32,49,66,66,66,99,123,123,135,135,168,179,179,257,257,274,286,12,24,99,99,110,110,110,122,140,154,154,182,182,182],"floor_reached":33,"playtime":2103,"items_purged":["Strike_G"],"score":478,"play_id":"d1547242-8e38-49c2-baad-71eed21bc015","local_time":"20190803081141","is_ascension_mode":true,"campfire_choices":[{"floor":6,"key":"REST"},{"floor":10,"key":"REST"},{"floor":15,"key":"REST"},{"floor":23,"key":"REST"},{"floor":25,"key":"REST"},{"floor":30,"key":"REST"},{"data":"Neutralize","floor":32,"key":"SMITH"}],"neow_cost":"NONE","seed_source_timestamp":23184499292900,"circlet_count":0,"master_deck":["AscendersBane","Strike_G","Strike_G","Strike_G","Strike_G","Defend_G","Defend_G","Defend_G","Defend_G","Defend_G","Survivor","Neutralize+1","PiercingWail","Sucker Punch+1","Deadly Poison","Calculated Gamble","Deadly Poison","Backflip","Tools of the Trade","All Out Attack","Masterful Stab","Well Laid Plans","Corpse Explosion","Predator","Footwork","Distraction","Die Die Die","Predator","Footwork"],"relics":["Ring of the Snake","Regal Pillow","Bronze Scales","Centennial Puzzle","Philosopher\u0027s Stone","TwistedFunnel","Potion Belt","Pen Nib"],"potions_floor_usage":[13,16,18,18,24,33,33,33],"damage_taken":[{"damage":0,"enemies":"2 Louse","floor":1,"turns":3},{"damage":8,"enemies":"Jaw Worm","floor":2,"turns":6},{"damage":0,"enemies":"Cultist","floor":4,"turns":3},{"damage":4,"enemies":"Blue Slaver","floor":5,"turns":3},{"damage":37,"enemies":"3 Sentries","floor":8,"turns":8},{"damage":16,"enemies":"Lots of Slimes","floor":11,"turns":4},{"damage":17,"enemies":"Gremlin Nob","floor":13,"turns":5},{"damage":5,"enemies":"Large Slime","floor":14,"turns":6},{"damage":10,"enemies":"Hexaghost","floor":16,"turns":8},{"damage":10,"enemies":"2 Thieves","floor":18,"turns":4},{"damage":8,"enemies":"Shell Parasite","floor":19,"turns":5},{"damage":28,"enemies":"Sentry and Sphere","floor":21,"turns":6},{"damage":9,"enemies":"Snake Plant","floor":24,"turns":3},{"damage":19,"enemies":"Snecko","floor":27,"turns":4},{"damage":10,"enemies":"3 Cultists","floor":28,"turns":4},{"damage":13,"enemies":"Snake Plant","floor":29,"turns":3},{"damage":14,"enemies":"Gremlin Leader","floor":31,"turns":5},{"damage":44,"enemies":"Champ","floor":33,"turns":12}],"seed_played":"-3014157321863036850","potions_obtained":[{"floor":4,"key":"GhostInAJar"},{"floor":11,"key":"Block Potion"},{"floor":13,"key":"Strength Potion"},{"floor":16,"key":"LiquidBronze"},{"floor":19,"key":"SpeedPotion"},{"floor":21,"key":"Dexterity Potion"},{"floor":24,"key":"Swift Potion"},{"floor":28,"key":"Poison Potion"}],"is_trial":false,"path_per_floor":["M","M","$","M","M","R","?","E","T","R","M","?","E","M","R","B",null,"M","M","$","M","?","R","M","R","T","M","M","M","R","E","R","B"],"character_chosen":"THE_SILENT","items_purchased":["Sucker Punch","Deadly Poison","Calculated Gamble","TwistedFunnel","Footwork"],"campfire_rested":6,"item_purchase_floors":[3,3,3,20,20],"current_hp_per_floor":[59,51,51,51,47,66,66,29,29,63,47,47,30,25,59,49,62,52,44,44,16,10,44,35,66,66,47,37,24,58,44,44,0],"gold":182,"neow_bonus":"HUNDRED_GOLD","is_prod":false,"is_daily":false,"chose_seed":false,"campfire_upgraded":1,"win_rate":0,"timestamp":1564787501,"path_taken":["M","M","$","M","M","R","?","E","T","R","M","?","E","M","R","BOSS","M","?","$","M","?","R","M","R","T","?","M","M","R","E","R","BOSS"],"build_version":"2019-07-17","purchased_purges":1,"victory":false,"max_hp_per_floor":[66,66,66,66,66,66,66,66,66,66,66,66,66,66,66,66,66,66,66,66,66,66,66,66,66,66,66,66,66,66,66,66,66],"card_choices":[{"not_picked":["Blade Dance","Tactician"],"picked":"PiercingWail","floor":1},{"not_picked":["Poisoned Stab","PiercingWail","Dodge and Roll"],"picked":"SKIP","floor":2},{"not_picked":["PiercingWail","Endless Agony"],"picked":"Deadly Poison","floor":4},{"not_picked":["Tactician","Poisoned Stab"],"picked":"Backflip","floor":5},{"not_picked":["Eviscerate","Deadly Poison"],"picked":"Tools of the Trade","floor":8},{"not_picked":["Cloak And Dagger","Blade Dance"],"picked":"All Out Attack","floor":11},{"not_picked":["Choke","Outmaneuver"],"picked":"Masterful Stab","floor":13},{"not_picked":["Setup","Bouncing Flask"],"picked":"Well Laid Plans","floor":14},{"not_picked":["Doppelganger","Burst"],"picked":"Corpse Explosion","floor":16},{"not_picked":["Noxious Fumes","Blade Dance"],"picked":"Predator","floor":18},{"not_picked":["Underhanded Strike","Endless Agony","Cloak And Dagger"],"picked":"SKIP","floor":19},{"not_picked":["PiercingWail","Skewer","Underhanded Strike+1"],"picked":"SKIP","floor":21},{"not_picked":["Acrobatics","Deadly Poison"],"picked":"Distraction","floor":24},{"not_picked":["Dodge and Roll","Bane+1"],"picked":"Die Die Die","floor":27},{"not_picked":["Flying Knee","Reflex"],"picked":"Predator","floor":28},{"not_picked":["Sucker Punch","Poisoned Stab","Deadly Poison"],"picked":"SKIP","floor":29},{"not_picked":["Unload","Underhanded Strike"],"picked":"Footwork","floor":31}],"player_experience":536964,"relics_obtained":[{"floor":8,"key":"Regal Pillow"},{"floor":9,"key":"Bronze Scales"},{"floor":13,"key":"Centennial Puzzle"},{"floor":26,"key":"Potion Belt"},{"floor":31,"key":"Pen Nib"}],"event_choices":[{"damage_healed":0,"gold_gain":0,"player_choice":"Grow","damage_taken":0,"max_hp_gain":0,"max_hp_loss":0,"event_name":"Living Wall","floor":7,"gold_loss":0,"cards_upgraded":["Sucker Punch"]},{"damage_healed":0,"gold_gain":0,"player_choice":"Got Potions","damage_taken":0,"max_hp_gain":0,"max_hp_loss":0,"event_name":"Lab","floor":12,"gold_loss":0},{"damage_healed":0,"gold_gain":75,"player_choice":"Touch","damage_taken":6,"max_hp_gain":0,"max_hp_loss":0,"event_name":"FaceTrader","floor":22,"gold_loss":0}],"is_beta":false,"boss_relics":[{"not_picked":["Pandora\u0027s Box","Ectoplasm"],"picked":"Philosopher\u0027s Stone"}],"items_purged_floors":[3],"is_endless":false,"potions_floor_spawned":[4,11,13,16,19,21,24,28],"killed_by":"Champ","ascension_level":14}