{"gold_per_floor":[110,122,140,156,172,204,12,12,12,39,74,74,90,90,90,186,186,201,215,233,158,175,507,507,565,577,608,634,646,673,699,711,826,838,868,880,908,384,384,384,404,439,465,499,516,17,17,32,32,32],"floor_reached":51,"playtime":4642,"items_purged":["Strike_B","Strike_B"],"score":888,"play_id":"f1b67741-bc89-4bbe-9246-a67b3a636a5a","local_time":"20181118213557","is_ascension_mode":false,"campfire_choices":[{"floor":8.0,"key":"REST"},{"floor":12.0,"key":"REST"},{"data":"Seek","floor":15.0,"key":"SMITH"},{"floor":24.0,"key":"REST"},{"floor":29.0,"key":"REST"},{"floor":32.0,"key":"REST"},{"data":"Amplify","floor":40.0,"key":"SMITH"},{"floor":47,"key":"REST"},{"data":"Zap","floor":49,"key":"SMITH"}],"neow_cost":"NONE","seed_source_timestamp":278173169232300,"circlet_count":0,"master_deck":["Defend_B","Defend_B","Defend_B","Defend_B","Zap+1","Dualcast","Ball Lightning","Beam Cell","Sweeping Beam","Coolheaded","Seek+1","Turbo","Cold Snap","Hologram","Loop+1","Reprogram","Ball Lightning","Amplify+1","Aggregate+1","Sweeping Beam","Defragment+1","Core Surge","Coolheaded","Leap+1","Go for the Eyes+1","Redo","Compile Driver","Steam","Machine Learning+1","Aggregate+1","Go for the Eyes+1","Storm+1","Stack","Conserve Battery+1","Heatsinks+1","Coolheaded","Compile Driver","Capacitor+1","Coolheaded","Scrape"],"special_seed":0,"relics":["Black Star","Frozen Egg 2","Symbiotic Virus","Potion Belt","Singing Bowl","Odd Mushroom","Blood Vial","Smiling Mask","Nuclear Battery","Old Coin","Nunchaku","Tiny Chest","MawBank","Vajra","Lizard Tail","Centennial Puzzle","Bottled Tornado","Kunai","Incense Burner","Du-Vu Doll","Omamori","PreservedInsect","Lantern","Toolbox","Regal Pillow"],"potions_floor_usage":[50,50,50],"damage_taken":[{"damage":2.0,"enemies":"2 Louse","floor":1.0,"turns":4.0},{"damage":11.0,"enemies":"Jaw Worm","floor":2.0,"turns":4.0},{"damage":1.0,"enemies":"Cultist","floor":3.0,"turns":3.0},{"damage":15.0,"enemies":"3 Louse","floor":4.0,"turns":3.0},{"damage":8.0,"enemies":"Looter","floor":5.0,"turns":3.0},{"damage":23.0,"enemies":"3 Sentries","floor":6.0,"turns":6.0},{"damage":9.0,"enemies":"The Mushroom Lair","floor":10.0,"turns":4.0},{"damage":7.0,"enemies":"Gremlin Nob","floor":11.0,"turns":3.0},{"damage":8.0,"enemies":"Blue Slaver","floor":13.0,"turns":3.0},{"damage":0.0,"enemies":"Slime Boss","floor":16.0,"turns":4.0},{"damage":15.0,"enemies":"3 Byrds","floor":18.0,"turns":3.0},{"damage":0.0,"enemies":"Spheric Guardian","floor":19.0,"turns":2.0},{"damage":20.0,"enemies":"Snecko","floor":20.0,"turns":4.0},{"damage":19.0,"enemies":"Sentry and Sphere","floor":22.0,"turns":5.0},{"damage":11.0,"enemies":"Book of Stabbing","floor":23.0,"turns":5.0},{"damage":18.0,"enemies":"Gremlin Leader","floor":25.0,"turns":5.0},{"damage":4.0,"enemies":"Centurion and Healer","floor":27.0,"turns":5.0},{"damage":4.0,"enemies":"Shelled Parasite and Fungi","floor":28.0,"turns":7.0},{"damage":0.0,"enemies":"Sentry and Sphere","floor":30.0,"turns":5.0},{"damage":6.0,"enemies":"Snecko","floor":31.0,"turns":5.0},{"damage":58.0,"enemies":"Collector","floor":33.0,"turns":16.0},{"damage":6.0,"enemies":"3 Shapes","floor":35.0,"turns":4.0},{"damage":15.0,"enemies":"3 Darklings","floor":37.0,"turns":6.0},{"damage":31.0,"enemies":"Jaw Worm Horde","floor":41.0,"turns":4.0},{"damage":8.0,"enemies":"Reptomancer","floor":42.0,"turns":5.0},{"damage":3,"enemies":"Giant Head","floor":44,"turns":13},{"damage":10,"enemies":"Maw","floor":45,"turns":8},{"damage":8,"enemies":"Sphere and 2 Shapes","floor":48,"turns":5},{"damage":4,"enemies":"Time Eater","floor":50,"turns":11}],"seed_played":"-6176525464028835418","potions_obtained":[{"floor":3.0,"key":"Dexterity Potion"},{"floor":5.0,"key":"GamblersBrew"},{"floor":6.0,"key":"LiquidBronze"},{"floor":10.0,"key":"AttackPotion"},{"floor":19.0,"key":"Poison Potion"},{"floor":22.0,"key":"Energy Potion"},{"floor":28.0,"key":"FearPotion"},{"floor":30.0,"key":"EssenceOfSteel"},{"floor":33.0,"key":"Swift Potion"},{"floor":41.0,"key":"GamblersBrew"},{"floor":44,"key":"FocusPotion"},{"floor":45,"key":"GamblersBrew"}],"is_trial":false,"path_per_floor":["M","M","M","M","M","E","$","R","T","?","E","R","M","?","R","B",null,"M","M","M","?","M","E","R","E","T","M","M","R","M","M","R","B",null,"M","?","M","$","T","R","M","E","T","E","M","$","R","M","R","B",null],"character_chosen":"DEFECT","items_purchased":["Potion Belt","Cold Snap","Storm+1","Centennial Puzzle","Bottled Tornado","Stack","Toolbox","Regal Pillow","Capacitor+1","Coolheaded"],"campfire_rested":6,"item_purchase_floors":[7,7,38,38,38,38,46,46,46,46],"current_hp_per_floor":[73,62,61,46,38,15,15,37,37,28,21,43,37,37,37,39,75,60,62,44,44,27,18,40,24,24,22,20,42,44,40,62,6,75,69,69,56,56,56,56,27,21,21,20,12,12,49,43,43,41],"gold":32,"neow_bonus":"BOSS_RELIC","is_prod":false,"is_daily":false,"chose_seed":false,"campfire_upgraded":3,"win_rate":0,"timestamp":1542544557,"path_taken":["M","M","M","M","M","E","$","R","T","?","E","R","M","?","R","BOSS","M","M","M","?","M","E","R","E","T","M","M","R","M","M","R","BOSS","M","?","M","$","?","R","M","E","T","E","M","$","R","M","R","BOSS"],"build_version":"2018-11-15","purchased_purges":2,"victory":true,"max_hp_per_floor":[75,75,75,75,75,75,75,75,75,75,75,75,75,75,75,75,75,75,75,75,75,75,75,75,75,75,75,75,75,75,75,75,75,75,75,75,75,75,75,75,75,75,75,75,75,75,75,75,75,75],"card_choices":[{"not_picked":["Leap","Defragment"],"picked":"Ball Lightning","floor":1.0},{"not_picked":["Turbo","Compile Driver"],"picked":"Beam Cell","floor":2.0},{"not_picked":["Streamline","Ball Lightning"],"picked":"Sweeping Beam","floor":3.0},{"not_picked":["Compile Driver","Hologram"],"picked":"Coolheaded","floor":4.0},{"not_picked":["BootSequence","Skim"],"picked":"Seek","floor":5.0},{"not_picked":["Barrage","Sweeping Beam"],"picked":"Turbo","floor":6.0},{"not_picked":["Recycle","Compile Driver"],"picked":"Hologram","floor":10.0},{"not_picked":["Hello World+1","Amplify"],"picked":"Loop+1","floor":11.0},{"not_picked":["Coolheaded","Ball Lightning"],"picked":"Reprogram","floor":13.0},{"not_picked":["Echo Form+1","Core Surge"],"picked":"Amplify","floor":16.0},{"not_picked":["Barrage","Rebound+1"],"picked":"Aggregate+1","floor":18.0},{"not_picked":["Cold Snap","Turbo"],"picked":"Sweeping Beam","floor":19.0},{"not_picked":["Hologram","Compile Driver"],"picked":"Defragment+1","floor":20.0},{"not_picked":["Conserve Battery","Coolheaded"],"picked":"Core Surge","floor":22.0},{"not_picked":["Streamline","Scrape"],"picked":"Coolheaded","floor":23.0},{"not_picked":["Steam","Hologram"],"picked":"Leap+1","floor":25.0},{"not_picked":["Barrage","Sweeping Beam"],"picked":"Go for the Eyes+1","floor":27.0},{"not_picked":["Go for the Eyes","Barrage"],"picked":"Redo","floor":28.0},{"not_picked":["Sweeping Beam","Reinforced Body"],"picked":"Compile Driver","floor":30.0},{"not_picked":["Sweeping Beam","Reinforced Body"],"picked":"Steam","floor":31.0},{"not_picked":["Hyperbeam","Biased Cognition+1"],"picked":"Machine Learning+1","floor":33.0},{"not_picked":["Streamline","Barrage+1"],"picked":"Aggregate+1","floor":35.0},{"not_picked":["Coolheaded","Rip and Tear+1"],"picked":"Go for the Eyes+1","floor":37.0},{"not_picked":["Leap","Gash+1"],"picked":"Conserve Battery+1","floor":41.0},{"not_picked":["Blizzard+1","Meteor Strike"],"picked":"Heatsinks+1","floor":42.0},{"not_picked":["Cold Snap+1","Barrage"],"picked":"Coolheaded","floor":44},{"not_picked":["Coolheaded","Ball Lightning+1"],"picked":"Compile Driver","floor":45},{"not_picked":["Leap","Chill+1"],"picked":"Scrape","floor":48}],"player_experience":457916,"relics_obtained":[{"floor":6.0,"key":"Frozen Egg 2"},{"floor":6.0,"key":"Symbiotic Virus"},{"floor":9.0,"key":"Singing Bowl"},{"floor":10.0,"key":"Odd Mushroom"},{"floor":11.0,"key":"Blood Vial"},{"floor":11.0,"key":"Smiling Mask"},{"floor":23.0,"key":"Old Coin"},{"floor":23.0,"key":"Nunchaku"},{"floor":25.0,"key":"Tiny Chest"},{"floor":25.0,"key":"MawBank"},{"floor":26.0,"key":"Vajra"},{"floor":39.0,"key":"Kunai"},{"floor":42.0,"key":"Incense Burner"},{"floor":42.0,"key":"Du-Vu Doll"},{"floor":43.0,"key":"Omamori"},{"floor":44,"key":"PreservedInsect"},{"floor":44,"key":"Lantern"}],"event_choices":[{"damage_healed":0.0,"max_hp_gain":0.0,"max_hp_loss":0.0,"gold_gain":0.0,"event_name":"Mushrooms","player_choice":"Fought Mushrooms","floor":10.0,"gold_loss":0.0,"damage_taken":0.0},{"damage_healed":0.0,"max_hp_gain":0.0,"max_hp_loss":0.0,"gold_gain":0.0,"cards_transformed":["Strike_B"],"event_name":"Living Wall","player_choice":"Change","floor":14.0,"gold_loss":0.0,"damage_taken":0.0,"cards_obtained":["Ball Lightning"]},{"cards_removed":["Strike_B"],"damage_healed":0.0,"max_hp_gain":0.0,"max_hp_loss":0.0,"gold_gain":0.0,"event_name":"Beggar","player_choice":"Gave Gold","floor":21.0,"gold_loss":75.0,"damage_taken":0.0},{"damage_healed":0.0,"max_hp_gain":0.0,"max_hp_loss":0.0,"gold_gain":0.0,"event_name":"Tomb of Lord Red Mask","player_choice":"Ignored","floor":36.0,"gold_loss":0.0,"damage_taken":0.0}],"is_beta":false,"boss_relics":[{"not_picked":["Runic Pyramid","White Beast Statue"],"picked":"Nuclear Battery"},{"not_picked":["Inserter","Velvet Choker"],"picked":"Lizard Tail"}],"items_purged_floors":[38,46],"is_endless":false,"potions_floor_spawned":[3,5,6,10,19,22,28,30,33,41,44,45],"ascension_level":0}