{"gold_per_floor":[113,188,188,188,188,245,260,271,271,281,281,54,54,14,14,14],"floor_reached":16,"playtime":344,"items_purged":[],"score":246,"play_id":"6a7bc7cc-75da-46d2-8ea9-faf973e6aafe","local_time":"20190807194712","is_ascension_mode":true,"campfire_choices":[{"floor":11,"key":"REST"},{"data":"Sucker Punch","floor":13,"key":"SMITH"},{"data":"Neutralize","floor":15,"key":"SMITH"}],"neow_cost":"NONE","seed_source_timestamp":412281028911700,"circlet_count":0,"master_deck":["AscendersBane","Strike_G+1","Strike_G","Strike_G","Strike_G","Defend_G","Defend_G+1","Defend_G","Defend_G","Defend_G","Survivor","Neutralize+1","Escape Plan","Masterful Stab","Dagger Spray","Sucker Punch+1","Backstab"],"relics":["Ring of the Snake","NeowsBlessing","Pantograph","Tiny Chest","Mummified Hand","OrangePellets"],"potions_floor_usage":[7,16],"damage_taken":[{"damage":0,"enemies":"Small Slimes","floor":1,"turns":1},{"damage":0,"enemies":"Lagavulin","floor":6,"turns":1},{"damage":0,"enemies":"2 Louse","floor":7,"turns":1},{"damage":0,"enemies":"Cultist","floor":8,"turns":3},{"damage":8,"enemies":"3 Louse","floor":10,"turns":3},{"damage":37,"enemies":"Hexaghost","floor":16,"turns":14}],"seed_played":"-8441812903400142586","potions_obtained":[{"floor":1,"key":"Fruit Juice"},{"floor":10,"key":"SkillPotion"}],"is_trial":false,"path_per_floor":["M","?","?","?","?","E","M","M","T","M","R","$","R","$","R","B"],"character_chosen":"THE_SILENT","items_purchased":["OrangePellets","Backstab"],"campfire_rested":1,"item_purchase_floors":[12,14],"current_hp_per_floor":[59,48,28,17,10,10,15,15,15,7,28,28,28,28,28,16],"gold":14,"neow_bonus":"THREE_ENEMY_KILL","is_prod":false,"is_daily":false,"chose_seed":false,"campfire_upgraded":2,"win_rate":0,"timestamp":1565174832,"path_taken":["M","?","?","?","?","E","M","M","T","M","R","?","R","$","R","BOSS"],"build_version":"2019-07-17","purchased_purges":0,"victory":false,"max_hp_per_floor":[66,66,66,66,66,66,71,71,71,71,71,71,71,71,71,71],"card_choices":[{"not_picked":["Slice","Sucker Punch"],"picked":"Escape Plan","floor":1},{"not_picked":["Dagger Throw","Flying Knee"],"picked":"Masterful Stab","floor":6},{"not_picked":["Eviscerate","Outmaneuver"],"picked":"Dagger Spray","floor":7},{"not_picked":["Eviscerate","All Out Attack"],"picked":"Sucker Punch","floor":8},{"not_picked":["Prepared","Deadly Poison","Deflect"],"picked":"SKIP","floor":10}],"player_experience":617327,"relics_obtained":[{"floor":6,"key":"Tiny Chest"},{"floor":9,"key":"Mummified Hand"}],"event_choices":[{"damage_healed":0,"gold_gain":75,"player_choice":"Gather Gold","damage_taken":11,"max_hp_gain":0,"max_hp_loss":0,"event_name":"World of Goop","floor":2,"gold_loss":0},{"damage_healed":0,"gold_gain":0,"player_choice":"Entered Light","damage_taken":20,"max_hp_gain":0,"max_hp_loss":0,"event_name":"Shining Light","floor":3,"gold_loss":0,"cards_upgraded":["Defend_G","Strike_G"]},{"damage_healed":0,"gold_gain":0,"player_choice":"Success","damage_taken":11,"relics_obtained":["Pantograph"],"max_hp_gain":0,"max_hp_loss":0,"event_name":"Scrap Ooze","floor":4,"gold_loss":0},{"cards_removed":["Strike_G"],"damage_healed":0,"gold_gain":0,"player_choice":"Card Removal","damage_taken":7,"max_hp_gain":0,"max_hp_loss":0,"event_name":"Golden Wing","floor":5,"gold_loss":0}],"is_beta":false,"boss_relics":[],"items_purged_floors":[],"is_endless":false,"potions_floor_spawned":[1,10],"killed_by":"Hexaghost","ascension_level":20}