{"gold_per_floor":[109,121,46,66,81,81,99,99,122,1,1,13,13,42,42,42],"floor_reached":16,"playtime":847,"items_purged":["Writhe"],"score":128,"play_id":"16722943-1f30-471f-ac10-6c0439d014ce","local_time":"20190707213452","is_ascension_mode":true,"campfire_choices":[{"floor":6,"key":"REST"},{"floor":15,"key":"REST"}],"neow_cost":"CURSE","seed_source_timestamp":553736619632900,"circlet_count":0,"master_deck":["Strike_G","Strike_G","Strike_G","Strike_G","Strike_G","Defend_G","Defend_G","Defend_G","Defend_G","Defend_G","Survivor","Neutralize","Discovery","Jack Of All Trades+1","Catalyst","Sucker Punch","Dagger Spray+1","Bullet Time","Bandage Up","Crippling Poison","Escape Plan","Escape Plan"],"relics":["Ring of the Snake","Potion Belt","FaceOfCleric","Dream Catcher"],"potions_floor_usage":[13,14],"damage_taken":[{"damage":7,"enemies":"Small Slimes","floor":1,"turns":3},{"damage":7,"enemies":"Jaw Worm","floor":2,"turns":4},{"damage":4,"enemies":"Cultist","floor":4,"turns":3},{"damage":39,"enemies":"Gremlin Gang","floor":5,"turns":6},{"damage":7,"enemies":"Blue Slaver","floor":7,"turns":3},{"damage":0,"enemies":"Exordium Wildlife","floor":12,"turns":2},{"damage":14,"enemies":"Lagavulin","floor":14,"turns":8},{"damage":0,"enemies":"The Guardian","floor":16,"turns":2}],"seed_played":"7958634093026158433","potions_obtained":[{"floor":5,"key":"Ancient Potion"},{"floor":12,"key":"Fruit Juice"}],"is_trial":false,"path_per_floor":["M","M","$","M","M","R","M","?","T","$","?","M","?","E","R","B"],"character_chosen":"THE_SILENT","items_purchased":["Bandage Up","Crippling Poison"],"campfire_rested":2,"item_purchase_floors":[10,10],"current_hp_per_floor":[63,56,56,52,13,34,27,13,13,13,13,13,18,9,31,35],"gold":42,"neow_bonus":"RANDOM_COLORLESS_2","is_prod":false,"is_daily":false,"chose_seed":false,"campfire_upgraded":0,"win_rate":0,"timestamp":1562502892,"path_taken":["M","M","$","M","M","R","M","?","T","$","?","M","?","E","R","BOSS"],"build_version":"2019-07-05","purchased_purges":1,"victory":false,"max_hp_per_floor":[70,70,70,70,70,70,70,70,70,70,70,70,75,76,76,76],"card_choices":[{"not_picked":["Prepared","Slice","Blade Dance"],"picked":"SKIP","floor":1},{"not_picked":["Poisoned Stab","Backflip"],"picked":"Catalyst","floor":2},{"not_picked":["Masterful Stab","Underhanded Strike"],"picked":"Sucker Punch","floor":4},{"not_picked":["Prepared","Concentrate"],"picked":"Dagger Spray","floor":5},{"not_picked":["Skewer","Expertise"],"picked":"Bullet Time","floor":7},{"not_picked":["Eviscerate","Outmaneuver"],"picked":"Escape Plan","floor":12},{"not_picked":["Poisoned Stab","Dodge and Roll","Concentrate"],"picked":"SKIP","floor":14},{"not_picked":["Cloak And Dagger","Finisher"],"picked":"Escape Plan","floor":15}],"player_experience":296775,"relics_obtained":[{"floor":9,"key":"Potion Belt"},{"floor":14,"key":"Dream Catcher"}],"event_choices":[{"damage_healed":0,"gold_gain":0,"player_choice":"Entered Light","damage_taken":14,"max_hp_gain":0,"max_hp_loss":0,"event_name":"Shining Light","floor":8,"gold_loss":0,"cards_upgraded":["Dagger Spray","Jack Of All Trades"]},{"damage_healed":0,"gold_gain":0,"player_choice":"Fled","damage_taken":0,"max_hp_gain":0,"max_hp_loss":0,"event_name":"Scrap Ooze","floor":11,"gold_loss":0},{"damage_healed":0,"gold_gain":0,"player_choice":"Trade","damage_taken":0,"relics_obtained":["FaceOfCleric"],"max_hp_gain":0,"max_hp_loss":0,"event_name":"FaceTrader","floor":13,"gold_loss":0}],"is_beta":false,"boss_relics":[],"items_purged_floors":[3],"is_endless":false,"potions_floor_spawned":[5,12],"killed_by":"The Guardian","ascension_level":5}