{"gold_per_floor":[110,129,141,7,7,36,46,46,46,46,60,74,100,100,100,201,201,213,223,2,14,14],"floor_reached":22,"playtime":1064,"items_purged":[],"score":198,"play_id":"4868f50a-0c65-41f1-9018-5560f7f8a636","local_time":"20181227061937","is_ascension_mode":false,"campfire_choices":[{"floor":8,"key":"REST"},{"data":"Armaments","floor":10,"key":"SMITH"},{"floor":15,"key":"REST"}],"neow_cost":"","seed_source_timestamp":504404118440200,"circlet_count":0,"master_deck":["Strike_R","Strike_R","Strike_R","Strike_R","Strike_R","Defend_R","Defend_R+1","Defend_R","Defend_R","Bash","Thunderclap","Armaments+1","Shrug It Off+1","Rage","Pain","Demon Form","Uppercut","Feel No Pain+1","Anger","Dark Embrace+1","Regret","Reaper","Clothesline","Bloodletting+1","Master of Strategy","Feel No Pain+1","Pommel Strike+1"],"relics":["Burning Blood","WarpedTongs","Paper Frog","Frozen Egg 2","Bag of Marbles","War Paint","Mark of Pain"],"potions_floor_usage":[6,6,13,16,16],"damage_taken":[{"damage":15,"enemies":"Jaw Worm","floor":1,"turns":4},{"damage":7,"enemies":"Cultist","floor":2,"turns":5},{"damage":4,"enemies":"Small Slimes","floor":3,"turns":4},{"damage":29,"enemies":"Gremlin Nob","floor":6,"turns":5},{"damage":12,"enemies":"Looter","floor":7,"turns":4},{"damage":22,"enemies":"Blue Slaver","floor":11,"turns":4},{"damage":7,"enemies":"2 Fungi Beasts","floor":12,"turns":4},{"damage":13,"enemies":"3 Sentries","floor":13,"turns":6},{"damage":35,"enemies":"The Guardian","floor":16,"turns":8},{"damage":24,"enemies":"Chosen","floor":18,"turns":5},{"damage":26,"enemies":"2 Thieves","floor":19,"turns":4},{"damage":20,"enemies":"Snecko","floor":21,"turns":4},{"damage":46,"enemies":"Snake Plant","floor":22,"turns":5}],"seed_played":"6226409313938692790","potions_obtained":[{"floor":2,"key":"LiquidBronze"},{"floor":11,"key":"Poison Potion"},{"floor":13,"key":"Regen Potion"}],"is_trial":false,"path_per_floor":["M","M","M","$","?","E","M","R","T","R","M","M","E","?","R","B",null,"M","M","$","M","M"],"character_chosen":"IRONCLAD","items_purchased":["Weak Potion","Rage","PowerPotion","Master of Strategy","Feel No Pain+1"],"campfire_rested":2,"item_purchase_floors":[4,4,4,20,20],"current_hp_per_floor":[71,70,72,72,72,49,43,67,67,67,51,50,43,43,67,53,80,62,42,42,45,0],"gold":14,"neow_bonus":"","is_prod":false,"is_daily":false,"chose_seed":false,"campfire_upgraded":1,"win_rate":0.0,"timestamp":1545859177,"path_taken":["M","M","M","$","?","E","?","R","T","R","M","M","E","?","R","BOSS","M","M","$","M","M"],"build_version":"2018-12-25","purchased_purges":0,"victory":false,"max_hp_per_floor":[80,80,80,80,80,80,80,80,80,80,80,80,80,80,80,80,80,80,80,80,80,80],"card_choices":[{"not_picked":["Pommel Strike","Headbutt"],"picked":"Thunderclap","floor":1},{"not_picked":["Searing Blow","Iron Wave"],"picked":"Armaments","floor":2},{"not_picked":["True Grit","Uppercut"],"picked":"Shrug It Off","floor":3},{"not_picked":["Sword Boomerang","True Grit"],"picked":"Demon Form","floor":6},{"not_picked":["Iron Wave","Hemokinesis"],"picked":"Uppercut","floor":7},{"not_picked":["Cleave","Thunderclap"],"picked":"Feel No Pain+1","floor":11},{"not_picked":["Iron Wave","Flex"],"picked":"Anger","floor":12},{"not_picked":["Thunderclap","Shockwave"],"picked":"Dark Embrace+1","floor":13},{"not_picked":["Double Tap","Barricade+1"],"picked":"Reaper","floor":16},{"not_picked":["Headbutt","Inflame+1"],"picked":"Clothesline","floor":18},{"not_picked":["Power Through","Carnage"],"picked":"Bloodletting+1","floor":19},{"not_picked":["Body Slam","Twin Strike+1"],"picked":"Pommel Strike+1","floor":21}],"player_experience":0,"relics_obtained":[{"floor":6,"key":"Paper Frog"},{"floor":9,"key":"Frozen Egg 2"},{"floor":13,"key":"Bag of Marbles"}],"event_choices":[{"damage_healed":0,"gold_gain":0,"player_choice":"Rummage","damage_taken":0,"relics_obtained":["WarpedTongs"],"max_hp_gain":0,"max_hp_loss":0,"event_name":"Accursed Blacksmith","floor":5,"gold_loss":0,"cards_obtained":["Pain"]},{"damage_healed":0,"gold_gain":0,"player_choice":"Box","damage_taken":0,"relics_obtained":["War Paint"],"max_hp_gain":0,"max_hp_loss":0,"event_name":"Big Fish","floor":14,"gold_loss":0,"cards_obtained":["Regret"]}],"is_beta":true,"boss_relics":[{"not_picked":["Lizard Tail","Calling Bell"],"picked":"Mark of Pain"}],"items_purged_floors":[],"is_endless":false,"potions_floor_spawned":[2,11,13],"killed_by":"Snake Plant","ascension_level":0}