{"gold_per_floor":[109,120,140,157,45,73,87,87,87,87,97,97,97,112,112,186,186,206,206,236,57,80,80,80],"floor_reached":24,"playtime":979,"items_purged":[],"score":382,"play_id":"715c9128-bccc-489f-9bd0-4b2a1175c80e","local_time":"20190823060434","is_ascension_mode":true,"campfire_choices":[{"floor":8,"key":"REST"},{"data":"Zap","floor":10,"key":"SMITH"},{"data":"Dualcast","floor":12,"key":"SMITH"},{"floor":15,"key":"REST"},{"data":"Zap","floor":23,"key":"SMITH"}],"neow_cost":"PERCENT_DAMAGE","seed_source_timestamp":170943044861300,"circlet_count":0,"master_deck":["AscendersBane","Strike_B","Strike_B","Strike_B","Strike_B","Defend_B","Defend_B","Defend_B","Defend_B","Zap+1","Dualcast+1","Tempest","Sweeping Beam","Ball Lightning","Rebound","Rip and Tear","Melter","All For One","Reinforced Body","Rainbow","Zap+1","Steam","Multi-Cast","Scrape","Ghostly","Ghostly","Ghostly","Fusion+1","Echo Form"],"relics":["Cracked Core","Singing Bowl","Blue Candle","Inserter","Red Mask","Bag of Marbles"],"potions_floor_usage":[2,6,16,20],"damage_taken":[{"damage":1,"enemies":"Cultist","floor":1,"turns":3},{"damage":0,"enemies":"Small Slimes","floor":2,"turns":2},{"damage":12,"enemies":"Jaw Worm","floor":3,"turns":3},{"damage":8,"enemies":"Exordium Thugs","floor":4,"turns":4},{"damage":20,"enemies":"3 Sentries","floor":6,"turns":5},{"damage":11,"enemies":"3 Louse","floor":7,"turns":3},{"damage":6,"enemies":"Lots of Slimes","floor":11,"turns":2},{"damage":13,"enemies":"Exordium Thugs","floor":14,"turns":3},{"damage":30,"enemies":"Hexaghost","floor":16,"turns":9},{"damage":1,"enemies":"Spheric Guardian","floor":18,"turns":3},{"damage":12,"enemies":"Masked Bandits","floor":20,"turns":5},{"damage":3,"enemies":"Gremlin Leader","floor":24,"turns":2}],"seed_played":"7573525295036784095","potions_obtained":[{"floor":1,"key":"Block Potion"},{"floor":3,"key":"SteroidPotion"},{"floor":7,"key":"PowerPotion"},{"floor":16,"key":"Block Potion"}],"is_trial":false,"path_per_floor":["M","M","M","M","$","E","M","R","T","R","M","R","?","M","R","B",null,"M","?","?","$","T","R","E"],"character_chosen":"DEFECT","items_purchased":["Rip and Tear","Melter","Echo Form"],"campfire_rested":2,"item_purchase_floors":[5,5,21],"current_hp_per_floor":[59,59,47,39,39,19,10,36,36,36,30,30,30,19,45,15,71,70,44,32,32,32,32,29],"gold":80,"neow_bonus":"TWENTY_PERCENT_HP_BONUS","is_prod":false,"is_daily":false,"chose_seed":false,"campfire_upgraded":3,"win_rate":0,"timestamp":1566507874,"path_taken":["M","M","M","?","$","E","?","R","T","R","M","R","?","M","R","BOSS","M","?","?","$","?","R","E"],"build_version":"2019-07-17","purchased_purges":0,"victory":false,"max_hp_per_floor":[85,85,85,85,85,85,87,87,87,87,87,87,87,89,89,89,89,89,44,44,44,44,44,44],"card_choices":[{"not_picked":["Heatsinks","Lockon"],"picked":"Tempest","floor":1},{"not_picked":["Beam Cell","Barrage"],"picked":"Sweeping Beam","floor":2},{"not_picked":["Undo","Compile Driver"],"picked":"Ball Lightning","floor":3},{"not_picked":["Hologram","Darkness"],"picked":"Rebound","floor":4},{"not_picked":["Coolheaded","Leap"],"picked":"All For One","floor":6},{"not_picked":["Aggregate","Chaos","Hello World"],"picked":"Singing Bowl","floor":7},{"not_picked":["Compile Driver","Storm"],"picked":"Reinforced Body","floor":11},{"not_picked":["Go for the Eyes","Stack","Hologram"],"picked":"Singing Bowl","floor":14},{"not_picked":["Echo Form","Amplify"],"picked":"Multi-Cast","floor":16},{"not_picked":["Coolheaded","Heatsinks"],"picked":"Scrape","floor":18},{"not_picked":["Redo","Gash"],"picked":"Fusion+1","floor":20}],"player_experience":755044,"relics_obtained":[{"floor":6,"key":"Singing Bowl"},{"floor":9,"key":"Blue Candle"},{"floor":20,"key":"Red Mask"},{"floor":22,"key":"Bag of Marbles"}],"event_choices":[{"damage_healed":0,"gold_gain":0,"player_choice":"3 cards matched","damage_taken":0,"max_hp_gain":0,"max_hp_loss":0,"event_name":"Match and Keep!","floor":13,"gold_loss":0,"cards_obtained":["Rainbow","Zap","Steam"]},{"damage_healed":0,"gold_gain":0,"player_choice":"Became a Ghost","damage_taken":0,"max_hp_gain":0,"max_hp_loss":45,"event_name":"Ghosts","floor":19,"gold_loss":0,"cards_obtained":["Ghostly","Ghostly","Ghostly"]},{"damage_healed":0,"gold_gain":0,"player_choice":"Fought Bandits","damage_taken":0,"max_hp_gain":0,"max_hp_loss":0,"event_name":"Masked Bandits","floor":20,"gold_loss":0}],"is_beta":false,"boss_relics":[{"not_picked":["Coffee Dripper","Lizard Tail"],"picked":"Inserter"}],"items_purged_floors":[],"is_endless":false,"potions_floor_spawned":[1,3,7,16],"killed_by":"Gremlin Leader","ascension_level":19}