{"gold_per_floor":[110,121,7,25,25,25,54,54,80,107,107,118,82,117,117,221,221,233,252,262,279,23,23,23,58,104,138,149,182,182,196,196,300,300,312,1,49,62,0,0,34,34,57,68,68,78,38,68,68,68,68,68,44,71,71],"floor_reached":56,"playtime":7216,"items_purged":["Normality","Defend_B"],"score":1365,"play_id":"8be27d63-d569-4267-b2a2-5d2356a01ce5","local_time":"20181229112316","is_ascension_mode":true,"campfire_choices":[{"data":"Ball Lightning","floor":6.0,"key":"SMITH"},{"data":"Zap","floor":8.0,"key":"SMITH"},{"data":"Barrage","floor":15.0,"key":"SMITH"},{"data":"Machine Learning","floor":24.0,"key":"SMITH"},{"data":"Seek","floor":32.0,"key":"SMITH"},{"data":"1","floor":40.0,"key":"LIFT"},{"data":"2","floor":42.0,"key":"LIFT"},{"floor":49.0,"key":"RECALL"},{"data":"3","floor":52.0,"key":"LIFT"}],"neow_cost":"CURSE","seed_source_timestamp":0,"circlet_count":0,"master_deck":["Defend_B+1","Zap+1","Dualcast+1","Auto Shields+1","Ball Lightning+1","Reinforced Body","Leap","Seek+1","Barrage+1","Capacitor","Machine Learning+1","Loop+1","Multi-Cast+1","Streamline+1","Genetic Algorithm+1","Hologram+1","White Noise+1","Double Energy+1","Bite","Bite","Bite","Bite","FTL","Sunder+1","Auto Shields+1","Conserve Battery+1","Steam+1","Creative AI","Reprogram+1","Coolheaded+1","Panacea+1","Double Energy+1","Cold Snap"],"special_seed":0,"relics":["Cracked Core","War Paint","Art of War","Happy Flower","Toxic Egg 2","Astrolabe","Pen Nib","Emotion Chip","Strawberry","Bag of Preparation","StoneCalendar","Fusion Hammer","Lantern","Centennial Puzzle","Girya","Red Mask","Gambling Chip","Mummified Hand","Orichalcum"],"potions_floor_usage":[55,55],"damage_taken":[{"damage":0.0,"enemies":"2 Louse","floor":1.0,"turns":2.0},{"damage":6.0,"enemies":"Jaw Worm","floor":2.0,"turns":3.0},{"damage":0.0,"enemies":"Cultist","floor":4.0,"turns":2.0},{"damage":14.0,"enemies":"3 Sentries","floor":7.0,"turns":6.0},{"damage":1.0,"enemies":"Lagavulin","floor":10.0,"turns":8.0},{"damage":0.0,"enemies":"3 Louse","floor":12.0,"turns":2.0},{"damage":16.0,"enemies":"3 Sentries","floor":14.0,"turns":7.0},{"damage":3.0,"enemies":"Slime Boss","floor":16.0,"turns":9.0},{"damage":27.0,"enemies":"Chosen","floor":18.0,"turns":5.0},{"damage":10.0,"enemies":"Spheric Guardian","floor":19.0,"turns":3.0},{"damage":12.0,"enemies":"3 Cultists","floor":20.0,"turns":6.0},{"damage":0.0,"enemies":"Centurion and Healer","floor":21.0,"turns":7.0},{"damage":32.0,"enemies":"Gremlin Leader","floor":25.0,"turns":9.0},{"damage":14.0,"enemies":"Book of Stabbing","floor":27.0,"turns":6.0},{"damage":0.0,"enemies":"Snecko","floor":28.0,"turns":4.0},{"damage":22.0,"enemies":"Gremlin Leader","floor":29.0,"turns":6.0},{"damage":0.0,"enemies":"3 Cultists","floor":31.0,"turns":4.0},{"damage":30.0,"enemies":"Automaton","floor":33.0,"turns":8.0},{"damage":1.0,"enemies":"3 Shapes","floor":35.0,"turns":5.0},{"damage":5.0,"enemies":"2 Orb Walkers","floor":37.0,"turns":3.0},{"damage":1.0,"enemies":"Orb Walker","floor":38.0,"turns":3.0},{"damage":0.0,"enemies":"Giant Head","floor":41.0,"turns":7.0},{"damage":0.0,"enemies":"Spire Growth","floor":44.0,"turns":3.0},{"damage":0.0,"enemies":"4 Shapes","floor":46.0,"turns":5.0},{"damage":18.0,"enemies":"Nemesis","floor":48.0,"turns":7.0},{"damage":55.0,"enemies":"Time Eater","floor":50.0,"turns":11.0},{"damage":1.0,"enemies":"Shield and Spear","floor":54.0,"turns":7.0},{"damage":82,"enemies":"The Heart","floor":55,"turns":8}],"seed_played":"-8672147140201712096","potions_obtained":[{"floor":4.0,"key":"Dexterity Potion"},{"floor":7.0,"key":"SkillPotion"},{"floor":14.0,"key":"Fire Potion"},{"floor":16.0,"key":"Block Potion"},{"floor":18.0,"key":"Ancient Potion"},{"floor":25.0,"key":"Fire Potion"},{"floor":37.0,"key":"Fruit Juice"},{"floor":38.0,"key":"Energy Potion"},{"floor":46.0,"key":"Block Potion"},{"floor":47.0,"key":"Energy Potion"},{"floor":47.0,"key":"PowerPotion"}],"is_trial":false,"path_per_floor":["M","M","$","M","?","R","E","R","T","E","?","M","$","E","R","B",null,"M","M","M","M","$","?","R","E","T","E","M","E","?","M","R","B",null,"M","$","?","M","?","R","E","R","T","M","?","M","?","E","R","B",null,"R","$","E","B",null],"character_chosen":"DEFECT","items_purchased":["Reinforced Body","Capacitor","Pen Nib","Lantern","Centennial Puzzle","Cold Snap"],"campfire_rested":0,"item_purchase_floors":[3,13,22,36,36,53],"current_hp_per_floor":[89,83,83,83,83,83,69,69,69,68,68,68,68,52,52,49,89,62,52,40,40,40,40,40,34,41,37,43,37,37,43,43,21,69,68,68,71,72,72,72,74,74,74,74,74,74,74,60,60,19,74,74,74,74,7],"gold":71,"neow_bonus":"TWENTY_PERCENT_HP_BONUS","is_prod":false,"is_daily":false,"chose_seed":false,"campfire_upgraded":5,"win_rate":0,"timestamp":1546111396,"path_taken":["M","M","$","M","?","R","E","R","T","E","?","?","$","E","R","BOSS","M","M","M","M","$","?","R","E","T","E","M","E","?","M","R","BOSS","M","$","?","M","?","R","E","R","T","M","?","M","?","E","R","BOSS","R","$","E","BOSS"],"build_version":"2018-12-20","purchased_purges":2,"victory":true,"max_hp_per_floor":[89,89,89,89,89,89,89,89,89,89,89,89,89,89,89,89,89,89,89,89,89,89,62,62,62,69,69,69,69,69,69,69,69,69,69,69,74,74,74,74,74,74,74,74,74,74,74,74,74,74,74,74,74,74,74],"card_choices":[{"not_picked":["Stack","Rebound"],"picked":"Auto Shields","floor":1.0},{"not_picked":["Coolheaded","Consume"],"picked":"Ball Lightning","floor":2.0},{"not_picked":["Compile Driver","Sweeping Beam"],"picked":"Leap","floor":4.0},{"not_picked":["Hologram","Blizzard"],"picked":"Seek","floor":7.0},{"not_picked":["Compile Driver","Reprogram"],"picked":"Barrage","floor":10.0},{"not_picked":["Rebound","Darkness","Redo"],"picked":"SKIP","floor":12.0},{"not_picked":["Double Energy","Tempest","Barrage"],"picked":"SKIP","floor":14.0},{"not_picked":["Hyperbeam","Rainbow+1"],"picked":"Machine Learning","floor":16.0},{"not_picked":["Blizzard+1","Redo+1"],"picked":"Genetic Algorithm+1","floor":18.0},{"not_picked":["Recycle+1","Gash+1"],"picked":"Hologram+1","floor":19.0},{"not_picked":["Steam+1","Stack+1"],"picked":"White Noise+1","floor":20.0},{"not_picked":["Stack+1","Steam Power+1"],"picked":"Double Energy+1","floor":21.0},{"not_picked":["Hologram+1","Ball Lightning+1"],"picked":"FTL","floor":25.0},{"not_picked":["Loop+1","Sweeping Beam+1"],"picked":"Sunder+1","floor":27.0},{"not_picked":["Redo+1","Streamline"],"picked":"Auto Shields+1","floor":28.0},{"not_picked":["Hologram+1","White Noise+1"],"picked":"Conserve Battery+1","floor":29.0},{"not_picked":["Barrage+1","Storm+1"],"picked":"Steam+1","floor":31.0},{"not_picked":["Hyperbeam","Fission+1"],"picked":"Creative AI","floor":33.0},{"not_picked":["Auto Shields+1","Steam+1"],"picked":"Reprogram+1","floor":35.0},{"not_picked":["Steam+1","FTL"],"picked":"Coolheaded+1","floor":37.0},{"not_picked":["White Noise+1","Self Repair+1","Coolheaded+1"],"picked":"SKIP","floor":38.0},{"not_picked":["Steam+1","Conserve Battery+1","Hologram+1"],"picked":"SKIP","floor":41.0},{"not_picked":["Beam Cell+1","Redo+1","White Noise+1"],"picked":"SKIP","floor":44.0},{"not_picked":["Mind Blast","Deep Breath+1"],"picked":"Panacea+1","floor":45.0},{"not_picked":["Streamline+1","Heatsinks+1","Beam Cell"],"picked":"SKIP","floor":46.0},{"not_picked":["Fission+1","Hello World+1"],"picked":"Double Energy+1","floor":48.0},{"not_picked":["Gash+1","Redo+1","Rip and Tear"],"picked":"SKIP","floor":54.0}],"player_experience":486300,"relics_obtained":[{"floor":7.0,"key":"War Paint"},{"floor":9.0,"key":"Art of War"},{"floor":10.0,"key":"Happy Flower"},{"floor":14.0,"key":"Toxic Egg 2"},{"floor":25.0,"key":"Emotion Chip"},{"floor":26.0,"key":"Strawberry"},{"floor":27.0,"key":"Bag of Preparation"},{"floor":29.0,"key":"StoneCalendar"},{"floor":37.0,"key":"Girya"},{"floor":41.0,"key":"Gambling Chip"},{"floor":48.0,"key":"Mummified Hand"},{"floor":54.0,"key":"Orichalcum"}],"event_choices":[{"damage_healed":0.0,"max_hp_gain":0.0,"max_hp_loss":0.0,"gold_gain":0.0,"event_name":"Living Wall","player_choice":"Grow","floor":5.0,"gold_loss":0.0,"damage_taken":0.0,"cards_upgraded":["Dualcast"]},{"cards_removed":["Strike_B"],"damage_healed":0.0,"max_hp_gain":0.0,"max_hp_loss":0.0,"gold_gain":0.0,"event_name":"Wheel of Change","player_choice":"Card Removal","floor":11.0,"gold_loss":0.0,"damage_taken":0.0},{"damage_healed":0.0,"max_hp_gain":0.0,"max_hp_loss":27.0,"gold_gain":0.0,"event_name":"Vampires","player_choice":"Became a vampire","floor":23.0,"gold_loss":0.0,"damage_taken":0.0,"cards_obtained":["Bite","Bite","Bite","Bite","Bite"]},{"cards_removed":["Bite"],"damage_healed":0.0,"max_hp_gain":0.0,"max_hp_loss":0.0,"gold_gain":0.0,"event_name":"Back to Basics","player_choice":"Elegance","floor":30.0,"gold_loss":0.0,"damage_taken":0.0},{"damage_healed":0.0,"max_hp_gain":0.0,"max_hp_loss":0.0,"gold_gain":0.0,"event_name":"Mysterious Sphere","player_choice":"Fight","floor":37.0,"gold_loss":0.0,"damage_taken":0.0},{"damage_healed":0.0,"max_hp_gain":0.0,"max_hp_loss":0.0,"gold_gain":0.0,"event_name":"Tomb of Lord Red Mask","player_choice":"Paid","floor":39.0,"gold_loss":62.0,"damage_taken":0.0,"relics_obtained":["Red Mask"]},{"damage_healed":0.0,"max_hp_gain":0.0,"max_hp_loss":0.0,"gold_gain":0.0,"event_name":"SensoryStone","player_choice":"Memory 1","floor":45.0,"gold_loss":0.0,"damage_taken":0.0},{"damage_healed":0.0,"max_hp_gain":0.0,"max_hp_loss":0.0,"gold_gain":0.0,"event_name":"The Woman in Blue","player_choice":"Bought 3 Potions","floor":47.0,"gold_loss":0.0,"damage_taken":0.0}],"is_beta":false,"boss_relics":[{"not_picked":["Busted Crown","Velvet Choker"],"picked":"Astrolabe"},{"not_picked":["Black Star","FrozenCore"],"picked":"Fusion Hammer"}],"items_purged_floors":[3,22],"is_endless":false,"potions_floor_spawned":[4,7,14,16,18,25,27,28,37,38,46],"ascension_level":1}