{"path_per_floor":["M","M","$","?","M","E","R","M","T","R","M","M","?","M","R","B",null,"M","?","M","M","$","R","M","M","T","E","M","M","R","M","R","B",null,"M","M","?","?","$","R","E","M","T","R","M","M","M","M","R","B"],"character_chosen":"IRONCLAD","items_purchased":["Dead Branch","Mind Blast","Explosive Potion","Vajra","Shovel","Toxic Egg 2","Energy Potion","Headbutt","Pommel Strike","Shrug It Off"],"gold_per_floor":[144,189,114,114,159,249,249,294,294,294,339,384,384,429,429,729,729,774,699,744,789,332,332,377,422,472,562,607,652,652,697,697,997,997,1042,1087,1087,1087,115,115,205,250,250,250,295,340,385,430,430,430],"floor_reached":51,"campfire_rested":7,"playtime":3040,"current_hp_per_floor":[80,80,80,80,80,80,80,74,74,80,62,55,60,45,70,61,85,71,71,65,44,44,69,60,54,54,51,46,67,85,85,85,56,85,67,76,76,71,71,71,57,52,52,52,85,85,69,60,85,17],"items_purged":["Berserk","Sword Boomerang"],"gold":430,"score":834,"play_id":"7a10662c-973a-4424-94d0-e4bc6c6d8437","local_time":"20180504063012","daily_mods":["Insanity","Midas","Uncertain Future"],"is_prod":false,"is_daily":true,"chose_seed":false,"is_ascension_mode":false,"campfire_upgraded":0,"timestamp":1525383012,"path_taken":["M","M","$","?","M","E","R","?","T","R","M","M","?","M","R","BOSS","M","?","M","M","$","R","M","?","T","E","M","M","R","?","R","BOSS","M","M","?","?","$","R","E","M","T","R","M","M","M","?","R","BOSS"],"build_version":"2018-04-26","seed_source_timestamp":0,"purchased_purges":2,"victory":true,"master_deck":["Inflame","Sentinel","Perfected Strike","Disarm","Bloodletting","Berserk","Havoc","Exhume","Bash","True Grit","Fiend Fire","Headbutt","Intimidate","Ghostly Armor","Whirlwind","Rupture","Reckless Charge","Shockwave","Inflame","Bash","Dual Wield","Body Slam","Infernal Blade","Perfected Strike","Pommel Strike","Flex","Rupture","Bloodletting","Brutality","Bludgeon","Shockwave","Shockwave","Disarm","Disarm","Pommel Strike","Strike_R","Anger","Spot Weakness","Spot Weakness","Shrug It Off","Hemokinesis","Demon Form","Rage","Reaper","Havoc","Rupture","Shrug It Off","Warcry","Whirlwind","Feel No Pain","Heavy Blade","Perfected Strike","Bloodletting","Limit Break","Bloodletting+1","Clothesline","Double Tap","Mind Blast","Combust","Clash+1","Double Tap","Ghostly Armor","Combust+1","Perfected Strike","Offering","Perfected Strike","Whirlwind","Dramatic Entrance","Master of Strategy","Headbutt","Pommel Strike","Shrug It Off+1","Heavy Blade+1","Warcry+1","Burning Pact+1","Battle Trance+1","Bloodletting+1","Battle Trance+1"],"max_hp_per_floor":[80,80,80,80,80,80,80,80,80,80,80,80,85,85,85,85,85,85,85,85,85,85,85,85,85,85,85,85,85,85,85,85,85,85,85,85,85,85,85,85,85,85,85,85,85,85,85,85,85,85],"relics":["Burning Blood","Pantograph","Kunai","Mark of Pain","Dead Branch","Ancient Tea Set","Pen Nib","Runic Cube","Vajra","Shovel","Toxic Egg 2","Blue Candle","Centennial Puzzle","Bottled Tornado","Toolbox"],"card_choices":[{"not_picked":["Havoc","Armaments"],"picked":"Shrug It Off","floor":1},{"not_picked":["Rampage","Anger"],"picked":"Warcry","floor":5},{"not_picked":["Reaper","True Grit"],"picked":"Whirlwind","floor":6},{"not_picked":["True Grit","Infernal Blade"],"picked":"Feel No Pain","floor":8},{"not_picked":["Second Wind","Anger"],"picked":"Heavy Blade","floor":11},{"not_picked":["Pummel","Anger"],"picked":"Perfected Strike","floor":12},{"not_picked":["Armaments","Anger"],"picked":"Bloodletting","floor":14},{"not_picked":["Reaper","Fiend Fire"],"picked":"Limit Break","floor":16},{"not_picked":["Heavy Blade","Warcry"],"picked":"Bloodletting","floor":18},{"not_picked":["Body Slam","Dual Wield"],"picked":"Clothesline","floor":20},{"not_picked":["Clothesline","Thunderclap"],"picked":"Double Tap","floor":21},{"not_picked":["Whirlwind","Cleave"],"picked":"Combust","floor":24},{"not_picked":["Searing Blow","Havoc"],"picked":"Clash","floor":25},{"not_picked":["Flex","Fire Breathing"],"picked":"Double Tap","floor":27},{"not_picked":["Fire Breathing","Spot Weakness"],"picked":"Ghostly Armor","floor":28},{"not_picked":["Thunderclap","Clash"],"picked":"Combust","floor":29},{"not_picked":["Dropkick","Cleave"],"picked":"Perfected Strike","floor":31},{"not_picked":["Berserk","Demon Form"],"picked":"Offering","floor":33},{"not_picked":["Sentinel","Rupture"],"picked":"Perfected Strike","floor":35},{"not_picked":["Clash","Entrench"],"picked":"Whirlwind","floor":36},{"not_picked":["Madness","Flash of Steel"],"picked":"Dramatic Entrance","floor":38},{"not_picked":["Secret Technique","Finesse"],"picked":"Master of Strategy","floor":38},{"not_picked":["Warcry","Dropkick"],"picked":"Heavy Blade","floor":41},{"not_picked":["Clash","Combust"],"picked":"Warcry","floor":42},{"not_picked":["True Grit","Warcry"],"picked":"Burning Pact","floor":45},{"not_picked":["Hemokinesis","Thunderclap"],"picked":"Battle Trance","floor":46},{"not_picked":["Clothesline","Body Slam"],"picked":"Bloodletting","floor":47},{"not_picked":["True Grit","Clash"],"picked":"Battle Trance","floor":48}],"player_experience":504006,"potions_floor_usage":[11,25,33,46,50],"damage_taken":[{"damage":3,"enemies":"Cultist","floor":1,"turns":2},{"damage":6,"enemies":"Small Slimes","floor":2,"turns":4},{"damage":0,"enemies":"2 Louse","floor":5,"turns":1},{"damage":6,"enemies":"Gremlin Nob","floor":6,"turns":3},{"damage":12,"enemies":"2 Fungi Beasts","floor":8,"turns":3},{"damage":24,"enemies":"Exordium Thugs","floor":11,"turns":4},{"damage":13,"enemies":"Looter","floor":12,"turns":3},{"damage":21,"enemies":"3 Louse","floor":14,"turns":3},{"damage":30,"enemies":"The Guardian","floor":16,"turns":12},{"damage":20,"enemies":"Chosen","floor":18,"turns":5},{"damage":12,"enemies":"Shell Parasite","floor":20,"turns":5},{"damage":27,"enemies":"Snecko","floor":21,"turns":5},{"damage":15,"enemies":"Snake Plant","floor":24,"turns":3},{"damage":12,"enemies":"3 Cultists","floor":25,"turns":4},{"damage":9,"enemies":"Gremlin Leader","floor":27,"turns":6},{"damage":11,"enemies":"Snecko","floor":28,"turns":3},{"damage":15,"enemies":"Centurion and Healer","floor":29,"turns":5},{"damage":3,"enemies":"Snake Plant","floor":31,"turns":3},{"damage":35,"enemies":"Collector","floor":33,"turns":4},{"damage":24,"enemies":"3 Shapes","floor":35,"turns":4},{"damage":1,"enemies":"Orb Walker","floor":36,"turns":4},{"damage":20,"enemies":"Nemesis","floor":41,"turns":5},{"damage":11,"enemies":"3 Darklings","floor":42,"turns":2},{"damage":5,"enemies":"4 Shapes","floor":45,"turns":2},{"damage":2,"enemies":"Sphere and 2 Shapes","floor":46,"turns":3},{"damage":22,"enemies":"3 Darklings","floor":47,"turns":3},{"damage":15,"enemies":"Maw","floor":48,"turns":4},{"damage":74,"enemies":"Time Eater","floor":50,"turns":8}],"event_choices":[{"event_name":"Purifier","player_choice":"One Purge","floor":4,"damage_taken":0},{"event_name":"Big Fish","player_choice":"Donut","floor":13,"damage_taken":0},{"event_name":"Beggar","player_choice":"Gave Gold","floor":19,"damage_taken":0},{"event_name":"Tomb of Lord Red Mask","player_choice":"Ignored","floor":37,"damage_taken":0},{"event_name":"SensoryStone","player_choice":"Memory 2","floor":38,"damage_taken":0}],"boss_relics":[{"not_picked":["White Beast Statue","Tiny House"],"picked":"Mark of Pain"},{"not_picked":["Black Blood","Pandora\u0027s Box"],"picked":"Runic Cube"}],"potions_floor_spawned":[6,16,24,25,29,31,36,45,46],"seed_played":"-5591819847720032875","ascension_level":0,"is_trial":false}