{"gold_per_floor":[118,118,132,132,145,175,175,201,201,213,229,229,242,259,259,359,359,369,369,147,162,178,178,203,203,203,48,64,64,80,80,80,184,184,196,196,96,115,129,163,17,17,70,80,80,40,40,54,54,54],"floor_reached":50,"playtime":3548,"items_purged":["Rupture","Decay"],"score":781,"play_id":"81506665-d780-46df-8208-7a30b69dc573","local_time":"20190827232911","is_ascension_mode":true,"campfire_choices":[{"floor":7,"key":"REST"},{"data":"Body Slam","floor":12,"key":"SMITH"},{"floor":15,"key":"REST"},{"floor":23,"key":"REST"},{"floor":25,"key":"REST"},{"data":"Limit Break","floor":29,"key":"SMITH"},{"floor":32,"key":"REST"},{"floor":42,"key":"REST"},{"floor":45,"key":"REST"},{"floor":49,"key":"REST"}],"neow_cost":"NONE","seed_source_timestamp":1082766825996600,"circlet_count":0,"master_deck":["AscendersBane","Bash","Battle Trance","Twin Strike","Body Slam+1","Infernal Blade","Thunderclap","Inflame","Ghostly Armor","Limit Break+1","Armaments","Inflame","Hemokinesis","Battle Trance","Pommel Strike","Rage","Offering","Power Through","Second Wind+1","Shrug It Off","Flex","Metallicize","Heavy Blade+1","Shrug It Off+1","Flex","Warcry+1","Pummel","Heavy Blade+1","Barricade","Evolve+1","Offering","Parasite"],"relics":["Burning Blood","Orichalcum","Magic Flower","Juzu Bracelet","Blue Candle","Pandora\u0027s Box","Shovel","Darkstone Periapt","Anchor","Sozu","Vajra","Happy Flower","Art of War","Potion Belt"],"potions_floor_usage":[6,6,16,24,24,30,33],"damage_taken":[{"damage":1,"enemies":"Cultist","floor":1,"turns":3},{"damage":7,"enemies":"Small Slimes","floor":3,"turns":3},{"damage":13,"enemies":"Jaw Worm","floor":5,"turns":4},{"damage":16,"enemies":"3 Sentries","floor":6,"turns":8},{"damage":36,"enemies":"Lagavulin","floor":8,"turns":8},{"damage":5,"enemies":"3 Louse","floor":10,"turns":4},{"damage":8,"enemies":"Red Slaver","floor":11,"turns":2},{"damage":11,"enemies":"Gremlin Gang","floor":13,"turns":4},{"damage":16,"enemies":"Exordium Thugs","floor":14,"turns":4},{"damage":75,"enemies":"Hexaghost","floor":16,"turns":12},{"damage":6,"enemies":"Spheric Guardian","floor":18,"turns":3},{"damage":17,"enemies":"3 Byrds","floor":21,"turns":5},{"damage":26,"enemies":"Snake Plant","floor":22,"turns":3},{"damage":26,"enemies":"Gremlin Leader","floor":24,"turns":5},{"damage":12,"enemies":"Shelled Parasite and Fungi","floor":28,"turns":6},{"damage":24,"enemies":"Cultist and Chosen","floor":30,"turns":6},{"damage":39,"enemies":"Champ","floor":33,"turns":7},{"damage":19,"enemies":"3 Darklings","floor":35,"turns":4},{"damage":11,"enemies":"Orb Walker","floor":38,"turns":4},{"damage":24,"enemies":"Transient","floor":39,"turns":5},{"damage":41,"enemies":"Nemesis","floor":40,"turns":7},{"damage":19,"enemies":"Writhing Mass","floor":44,"turns":6},{"damage":45,"enemies":"Spire Growth","floor":48,"turns":4},{"damage":75,"enemies":"Awakened One","floor":50,"turns":6}],"seed_played":"-1381007500280362682","potions_obtained":[{"floor":1,"key":"Poison Potion"},{"floor":5,"key":"BloodPotion"},{"floor":8,"key":"Weak Potion"},{"floor":16,"key":"Weak Potion"},{"floor":18,"key":"Poison Potion"},{"floor":21,"key":"Ancient Potion"},{"floor":24,"key":"SkillPotion"}],"is_trial":false,"path_per_floor":["M","?","M","?","M","E","R","E","T","M","M","R","M","M","R","B",null,"M","?","$","M","M","R","E","R","T","$","M","R","M","?","R","B",null,"M","?","$","M","M","E","$","R","T","M","R","?","T","M","R","B"],"character_chosen":"IRONCLAD","items_purchased":["Flex","Metallicize","Heavy Blade","Anchor","Happy Flower"],"campfire_rested":8,"item_purchase_floors":[20,20,20,27,41],"current_hp_per_floor":[77,82,81,56,49,60,85,58,58,62,63,63,61,54,79,13,67,70,70,70,62,45,70,53,78,78,78,75,75,60,60,85,55,78,68,74,74,72,57,25,25,52,52,51,80,80,80,44,73,0],"gold":54,"neow_bonus":"THREE_CARDS","is_prod":false,"is_daily":false,"chose_seed":false,"campfire_upgraded":2,"win_rate":0,"timestamp":1566916151,"path_taken":["M","?","M","?","M","E","R","E","T","M","M","R","M","M","R","BOSS","M","?","$","M","M","R","E","R","T","$","M","R","M","?","R","BOSS","M","?","$","M","M","E","$","R","T","M","R","?","?","M","R","BOSS"],"build_version":"2019-07-17","purchased_purges":2,"victory":false,"max_hp_per_floor":[80,85,85,85,85,85,85,85,85,85,85,85,85,85,85,85,85,85,85,85,85,85,85,85,85,85,85,85,85,85,85,85,85,85,85,91,91,91,91,91,91,91,91,97,97,97,97,97,97,97],"card_choices":[{"not_picked":["Entrench","Intimidate"],"picked":"Battle Trance","floor":0},{"not_picked":["Corruption","Seeing Red"],"picked":"Twin Strike","floor":1},{"not_picked":["Intimidate","Sword Boomerang"],"picked":"Body Slam","floor":3},{"not_picked":["Sword Boomerang","Metallicize"],"picked":"Infernal Blade","floor":5},{"not_picked":["Demon Form","Cleave"],"picked":"Thunderclap","floor":6},{"not_picked":["Corruption","Armaments","Clash"],"picked":"SKIP","floor":8},{"not_picked":["Wild Strike","Sword Boomerang"],"picked":"Inflame","floor":10},{"not_picked":["Exhume","Iron Wave","Armaments"],"picked":"SKIP","floor":11},{"not_picked":["Sword Boomerang","Feel No Pain"],"picked":"Ghostly Armor","floor":13},{"not_picked":["Thunderclap","Wild Strike","Inflame"],"picked":"SKIP","floor":14},{"not_picked":["Reaper","Berserk"],"picked":"Limit Break","floor":16},{"not_picked":["Power Through","Fire Breathing"],"picked":"Second Wind+1","floor":18},{"not_picked":["Anger+1","Battle Trance"],"picked":"Shrug It Off+1","floor":21},{"not_picked":["Armaments","Perfected Strike"],"picked":"Flex","floor":22},{"not_picked":["Havoc","Battle Trance"],"picked":"Warcry+1","floor":24},{"not_picked":["Brutality","Rage+1"],"picked":"Pummel","floor":28},{"not_picked":["Flex","Shrug It Off"],"picked":"Heavy Blade","floor":30},{"not_picked":["Reaper","Double Tap"],"picked":"Barricade","floor":33},{"not_picked":["Clash","Sword Boomerang","Sentinel"],"picked":"SKIP","floor":35},{"not_picked":["Headbutt+1","Armaments","Thunderclap"],"picked":"SKIP","floor":38},{"not_picked":["Heavy Blade","Iron Wave"],"picked":"Evolve+1","floor":39},{"not_picked":["Heavy Blade+1","Wild Strike+1"],"picked":"Offering","floor":40},{"not_picked":["Thunderclap","Hemokinesis+1","Flex+1"],"picked":"SKIP","floor":44},{"not_picked":["Havoc+1","Wild Strike+1","Pommel Strike+1"],"picked":"SKIP","floor":48}],"player_experience":227318,"relics_obtained":[{"floor":6,"key":"Magic Flower"},{"floor":8,"key":"Juzu Bracelet"},{"floor":9,"key":"Blue Candle"},{"floor":24,"key":"Shovel"},{"floor":26,"key":"Darkstone Periapt"},{"floor":40,"key":"Vajra"},{"floor":43,"key":"Art of War"},{"floor":47,"key":"Potion Belt"}],"event_choices":[{"damage_healed":0,"gold_gain":0,"player_choice":"Donut","damage_taken":0,"max_hp_gain":5,"max_hp_loss":0,"event_name":"Big Fish","floor":2,"gold_loss":0},{"damage_healed":0,"gold_gain":0,"player_choice":"Success","damage_taken":25,"relics_obtained":["Orichalcum"],"max_hp_gain":0,"max_hp_loss":0,"event_name":"Scrap Ooze","floor":4,"gold_loss":0},{"damage_healed":0,"gold_gain":0,"player_choice":"Read","damage_taken":0,"max_hp_gain":0,"max_hp_loss":0,"event_name":"The Library","floor":19,"gold_loss":0,"cards_obtained":["Shrug It Off"]},{"damage_healed":0,"gold_gain":0,"player_choice":"Forge","damage_taken":0,"max_hp_gain":0,"max_hp_loss":0,"event_name":"Accursed Blacksmith","floor":31,"gold_loss":0,"cards_upgraded":["Heavy Blade"]},{"damage_healed":0,"gold_gain":0,"player_choice":"Cursed","damage_taken":0,"max_hp_gain":0,"max_hp_loss":0,"event_name":"Wheel of Change","floor":36,"gold_loss":0,"cards_obtained":["Decay"]},{"damage_healed":0,"gold_gain":0,"player_choice":"Upgrade","damage_taken":0,"max_hp_gain":0,"max_hp_loss":0,"event_name":"Designer","floor":46,"gold_loss":40,"cards_upgraded":["Heavy Blade"]}],"is_beta":false,"boss_relics":[{"not_picked":["Tiny House","Calling Bell"],"picked":"Pandora\u0027s Box"},{"not_picked":["Black Star","Snecko Eye"],"picked":"Sozu"}],"items_purged_floors":[20,37],"is_endless":false,"potions_floor_spawned":[1,5,8,16,18,21,24,38,39,40],"killed_by":"Awakened One","ascension_level":10}