{"path_per_floor":["M","?","M","M","?","R","M","R","T","M","E","M","R","$","R","B",null,"M","M","?","?","?","R","M","E","T","M"],"character_chosen":"THE_SILENT","items_purchased":["Apotheosis"],"gold_per_floor":[117,117,129,147,147,147,159,159,211,222,279,290,290,18,18,123,123,135,148,148,148,63,63,81,108,108,118,118],"floor_reached":28,"campfire_rested":3,"playtime":7438,"current_hp_per_floor":[63,49,49,49,49,49,43,64,64,60,47,41,41,41,62,49,65,53,48,48,48,48,69,46,19,19,19,0],"items_purged":["Strike_G"],"gold":118,"score":348,"play_id":"972428fb-66e0-4530-911e-f0bc32e8d590","local_time":"20180415024409","is_prod":false,"is_daily":false,"chose_seed":false,"is_ascension_mode":true,"campfire_upgraded":2,"timestamp":1523727849,"path_taken":["M","?","?","M","?","R","M","R","T","?","E","M","R","?","R","BOSS","M","M","?","?","?","R","?","E","T","M","?"],"build_version":"2018-04-12","seed_source_timestamp":225112338853517,"purchased_purges":1,"victory":false,"master_deck":["Defend_G","Defend_G","Defend_G","Defend_G+1","Defend_G+1","Strike_G","Strike_G+1","Strike_G","Survivor+1","Neutralize","Slice+1","Finisher","Underhanded Strike","Backflip","Well Laid Plans","Prepared","Slice+1","Apotheosis","Unload","All Out Attack","Infinite Blades","Acrobatics","Eviscerate","Acrobatics"],"max_hp_per_floor":[70,70,70,70,70,70,70,70,70,70,70,70,70,70,70,70,70,70,70,70,70,70,70,70,70,70,70,70],"relics":["Ring of the Snake","NeowsBlessing","War Paint","Tiny Chest","Philosopher\u0027s Stone","Bag of Marbles","Du-Vu Doll","Dodecahedron"],"card_choices":[{"not_picked":["Flying Knee","Caltrops"],"picked":"Slice","floor":1},{"not_picked":["Dodge and Roll","Corpse Explosion"],"picked":"Finisher","floor":3},{"not_picked":["Outmaneuver","Dagger Throw"],"picked":"Underhanded Strike","floor":4},{"not_picked":["Prepared","Sucker Punch"],"picked":"Backflip","floor":7},{"not_picked":["Slice","Choke"],"picked":"Well Laid Plans","floor":10},{"not_picked":["Deflect","Quick Slash"],"picked":"Prepared","floor":11},{"not_picked":["Distraction","Deflect"],"picked":"Slice","floor":12},{"not_picked":["Doppelganger","Envenom"],"picked":"Unload","floor":16},{"not_picked":["Cloak And Dagger","Prepared"],"picked":"All Out Attack","floor":18},{"not_picked":["Noxious Fumes","Riddle With Holes"],"picked":"Infinite Blades","floor":19},{"not_picked":["Heel Hook","Dagger Throw"],"picked":"Acrobatics","floor":24},{"not_picked":["Acrobatics","Accuracy"],"picked":"Eviscerate","floor":25},{"not_picked":["Choke","Dagger Spray"],"picked":"Acrobatics","floor":27}],"player_experience":407446,"potions_floor_usage":[11,11,18,19,24,25,27],"damage_taken":[{"damage":0,"enemies":"2 Louse","floor":1,"turns":1},{"damage":0,"enemies":"Jaw Worm","floor":3,"turns":1},{"damage":0,"enemies":"Cultist","floor":4,"turns":1},{"damage":6,"enemies":"Exordium Wildlife","floor":7,"turns":4},{"damage":4,"enemies":"Lots of Slimes","floor":10,"turns":4},{"damage":13,"enemies":"Gremlin Nob","floor":11,"turns":5},{"damage":6,"enemies":"Looter","floor":12,"turns":2},{"damage":13,"enemies":"Slime Boss","floor":16,"turns":9},{"damage":12,"enemies":"2 Thieves","floor":18,"turns":4},{"damage":5,"enemies":"Shell Parasite","floor":19,"turns":4},{"damage":23,"enemies":"Sentry and Sphere","floor":24,"turns":4},{"damage":27,"enemies":"Book of Stabbing","floor":25,"turns":6},{"damage":15,"enemies":"Slaver and Parasite","floor":27,"turns":6},{"damage":29,"enemies":"Chosen and Byrds","floor":28,"turns":5}],"event_choices":[{"event_name":"Shining Light","player_choice":"Entered Light","floor":2,"damage_taken":0},{"event_name":"Bonfire Elementals","player_choice":"BASIC","floor":5,"damage_taken":0},{"event_name":"Ghosts","player_choice":"Ignored","floor":20,"damage_taken":0},{"event_name":"Drug Dealer","player_choice":"Ignored","floor":21,"damage_taken":0},{"event_name":"Addict","player_choice":"Obtained Relic","floor":22,"damage_taken":0}],"boss_relics":[{"not_picked":["White Beast Statue","Snecko Eye"],"picked":"Philosopher\u0027s Stone"}],"potions_floor_spawned":[3,7,10,12,16,19,25],"seed_played":"-3372301420477531261","killed_by":"Chosen and Byrds","ascension_level":9,"is_trial":false}