{"gold_per_floor":[19,36,51,70,245,308,319,319,319,319,330,330,343,375,375,473,473,490,490,405,315,34,34,66,81,81,100,199,199,213,21,21,123,123,133,153,199,7,7,7,35,35,35,35,35,52,52,52,52,52],"floor_reached":51,"playtime":5590,"items_purged":["Doubt"],"score":743,"play_id":"9c26fe31-a749-46c1-a81a-931c2eef1d0b","local_time":"20181114215257","is_ascension_mode":true,"campfire_choices":[{"data":"Echo Form","floor":8.0,"key":"SMITH"},{"data":"Conserve Battery","floor":15.0,"key":"SMITH"},{"data":"Machine Learning","floor":23.0,"key":"SMITH"},{"floor":29.0,"key":"REST"},{"floor":32.0,"key":"REST"},{"floor":40,"key":"REST"},{"data":"Fission","floor":42,"key":"SMITH"},{"data":"Ball Lightning","floor":44,"key":"SMITH"},{"data":"Core Surge","floor":47,"key":"SMITH"},{"floor":49,"key":"REST"}],"neow_cost":"NO_GOLD","seed_source_timestamp":0,"circlet_count":0,"master_deck":["Strike_B+1","Strike_B","Defend_B","Defend_B","Zap","Dualcast","Echo Form+1","FTL","Stack","Ball Lightning+1","Coolheaded","Conserve Battery+1","Glacier+1","Undo","Machine Learning+1","Seek","Reinforced Body+1","Fission+1","Go for the Eyes+1","Cold Snap+1","BootSequence","Capacitor","Core Surge+1","Loop","Fission+1","Defragment","Barrage+1","Chill","Capacitor","Sunder+1","Parasite","Regret"],"special_seed":0,"relics":["Cracked Core","Tiny Chest","Bronze Scales","Boot","Astrolabe","Singing Bowl","Membership Card","Blood Vial","Emotion Chip","Gremlin Horn","Pantograph","Cursed Key","Calipers","Cables","Pear","Prayer Wheel","Matryoshka"],"potions_floor_usage":[36,50,50],"damage_taken":[{"damage":1.0,"enemies":"Cultist","floor":1.0,"turns":4.0},{"damage":4.0,"enemies":"Jaw Worm","floor":2.0,"turns":4.0},{"damage":4.0,"enemies":"Small Slimes","floor":3.0,"turns":3.0},{"damage":13.0,"enemies":"Exordium Wildlife","floor":4.0,"turns":4.0},{"damage":12.0,"enemies":"Lagavulin","floor":6.0,"turns":8.0},{"damage":13.0,"enemies":"3 Louse","floor":7.0,"turns":5.0},{"damage":11.0,"enemies":"Lots of Slimes","floor":11.0,"turns":4.0},{"damage":6.0,"enemies":"2 Fungi Beasts","floor":13.0,"turns":3.0},{"damage":22.0,"enemies":"Gremlin Nob","floor":14.0,"turns":4.0},{"damage":11.0,"enemies":"Hexaghost","floor":16.0,"turns":8.0},{"damage":18.0,"enemies":"Spheric Guardian","floor":18.0,"turns":4.0},{"damage":50.0,"enemies":"Slavers","floor":24.0,"turns":7.0},{"damage":0.0,"enemies":"Chosen","floor":25.0,"turns":5.0},{"damage":11.0,"enemies":"Centurion and Healer","floor":27.0,"turns":9.0},{"damage":9.0,"enemies":"3 Cultists","floor":30.0,"turns":6.0},{"damage":13.0,"enemies":"Champ","floor":33.0,"turns":13.0},{"damage":24.0,"enemies":"3 Darklings","floor":35.0,"turns":6.0},{"damage":1,"enemies":"3 Shapes","floor":36,"turns":6},{"damage":43,"enemies":"2 Orb Walkers","floor":37,"turns":7},{"damage":29,"enemies":"Nemesis","floor":41,"turns":7},{"damage":0,"enemies":"Spire Growth","floor":46,"turns":5},{"damage":61,"enemies":"Donu and Deca","floor":50,"turns":9}],"seed_played":"-7668715208675601619","potions_obtained":[{"floor":1.0,"key":"Regen Potion"},{"floor":2.0,"key":"Fire Potion"},{"floor":6.0,"key":"Regen Potion"},{"floor":14.0,"key":"FocusPotion"},{"floor":30.0,"key":"Energy Potion"},{"floor":33.0,"key":"Regen Potion"},{"floor":41,"key":"PowerPotion"},{"floor":46,"key":"Energy Potion"}],"is_trial":false,"path_per_floor":["M","M","M","M","?","E","M","R","T","?","M","?","M","E","R","B",null,"M","?","?","?","$","R","E","M","T","M","?","R","M","$","R","B",null,"M","M","M","?","$","?","R","E","R","T","R","?","M","R","T","R","B",null],"character_chosen":"DEFECT","items_purchased":["Membership Card","Blood Vial","Pantograph","Loop","Cables","Chill","Capacitor"],"campfire_rested":4,"item_purchase_floors":[22,22,31,31,38,38,38],"current_hp_per_floor":[74,70,66,53,53,41,28,28,28,53,56,56,59,37,37,26,75,57,57,57,57,57,57,11,13,13,4,4,27,20,20,43,57,77,53,71,30,30,32,56,39,39,39,39,39,45,45,45,73,34],"gold":52,"neow_bonus":"THREE_RARE_CARDS","is_prod":false,"is_daily":false,"chose_seed":false,"campfire_upgraded":6,"win_rate":0,"timestamp":1542261177,"path_taken":["M","M","M","?","?","E","M","R","T","?","M","?","?","E","R","BOSS","M","?","?","?","$","R","E","?","T","M","?","R","M","$","R","BOSS","M","M","?","$","?","R","E","R","T","R","?","M","R","?","R","BOSS"],"build_version":"2018-11-08","purchased_purges":1,"victory":true,"max_hp_per_floor":[75,75,75,75,75,75,75,75,75,75,75,75,75,75,75,75,75,75,75,75,75,75,75,77,77,77,77,77,77,77,77,77,77,77,77,79,79,79,81,81,91,91,91,91,91,95,95,95,95,95],"card_choices":[{"not_picked":["Creative AI","Fission"],"picked":"Echo Form","floor":0.0},{"not_picked":["Genetic Algorithm","Beam Cell"],"picked":"FTL","floor":1.0},{"not_picked":["Gash","Beam Cell"],"picked":"Stack","floor":2.0},{"not_picked":["Streamline","Compile Driver"],"picked":"Ball Lightning","floor":3.0},{"not_picked":["Ball Lightning","Stack"],"picked":"Coolheaded","floor":4.0},{"not_picked":["Beam Cell","Turbo"],"picked":"Conserve Battery","floor":6.0},{"not_picked":["Capacitor","All For One"],"picked":"Glacier","floor":7.0},{"not_picked":["Scrape","Gash"],"picked":"Stack","floor":11.0},{"not_picked":["Barrage","Leap"],"picked":"Undo","floor":13.0},{"not_picked":["Barrage","FTL"],"picked":"Machine Learning","floor":14.0},{"not_picked":["Echo Form","Creative AI"],"picked":"Seek","floor":16.0},{"not_picked":["Darkness","Steam"],"picked":"Cold Snap+1","floor":18.0},{"not_picked":["Cold Snap+1","Steam","Leap"],"picked":"Singing Bowl","floor":24.0},{"not_picked":["Hologram+1","Streamline"],"picked":"BootSequence","floor":25.0},{"not_picked":["Conserve Battery","Stack"],"picked":"Capacitor","floor":27.0},{"not_picked":["Compile Driver","Lockon+1"],"picked":"Core Surge","floor":30.0},{"not_picked":["Seek","Thunder Strike"],"picked":"Fission","floor":33.0},{"not_picked":["Fusion+1","Turbo"],"picked":"Defragment","floor":35},{"not_picked":["Ball Lightning","Streamline","Rebound+1"],"picked":"Singing Bowl","floor":36},{"not_picked":["Turbo","Fusion"],"picked":"Barrage+1","floor":37},{"not_picked":["Dramatic Entrance","Dark Shackles","Impatience"],"picked":"Singing Bowl","floor":39},{"not_picked":["Genetic Algorithm","BootSequence+1"],"picked":"Sunder+1","floor":41},{"not_picked":["Gash","Cold Snap","Steam Power+1"],"picked":"Singing Bowl","floor":46},{"not_picked":["Beam Cell","Conserve Battery","Cold Snap"],"picked":"Singing Bowl","floor":46}],"player_experience":265416,"relics_obtained":[{"floor":6.0,"key":"Tiny Chest"},{"floor":9.0,"key":"Bronze Scales"},{"floor":14.0,"key":"Boot"},{"floor":24.0,"key":"Emotion Chip"},{"floor":26.0,"key":"Gremlin Horn"},{"floor":37,"key":"Calipers"},{"floor":41,"key":"Pear"},{"floor":43,"key":"Prayer Wheel"},{"floor":48,"key":"Matryoshka"}],"event_choices":[{"damage_healed":0.0,"max_hp_gain":0.0,"max_hp_loss":0.0,"gold_gain":175.0,"event_name":"Liars Game","player_choice":"AGREE","floor":5.0,"gold_loss":0.0,"damage_taken":0.0,"cards_obtained":["Doubt"]},{"damage_healed":25.0,"max_hp_gain":0.0,"max_hp_loss":0.0,"gold_gain":0.0,"event_name":"Big Fish","player_choice":"Banana","floor":10.0,"gold_loss":0.0,"damage_taken":0.0},{"damage_healed":0.0,"max_hp_gain":0.0,"max_hp_loss":0.0,"gold_gain":0.0,"event_name":"Accursed Blacksmith","player_choice":"Forge","floor":12.0,"gold_loss":0.0,"damage_taken":0.0,"cards_upgraded":["Glacier"]},{"damage_healed":0.0,"max_hp_gain":0.0,"max_hp_loss":0.0,"gold_gain":0.0,"event_name":"Ghosts","player_choice":"Ignored","floor":19.0,"gold_loss":0.0,"damage_taken":0.0},{"damage_healed":0.0,"max_hp_gain":0.0,"max_hp_loss":0.0,"gold_gain":0.0,"event_name":"Addict","player_choice":"Obtained Relic","floor":20.0,"gold_loss":85.0,"damage_taken":0.0,"relics_obtained":["Singing Bowl"]},{"cards_removed":["Defend_B"],"damage_healed":0.0,"max_hp_gain":0.0,"max_hp_loss":0.0,"gold_gain":0.0,"event_name":"Designer","player_choice":"Upgrade and Remove","floor":21.0,"gold_loss":90.0,"damage_taken":0.0,"cards_upgraded":["Strike_B"]},{"damage_healed":0.0,"max_hp_gain":0.0,"max_hp_loss":0.0,"gold_gain":99.0,"event_name":"Nest","player_choice":"Stole From Cult","floor":28.0,"gold_loss":0.0,"damage_taken":0.0},{"damage_healed":0,"gold_gain":0,"player_choice":"Fight","damage_taken":0,"max_hp_gain":0,"max_hp_loss":0,"event_name":"Mysterious Sphere","floor":37,"gold_loss":0},{"damage_healed":0,"gold_gain":0,"player_choice":"Memory 1","damage_taken":0,"max_hp_gain":0,"max_hp_loss":0,"event_name":"SensoryStone","floor":39,"gold_loss":0},{"cards_removed":["Stack"],"damage_healed":0,"gold_gain":0,"player_choice":"Removed Skill","damage_taken":0,"max_hp_gain":0,"max_hp_loss":0,"event_name":"Falling","floor":45,"gold_loss":0}],"is_beta":false,"boss_relics":[{"not_picked":["Tiny House","Orrery"],"picked":"Astrolabe"},{"not_picked":["Eternal Feather","Snecko Eye"],"picked":"Cursed Key"}],"items_purged_floors":[31],"is_endless":false,"potions_floor_spawned":[1,2,6,14,30,33,41,46],"ascension_level":2}