{"path_per_floor":["M","M","M","M","M","E","M","R","T","$","M","?","E","?","R","B",null,"M","?","?","M","$","R","E","M","T","R","M","R","$","E","R","B",null,"M","?","M","$","?","E","M","M","T","E","?","?","E","M","R","B"],"character_chosen":"DEFECT","items_purchased":["Bottled Flame","Whetstone","Vajra","Lee\u0027s Waffle","Regal Pillow","Toxic Egg 2","Panache","Pen Nib","Molten Egg 2","War Paint","Apotheosis","Meat on the Bone","Mercury Hourglass"],"gold_per_floor":[391,671,879,1120,1409,2135,2349,2349,2349,1717,1994,1994,2426,2526,2526,4064,4064,4254,4179,4179,4370,3477,3477,3818,4036,4036,4036,4214,4214,3535,3930,3930,5360,5360,5630,5630,5887,5023,5073,5440,5711,5886,5933,6455,6455,6455,6830,7106,7106,7106],"floor_reached":51,"campfire_rested":0,"playtime":2993,"current_hp_per_floor":[75,74,73,68,68,64,71,71,81,81,80,80,81,81,81,25,92,92,92,76,78,99,99,99,99,99,99,99,99,99,99,99,99,99,99,99,99,99,99,99,99,99,113,113,113,119,119,119,119,119],"items_purged":["Dualcast","Defend_B","Defend_B","Strike_B"],"gold":7106,"score":1262,"play_id":"6668bdb0-c487-4adc-a797-0ecd46d548d7","local_time":"20180507183915","is_prod":false,"is_daily":false,"chose_seed":false,"is_ascension_mode":false,"campfire_upgraded":7,"timestamp":1525689555,"path_taken":["M","M","M","M","M","E","M","R","T","$","M","?","E","?","R","BOSS","BOSS","M","?","?","?","$","R","E","M","T","R","M","R","$","E","R","BOSS","M","?","M","$","?","E","M","M","T","E","?","?","E","M","R","BOSS"],"build_version":"2018-05-03","seed_source_timestamp":15755218871285,"purchased_purges":4,"victory":true,"master_deck":["Strike_B+1","Strike_B+1","Defend_B+1","Zap","Turbo+1","Skim+1","Skim+1","Tempest+1","Turbo+1","Skim","Double Energy+1","Double Energy+1","Thunder Strike+1","Double Energy","Skim+1","Turbo+1","Panache","Double Energy+1","Double Energy+1","Skim+1","Turbo+1","Turbo+1","Skim+1","Storm+1","Turbo+1","Apotheosis+1","Writhe"],"max_hp_per_floor":[75,75,75,75,75,75,82,82,92,92,92,92,92,92,92,92,92,92,92,92,92,99,99,99,99,99,99,99,99,99,99,99,99,99,99,99,99,99,99,99,99,99,113,113,113,119,119,119,119,119],"relics":["Cracked Core","Kunai","Centennial Puzzle","Question Card","Ancient Tea Set","Anchor","Old Coin","Torii","Strawberry","Pear","Bottled Flame","Whetstone","Vajra","Blood Vial","Cables","Darkstone Periapt","Bottled Lightning","Mummified Hand","Shuriken","Black Star","Turnip","Enchiridion","Juzu Bracelet","Lee\u0027s Waffle","Regal Pillow","Toxic Egg 2","Pantograph","Bottled Tornado","Dodecahedron","Matryoshka","Dream Catcher","Ornamental Fan","Bag of Marbles","Pen Nib","Molten Egg 2","War Paint","Lantern","Happy Flower","Bag of Preparation","Orichalcum","Bronze Scales","Oddly Smooth Stone","Nuclear Battery","Frozen Egg 2","Ginger","Meat on the Bone","Mercury Hourglass","Girya","Gambling Chip","Bird Faced Urn","Calipers","Letter Opener","Gremlin Horn","Ice Cream","Mango","Unceasing Top","Thread and Needle","Sundial","Circlet","Circlet","Circlet","Circlet"],"card_choices":[{"not_picked":["Sweeping Beam","Rebound"],"picked":"Turbo","floor":1.0},{"not_picked":["Turbo","Reprogram"],"picked":"Skim","floor":1.0},{"not_picked":["Stack","Force Field"],"picked":"Skim","floor":2.0},{"not_picked":["Sweeping Beam","Skim","Lockon"],"picked":"Tempest","floor":4.0},{"not_picked":["Beam Cell","Barrage","Blizzard"],"picked":"Turbo","floor":5.0},{"not_picked":["Go for the Eyes","Barrage","Axe Kick"],"picked":"Skim","floor":5.0},{"not_picked":["Nova","Buffer","Cold Snap"],"picked":"Skim","floor":5.0},{"not_picked":["Beam Cell","Skim","Sweeping Beam"],"picked":"Double Energy","floor":11.0},{"not_picked":["Reprogram","Sweeping Beam","Barrage"],"picked":"Double Energy","floor":13.0},{"not_picked":["Undo","Rainbow","Skim"],"picked":"Thunder Strike","floor":13.0},{"not_picked":["Capacitor","Seek","Beam Cell"],"picked":"Double Energy","floor":18},{"not_picked":["Steam Power","Hologram","Force Field"],"picked":"Defragment","floor":21},{"not_picked":["Steam Power","Streamline","Genetic Algorithm"],"picked":"Skim","floor":21},{"not_picked":["Coolheaded","Defragment","Streamline"],"picked":"Turbo","floor":21},{"not_picked":["Stack","Impulse","Coolheaded"],"picked":"Double Energy","floor":24},{"not_picked":["Axe Kick","Stack","Chaos"],"picked":"Double Energy","floor":24},{"not_picked":["Capacitor","Beam Cell","Axe Kick"],"picked":"Skim","floor":25},{"not_picked":["Go for the Eyes","Prime","Rebound"],"picked":"Turbo","floor":28},{"not_picked":["Cold Snap","Self Repair","Reinforced Body"],"picked":"Turbo","floor":28},{"not_picked":["Static Discharge","Nova","Leap"],"picked":"Skim","floor":31},{"not_picked":["Chaos","Beam Cell","Undo"],"picked":"Storm","floor":31},{"not_picked":["Auto Shields","Rip and Tear","Undo"],"picked":"Turbo","floor":31}],"player_experience":23881,"potions_floor_usage":[33,40,40,44],"damage_taken":[{"damage":0.0,"enemies":"2 Louse","floor":1.0,"turns":2.0},{"damage":1.0,"enemies":"Cultist","floor":2.0,"turns":4.0},{"damage":1.0,"enemies":"Jaw Worm","floor":3.0,"turns":4.0},{"damage":5.0,"enemies":"Looter","floor":4.0,"turns":3.0},{"damage":0.0,"enemies":"Blue Slaver","floor":5.0,"turns":3.0},{"damage":10.0,"enemies":"Gremlin Nob","floor":6.0,"turns":4.0},{"damage":0.0,"enemies":"Large Slime","floor":7.0,"turns":4.0},{"damage":1.0,"enemies":"Exordium Thugs","floor":11.0,"turns":3.0},{"damage":1.0,"enemies":"3 Sentries","floor":13.0,"turns":3.0},{"damage":58.0,"enemies":"Hexaghost","floor":16.0,"turns":8.0},{"damage":0,"enemies":"Shell Parasite","floor":18,"turns":1},{"damage":0,"enemies":"Chosen","floor":21,"turns":2},{"damage":0,"enemies":"Slavers","floor":24,"turns":1},{"damage":0,"enemies":"Snecko","floor":25,"turns":2},{"damage":0,"enemies":"Snake Plant","floor":28,"turns":1},{"damage":0,"enemies":"Gremlin Leader","floor":31,"turns":1},{"damage":0,"enemies":"Champ","floor":33,"turns":2},{"damage":0,"enemies":"Flame Bruiser 1 Orb","floor":35,"turns":1},{"damage":0,"enemies":"Orb Walker","floor":37,"turns":1},{"damage":0,"enemies":"…Ò√ÿ‘≤«Ú","floor":39,"turns":1},{"damage":0,"enemies":"Nemesis","floor":40,"turns":2},{"damage":0,"enemies":"Flame Bruiser 2 Orb","floor":41,"turns":1},{"damage":0,"enemies":"Maw","floor":42,"turns":1},{"damage":0,"enemies":"Giant Head","floor":44,"turns":2},{"damage":0,"enemies":"Nemesis","floor":47,"turns":1},{"damage":0,"enemies":"3 Darklings","floor":48,"turns":1},{"damage":0,"enemies":"Time Eater","floor":50,"turns":1}],"event_choices":[{"event_name":"The Woman in Blue","player_choice":"Bought 0 Potions","floor":12.0,"damage_taken":0.0},{"event_name":"Golden Shrine","player_choice":"Pray","floor":14.0,"damage_taken":0.0},{"event_name":"Beggar","player_choice":"Gave Gold","floor":19,"damage_taken":0},{"event_name":"Cursed Tome","player_choice":"Obtained Book","floor":20,"damage_taken":0},{"event_name":"Mysterious Sphere","player_choice":"Fight","floor":39,"damage_taken":0},{"event_name":"Bonfire Elementals","player_choice":"COMMON","floor":45,"damage_taken":0},{"event_name":"Winding Halls","player_choice":"Writhe","floor":46,"damage_taken":0}],"boss_relics":[{"not_picked":["Tiny House","Calling Bell"],"picked":"Black Star"},{"not_picked":["Snecko Eye","Philosopher\u0027s Stone"],"picked":"Nuclear Battery"}],"potions_floor_spawned":[1,2,2,3,3,4,4,5,5,5,6,6,6,7,11,13,13,13,16,16,18,18,21,21,24,24,25,25,28,31,31,33,33,35,35,37,37,39,40,40,41,41,42,42,42,44,44,48,48,48],"seed_played":"-8840474740403266055","ascension_level":0,"is_trial":false}