{"gold_per_floor":[113,113,113,136,147,147,97,97,122,122,122,47,66,104,104,230,230,253,268,286,311,311],"floor_reached":22,"playtime":854,"items_purged":["Strike_B"],"score":193,"play_id":"16b5d181-fe62-4169-9bec-7d4ae63a4d67","local_time":"20190825121301","is_ascension_mode":true,"campfire_choices":[{"floor":6,"key":"RECALL"},{"floor":8,"key":"REST"},{"data":"Zap","floor":10,"key":"SMITH"},{"data":"Sunder","floor":15,"key":"SMITH"}],"neow_cost":"NONE","seed_source_timestamp":746968990388700,"circlet_count":0,"master_deck":["Defend_B+1","Defend_B+1","Zap+1","Dualcast","Static Discharge","Gash","Hologram","Sunder+1","Gash","Electrodynamics","Loop+1","Coolheaded","Storm","Compile Driver+1"],"relics":["Cracked Core","Dream Catcher","Golden Idol","Smiling Mask","Empty Cage"],"potions_floor_usage":[14,16,19,21,21],"damage_taken":[{"damage":1,"enemies":"2 Louse","floor":1,"turns":2},{"damage":1,"enemies":"Jaw Worm","floor":5,"turns":4},{"damage":0,"enemies":"Cultist","floor":13,"turns":4},{"damage":1,"enemies":"Lagavulin","floor":14,"turns":6},{"damage":14,"enemies":"Slime Boss","floor":16,"turns":9},{"damage":21,"enemies":"2 Thieves","floor":18,"turns":3},{"damage":2,"enemies":"Chosen","floor":19,"turns":4},{"damage":23,"enemies":"Snake Plant","floor":20,"turns":3},{"damage":17,"enemies":"Centurion and Healer","floor":21,"turns":3}],"seed_played":"-6234512241384151196","potions_obtained":[{"floor":1,"key":"Dexterity Potion"},{"floor":13,"key":"EssenceOfSteel"},{"floor":14,"key":"Swift Potion"},{"floor":16,"key":"EssenceOfSteel"},{"floor":20,"key":"FocusPotion"},{"floor":21,"key":"SpeedPotion"}],"is_trial":false,"path_per_floor":["M","?","?","T","M","R","?","R","T","R","?","$","M","E","R","B",null,"M","M","M","M","?"],"character_chosen":"DEFECT","items_purchased":[],"campfire_rested":1,"item_purchase_floors":[],"current_hp_per_floor":[74,59,52,52,51,51,51,73,73,73,69,69,69,68,68,54,69,48,46,23,6,0],"gold":311,"neow_bonus":"TRANSFORM_CARD","is_prod":false,"is_daily":false,"chose_seed":false,"campfire_upgraded":2,"win_rate":0,"timestamp":1566727981,"path_taken":["M","?","?","?","?","R","?","R","T","R","?","$","M","E","R","BOSS","M","M","M","M","?"],"build_version":"2019-07-17","purchased_purges":1,"victory":false,"max_hp_per_floor":[75,75,75,75,75,75,75,75,75,75,69,69,69,69,69,69,69,69,69,69,69,69],"card_choices":[{"not_picked":["Skim","Blizzard"],"picked":"Gash","floor":1},{"not_picked":["Compile Driver","Redo"],"picked":"Hologram","floor":5},{"not_picked":["Consume","Coolheaded"],"picked":"Sunder","floor":13},{"not_picked":["Aggregate","Meteor Strike"],"picked":"Gash","floor":14},{"not_picked":["Creative AI","Amplify"],"picked":"Electrodynamics","floor":16},{"not_picked":["Rip and Tear+1","Chaos"],"picked":"Loop+1","floor":18},{"not_picked":["Turbo","Hologram"],"picked":"Coolheaded","floor":19},{"not_picked":["Static Discharge","Aggregate+1"],"picked":"Storm","floor":20},{"not_picked":["Hologram","Streamline+1"],"picked":"Compile Driver+1","floor":21}],"player_experience":61551,"relics_obtained":[{"floor":9,"key":"Dream Catcher"},{"floor":14,"key":"Smiling Mask"}],"event_choices":[{"damage_healed":0,"gold_gain":0,"player_choice":"Entered Light","damage_taken":15,"max_hp_gain":0,"max_hp_loss":0,"event_name":"Shining Light","floor":2,"gold_loss":0,"cards_upgraded":["Defend_B","Defend_B"]},{"cards_removed":["Strike_B"],"damage_healed":0,"gold_gain":0,"player_choice":"Card Removal","damage_taken":7,"max_hp_gain":0,"max_hp_loss":0,"event_name":"Golden Wing","floor":3,"gold_loss":0},{"cards_removed":["Strike_B"],"damage_healed":0,"gold_gain":0,"player_choice":"Card Removal","damage_taken":0,"max_hp_gain":0,"max_hp_loss":0,"event_name":"The Cleric","floor":7,"gold_loss":50},{"damage_healed":0,"gold_gain":0,"player_choice":"Lose Max HP","damage_taken":0,"relics_obtained":["Golden Idol"],"max_hp_gain":0,"max_hp_loss":6,"event_name":"Golden Idol","floor":11,"gold_loss":0}],"is_beta":false,"boss_relics":[{"not_picked":["Lizard Tail","White Beast Statue"],"picked":"Empty Cage"}],"items_purged_floors":[12],"is_endless":false,"potions_floor_spawned":[1,13,14,16,20,21],"ascension_level":1}