{"gold_per_floor":[119,134,146,1,19,44,44,57,57,89,69,85,85,98,98,199,199,217,317,161,181,191,191,202,202,202,236,84,94,114,134,134,235,235,245,245,255,255,255,255,268,300,300,310,339,439,439,107,107,107],"floor_reached":51,"playtime":4295,"items_purged":["Strike_B","Defend_B"],"score":920,"play_id":"f16a3eb0-4936-47ca-ac96-a26f4b165840","local_time":"20181210044947","is_ascension_mode":true,"campfire_choices":[{"floor":7.0,"key":"REST"},{"floor":13.0,"key":"REST"},{"floor":15.0,"key":"REST"},{"floor":23.0,"key":"REST"},{"floor":25.0,"key":"REST"},{"data":"Force Field","floor":32.0,"key":"SMITH"},{"data":"Fission","floor":40.0,"key":"SMITH"},{"floor":49,"key":"REST"}],"neow_cost":"NONE","seed_source_timestamp":585527151819400,"circlet_count":0,"master_deck":["Defend_B","Defend_B","Defend_B","Zap","Dualcast","Storm","White Noise","Sunder","Loop","Defragment","Fission+1","Turbo","White Noise","Go for the Eyes","Thunder Strike","Electrodynamics","Steam+1","Steam Power","Redo+1","Force Field+1","Stack","Undo","Chaos+1","Hologram","Biased Cognition","Go for the Eyes","Transmutation","Turbo","Heatsinks","Capacitor"],"special_seed":0,"relics":["Cracked Core","Boot","Dodecahedron","Singing Bowl","Dead Branch","Empty Cage","Bird Faced Urn","Matryoshka","PreservedInsect","Pen Nib","Meat on the Bone","Bag of Preparation","Lantern","Busted Crown","Bottled Flame","Pear","Oddly Smooth Stone","Torii","Runic Capacitor"],"potions_floor_usage":[44],"damage_taken":[{"damage":0.0,"enemies":"Small Slimes","floor":1.0,"turns":2.0},{"damage":0.0,"enemies":"Cultist","floor":2.0,"turns":3.0},{"damage":12.0,"enemies":"Jaw Worm","floor":3.0,"turns":3.0},{"damage":8.0,"enemies":"Red Slaver","floor":5.0,"turns":3.0},{"damage":1.0,"enemies":"3 Sentries","floor":6.0,"turns":9.0},{"damage":7.0,"enemies":"3 Louse","floor":8.0,"turns":3.0},{"damage":30.0,"enemies":"Gremlin Nob","floor":10.0,"turns":4.0},{"damage":4.0,"enemies":"2 Fungi Beasts","floor":12.0,"turns":3.0},{"damage":1.0,"enemies":"Looter","floor":14.0,"turns":3.0},{"damage":9.0,"enemies":"The Guardian","floor":16.0,"turns":9.0},{"damage":1.0,"enemies":"3 Byrds","floor":18.0,"turns":2.0},{"damage":13.0,"enemies":"Colosseum Slavers","floor":19.0,"turns":2.0},{"damage":28.0,"enemies":"Colosseum Nobs","floor":19.0,"turns":3.0},{"damage":22.0,"enemies":"2 Thieves","floor":21.0,"turns":2.0},{"damage":14.0,"enemies":"Snake Plant","floor":22.0,"turns":3.0},{"damage":13.0,"enemies":"Chosen and Byrds","floor":24.0,"turns":4.0},{"damage":0.0,"enemies":"Gremlin Leader","floor":27.0,"turns":5.0},{"damage":18.0,"enemies":"Cultist and Chosen","floor":29.0,"turns":5.0},{"damage":0.0,"enemies":"Snake Plant","floor":30.0,"turns":4.0},{"damage":11.0,"enemies":"Centurion and Healer","floor":31.0,"turns":5.0},{"damage":25.0,"enemies":"Collector","floor":33.0,"turns":10.0},{"damage":16.0,"enemies":"3 Darklings","floor":35.0,"turns":4.0},{"damage":9.0,"enemies":"Orb Walker","floor":37.0,"turns":3.0},{"damage":0,"enemies":"Maw","floor":41,"turns":5},{"damage":15,"enemies":"Nemesis","floor":42,"turns":9},{"damage":24,"enemies":"3 Darklings","floor":44,"turns":4},{"damage":14,"enemies":"Reptomancer","floor":45,"turns":4},{"damage":17,"enemies":"Mind Bloom Boss Battle","floor":46,"turns":5},{"damage":31,"enemies":"Donu and Deca","floor":50,"turns":7}],"seed_played":"2872588677957089963","potions_obtained":[{"floor":1.0,"key":"EssenceOfSteel"},{"floor":5.0,"key":"Dexterity Potion"},{"floor":8.0,"key":"Explosive Potion"},{"floor":10.0,"key":"Explosive Potion"},{"floor":11.0,"key":"Energy Potion"},{"floor":16.0,"key":"AttackPotion"},{"floor":19.0,"key":"Explosive Potion"},{"floor":21.0,"key":"EssenceOfSteel"},{"floor":22.0,"key":"Ancient Potion"},{"floor":24.0,"key":"Fire Potion"},{"floor":29.0,"key":"Ancient Potion"},{"floor":41,"key":"FearPotion"},{"floor":44,"key":"Explosive Potion"},{"floor":45,"key":"EssenceOfSteel"},{"floor":46,"key":"Ancient Potion"}],"is_trial":false,"path_per_floor":["M","M","M","$","M","E","R","M","T","E","?","M","R","M","R","B",null,"M","?","$","M","M","R","M","R","T","E","$","M","M","M","R","B",null,"M","?","M","?","?","R","M","E","T","M","E","?","?","$","R","B",null],"character_chosen":"DEFECT","items_purchased":["Loop","PreservedInsect","Lantern","Runic Capacitor","Capacitor"],"campfire_rested":6,"item_purchase_floors":[4,20,28,48,48],"current_hp_per_floor":[75,75,63,63,55,54,75,68,68,38,38,34,56,55,75,66,73,72,31,31,15,15,38,39,62,62,77,77,61,75,68,68,52,71,67,67,70,70,70,70,77,69,79,69,65,72,72,72,91,60],"gold":107,"neow_bonus":"RANDOM_COMMON_RELIC","is_prod":false,"is_daily":false,"chose_seed":false,"campfire_upgraded":2,"win_rate":0,"timestamp":1544384987,"path_taken":["M","M","M","$","M","E","R","M","T","E","?","M","R","?","R","BOSS","M","?","?","?","M","R","M","R","T","E","$","M","M","M","R","BOSS","M","?","M","?","?","R","M","E","T","?","E","?","?","$","R","BOSS"],"build_version":"2018-12-06","purchased_purges":2,"victory":true,"max_hp_per_floor":[75,75,75,75,75,75,75,75,75,75,75,75,75,75,75,75,75,75,75,75,75,77,77,77,77,77,77,77,77,77,77,77,77,77,79,79,79,75,75,75,77,79,89,89,89,91,91,91,91,91],"card_choices":[{"not_picked":["Coolheaded","Sweeping Beam"],"picked":"Storm","floor":1.0},{"not_picked":["Sweeping Beam","Fusion"],"picked":"White Noise","floor":2.0},{"not_picked":["Lockon","Turbo"],"picked":"Sunder","floor":3.0},{"not_picked":["Steam","Force Field"],"picked":"Defragment","floor":5.0},{"not_picked":["Sweeping Beam","Barrage"],"picked":"Fission","floor":6.0},{"not_picked":["Sweeping Beam","Glacier"],"picked":"Turbo","floor":8.0},{"not_picked":["Fusion","FTL"],"picked":"White Noise","floor":10.0},{"not_picked":["Consume","Sunder"],"picked":"Go for the Eyes","floor":12.0},{"not_picked":["Consume","Beam Cell"],"picked":"Thunder Strike","floor":14.0},{"not_picked":["Machine Learning","Reboot"],"picked":"Electrodynamics","floor":16.0},{"not_picked":["Coolheaded","Go for the Eyes"],"picked":"Steam+1","floor":18.0},{"not_picked":["Cold Snap+1","Beam Cell"],"picked":"Steam Power","floor":19.0},{"not_picked":["Turbo+1","Ball Lightning"],"picked":"Redo+1","floor":21.0},{"not_picked":["Ball Lightning","Steam","Meteor Strike"],"picked":"Singing Bowl","floor":22.0},{"not_picked":["Double Energy","Leap"],"picked":"Force Field","floor":24.0},{"not_picked":["Cold Snap","Lockon+1"],"picked":"Stack","floor":27.0},{"not_picked":["Go for the Eyes+1","Chaos"],"picked":"Undo","floor":29.0},{"not_picked":["Fusion","White Noise"],"picked":"Chaos+1","floor":30.0},{"not_picked":["Rip and Tear","Barrage"],"picked":"Hologram","floor":31.0},{"not_picked":["Thunder Strike","Meteor Strike"],"picked":"Biased Cognition","floor":33.0},{"not_picked":["Gash"],"picked":"Singing Bowl","floor":35.0},{"not_picked":[],"picked":"Go for the Eyes","floor":37.0},{"not_picked":[],"picked":"Transmutation","floor":39.0},{"not_picked":["Beam Cell"],"picked":"Singing Bowl","floor":41},{"not_picked":["Gash"],"picked":"Singing Bowl","floor":42},{"not_picked":[],"picked":"Turbo","floor":44},{"not_picked":[],"picked":"Heatsinks","floor":45},{"not_picked":["Genetic Algorithm+1"],"picked":"Singing Bowl","floor":46}],"player_experience":666928,"relics_obtained":[{"floor":6.0,"key":"Dodecahedron"},{"floor":9.0,"key":"Singing Bowl"},{"floor":10.0,"key":"Dead Branch"},{"floor":19.0,"key":"Bird Faced Urn"},{"floor":19.0,"key":"Matryoshka"},{"floor":26.0,"key":"Pen Nib"},{"floor":26.0,"key":"Meat on the Bone"},{"floor":27.0,"key":"Bag of Preparation"},{"floor":42,"key":"Bottled Flame"},{"floor":43,"key":"Pear"},{"floor":45,"key":"Oddly Smooth Stone"},{"floor":46,"key":"Torii"}],"event_choices":[{"damage_healed":0.0,"max_hp_gain":0.0,"max_hp_loss":0.0,"gold_gain":0.0,"event_name":"The Woman in Blue","player_choice":"Bought 1 Potion","floor":11.0,"gold_loss":0.0,"damage_taken":0.0},{"damage_healed":0.0,"max_hp_gain":0.0,"max_hp_loss":0.0,"gold_gain":0.0,"event_name":"Colosseum","player_choice":"Fight","floor":19.0,"gold_loss":0.0,"damage_taken":0.0},{"damage_healed":0.0,"max_hp_gain":0.0,"max_hp_loss":0.0,"gold_gain":0.0,"event_name":"Colosseum","player_choice":"Fought Nobs","floor":19.0,"gold_loss":0.0,"damage_taken":0.0},{"cards_removed":["Strike_B"],"damage_healed":0.0,"max_hp_gain":0.0,"max_hp_loss":0.0,"gold_gain":0.0,"event_name":"Falling","player_choice":"Removed Attack","floor":36.0,"gold_loss":0.0,"damage_taken":0.0},{"damage_healed":0.0,"max_hp_gain":0.0,"max_hp_loss":4.0,"gold_gain":0.0,"event_name":"Winding Halls","player_choice":"Max HP","floor":38.0,"gold_loss":0.0,"damage_taken":0.0},{"damage_healed":0.0,"max_hp_gain":0.0,"max_hp_loss":0.0,"gold_gain":0.0,"event_name":"SensoryStone","player_choice":"Memory 1","floor":39.0,"gold_loss":0.0,"damage_taken":0.0},{"damage_healed":0,"gold_gain":0,"player_choice":"Fight","damage_taken":0,"max_hp_gain":0,"max_hp_loss":0,"event_name":"MindBloom","floor":46,"gold_loss":0},{"damage_healed":0,"gold_gain":0,"player_choice":"Ignored","damage_taken":0,"max_hp_gain":0,"max_hp_loss":0,"event_name":"Tomb of Lord Red Mask","floor":47,"gold_loss":0}],"is_beta":false,"boss_relics":[{"not_picked":["Snecko Eye","Sozu"],"picked":"Empty Cage"},{"not_picked":["Inserter","Fusion Hammer"],"picked":"Busted Crown"}],"items_purged_floors":[4,48],"is_endless":false,"potions_floor_spawned":[1,5,8,10,16,19,21,22,24,29,41,44,45,46],"ascension_level":5}