{"gold_per_floor":[117,130,156,173,192,192,224,254,300,332,332,332,365,380,380,477,527,547,561,20,120,140,140,153,180,206,206,217,217,243,255,255,352,352,369,380,480,480,100,100,111,333,333,366,383,383,416,416,416,416],"floor_reached":51,"playtime":5008,"items_purged":["Defend_B","Writhe"],"score":1004,"play_id":"4847845a-c100-48a5-b831-d3be5a96b2e4","local_time":"20181208180029","is_ascension_mode":true,"campfire_choices":[{"data":"Barrage","floor":6.0,"key":"SMITH"},{"floor":12.0,"key":"REST"},{"floor":15.0,"key":"REST"},{"floor":23.0,"key":"REST"},{"floor":29.0,"key":"REST"},{"floor":32.0,"key":"REST"},{"floor":40.0,"key":"REST"},{"data":"Dualcast","floor":46,"key":"SMITH"},{"data":"Glacier","floor":49,"key":"SMITH"}],"neow_cost":"NONE","seed_source_timestamp":0,"circlet_count":0,"master_deck":["Strike_B","Strike_B","Strike_B","Defend_B","Defend_B+1","Defend_B","Zap","Dualcast+1","FTL","Cold Snap","Barrage+1","Loop","Chill","Leap","Genetic Algorithm","Electrodynamics","Hologram","Reinforced Body","Conserve Battery","Machine Learning","Ball Lightning","Steam+1","Coolheaded","Leap+1","Loop+1","Self Repair+1","FTL+1","Glacier+1","Buffer+1","Skim","Leap+1","Madness","Madness","Heatsinks+1","Bandage Up","Capacitor+1","Ball Lightning+1"],"special_seed":0,"relics":["Cracked Core","Ancient Tea Set","Pantograph","Odd Mushroom","Happy Flower","Blue Candle","Ornamental Fan","Tiny House","Runic Capacitor","Frozen Egg 2","Mango","Symbiotic Virus","Molten Egg 2","Potion Belt","Pen Nib","Red Mask","Philosopher\u0027s Stone","Ice Cream","Regal Pillow","Singing Bowl","Smiling Mask","Torii"],"potions_floor_usage":[50,50,50],"damage_taken":[{"damage":1.0,"enemies":"Cultist","floor":1.0,"turns":3.0},{"damage":3.0,"enemies":"2 Louse","floor":2.0,"turns":2.0},{"damage":0.0,"enemies":"Small Slimes","floor":4.0,"turns":2.0},{"damage":0.0,"enemies":"Exordium Wildlife","floor":5.0,"turns":3.0},{"damage":14.0,"enemies":"3 Sentries","floor":7.0,"turns":5.0},{"damage":1.0,"enemies":"The Mushroom Lair","floor":8.0,"turns":4.0},{"damage":9.0,"enemies":"Lagavulin","floor":10.0,"turns":7.0},{"damage":31.0,"enemies":"Gremlin Nob","floor":13.0,"turns":4.0},{"damage":1.0,"enemies":"3 Louse","floor":14.0,"turns":3.0},{"damage":23.0,"enemies":"The Guardian","floor":16.0,"turns":14.0},{"damage":2.0,"enemies":"Chosen","floor":18.0,"turns":5.0},{"damage":5.0,"enemies":"Spheric Guardian","floor":19.0,"turns":5.0},{"damage":23.0,"enemies":"Colosseum Slavers","floor":21.0,"turns":4.0},{"damage":36.0,"enemies":"Colosseum Nobs","floor":21.0,"turns":5.0},{"damage":3.0,"enemies":"Cultist and Chosen","floor":22.0,"turns":5.0},{"damage":3.0,"enemies":"Sentry and Sphere","floor":24.0,"turns":4.0},{"damage":11.0,"enemies":"Gremlin Leader","floor":25.0,"turns":7.0},{"damage":15.0,"enemies":"3 Cultists","floor":28.0,"turns":4.0},{"damage":32.0,"enemies":"Masked Bandits","floor":30.0,"turns":4.0},{"damage":8.0,"enemies":"Snecko","floor":31.0,"turns":4.0},{"damage":67.0,"enemies":"Collector","floor":33.0,"turns":16.0},{"damage":0.0,"enemies":"Orb Walker","floor":35.0,"turns":4.0},{"damage":9.0,"enemies":"3 Shapes","floor":36.0,"turns":5.0},{"damage":41.0,"enemies":"Mind Bloom Boss Battle","floor":37.0,"turns":8.0},{"damage":31.0,"enemies":"Jaw Worm Horde","floor":41.0,"turns":4.0},{"damage":25.0,"enemies":"Reptomancer","floor":44.0,"turns":8.0},{"damage":17,"enemies":"Spire Growth","floor":45,"turns":6},{"damage":9,"enemies":"Nemesis","floor":47,"turns":7},{"damage":39,"enemies":"Time Eater","floor":50,"turns":13}],"seed_played":"-4383361964810254776","potions_obtained":[{"floor":2.0,"key":"Energy Potion"},{"floor":4.0,"key":"AttackPotion"},{"floor":8.0,"key":"SkillPotion"},{"floor":17.0,"key":"SkillPotion"},{"floor":21.0,"key":"Explosive Potion"},{"floor":22.0,"key":"AttackPotion"},{"floor":24.0,"key":"FearPotion"},{"floor":28.0,"key":"EssenceOfSteel"},{"floor":31.0,"key":"Poison Potion"},{"floor":41.0,"key":"SteroidPotion"},{"floor":45,"key":"LiquidBronze"},{"floor":47,"key":"Poison Potion"}],"is_trial":false,"path_per_floor":["M","M","T","M","M","R","E","?","T","E","?","R","E","M","R","B",null,"M","M","$","?","M","R","M","E","T","?","M","R","?","M","R","B",null,"M","M","?","?","$","R","M","?","T","E","M","R","E","?","R","B",null],"character_chosen":"DEFECT","items_purchased":["Runic Capacitor","Frozen Egg 2","Heatsinks+1","Bandage Up","Regal Pillow"],"campfire_rested":6,"item_purchase_floors":[20,20,39,39,39],"current_hp_per_floor":[74,71,71,71,71,71,57,56,56,47,47,71,40,39,63,59,81,79,74,74,29,26,56,53,42,42,42,37,67,45,47,77,44,87,97,88,70,57,57,101,84,84,84,75,72,72,79,79,79,79],"gold":416,"neow_bonus":"TEN_PERCENT_HP_BONUS","is_prod":false,"is_daily":false,"chose_seed":false,"campfire_upgraded":3,"win_rate":0,"timestamp":1544320829,"path_taken":["M","M","?","M","M","R","E","?","T","E","?","R","E","M","R","BOSS","M","M","$","?","M","R","M","E","T","?","M","R","?","M","R","BOSS","M","M","?","?","$","R","M","?","T","E","M","R","E","?","R","BOSS"],"build_version":"2018-12-06","purchased_purges":2,"victory":true,"max_hp_per_floor":[82,82,82,82,82,82,82,82,82,82,82,82,82,82,82,82,87,87,87,87,101,101,101,101,101,101,101,101,101,101,101,101,101,101,101,101,101,101,101,101,101,101,101,103,103,103,105,105,105,105],"card_choices":[{"not_picked":["Redo","Sunder"],"picked":"FTL","floor":1.0},{"not_picked":["Undo","Streamline"],"picked":"Cold Snap","floor":2.0},{"not_picked":["Undo","Turbo"],"picked":"Barrage","floor":4.0},{"not_picked":["Sweeping Beam","Chaos"],"picked":"Loop","floor":5.0},{"not_picked":["Undo","Sunder"],"picked":"Chill","floor":7.0},{"not_picked":["Redo","Turbo"],"picked":"Leap","floor":8.0},{"not_picked":["Auto Shields","Tempest"],"picked":"Genetic Algorithm","floor":10.0},{"not_picked":["Reboot","Streamline"],"picked":"Reinforced Body","floor":13.0},{"not_picked":["Recycle","Hello World"],"picked":"Conserve Battery","floor":14.0},{"not_picked":["Reboot","All For One"],"picked":"Machine Learning","floor":16.0},{"not_picked":["Beam Cell","Stack"],"picked":"Ball Lightning","floor":17.0},{"not_picked":["Gash","Aggregate"],"picked":"Steam+1","floor":18.0},{"not_picked":["Rip and Tear","Chill"],"picked":"Coolheaded","floor":19.0},{"not_picked":["Rip and Tear+1","Beam Cell"],"picked":"Leap+1","floor":22.0},{"not_picked":["Hyperbeam","Fusion+1"],"picked":"Loop+1","floor":24.0},{"not_picked":["Barrage","Coolheaded"],"picked":"Self Repair+1","floor":25.0},{"not_picked":["Coolheaded","Turbo"],"picked":"FTL+1","floor":28.0},{"not_picked":["Compile Driver+1","Beam Cell+1"],"picked":"Glacier","floor":31.0},{"not_picked":["Rainbow","Amplify"],"picked":"Buffer+1","floor":33.0},{"not_picked":["Undo","Compile Driver+1"],"picked":"Skim","floor":35.0},{"not_picked":["Skim+1","Turbo"],"picked":"Leap+1","floor":36.0},{"not_picked":["Conserve Battery","Turbo+1"],"picked":"Capacitor+1","floor":41.0},{"not_picked":["Tempest","Capacitor+1","Scrape+1"],"picked":"Singing Bowl","floor":44.0},{"not_picked":["Leap+1","Beam Cell+1"],"picked":"Ball Lightning+1","floor":45},{"not_picked":["Self Repair+1","Gash+1","Darkness+1"],"picked":"Singing Bowl","floor":47}],"player_experience":388390,"relics_obtained":[{"floor":3.0,"key":"Ancient Tea Set"},{"floor":7.0,"key":"Pantograph"},{"floor":8.0,"key":"Odd Mushroom"},{"floor":9.0,"key":"Happy Flower"},{"floor":10.0,"key":"Blue Candle"},{"floor":13.0,"key":"Ornamental Fan"},{"floor":21.0,"key":"Mango"},{"floor":21.0,"key":"Symbiotic Virus"},{"floor":25.0,"key":"Molten Egg 2"},{"floor":26.0,"key":"Potion Belt"},{"floor":30.0,"key":"Red Mask"},{"floor":37.0,"key":"Ice Cream"},{"floor":43.0,"key":"Singing Bowl"},{"floor":44.0,"key":"Smiling Mask"},{"floor":47,"key":"Torii"}],"event_choices":[{"damage_healed":0.0,"max_hp_gain":0.0,"max_hp_loss":0.0,"gold_gain":0.0,"event_name":"Mushrooms","player_choice":"Fought Mushrooms","floor":8.0,"gold_loss":0.0,"damage_taken":0.0},{"damage_healed":0.0,"max_hp_gain":0.0,"max_hp_loss":0.0,"gold_gain":0.0,"event_name":"Match and Keep!","player_choice":"2 cards matched","floor":11.0,"gold_loss":0.0,"damage_taken":0.0,"cards_obtained":["Electrodynamics","Hologram"]},{"damage_healed":0.0,"max_hp_gain":0.0,"max_hp_loss":0.0,"gold_gain":0.0,"event_name":"Colosseum","player_choice":"Fight","floor":21.0,"gold_loss":0.0,"damage_taken":0.0},{"damage_healed":0.0,"max_hp_gain":0.0,"max_hp_loss":0.0,"gold_gain":0.0,"event_name":"Colosseum","player_choice":"Fought Nobs","floor":21.0,"gold_loss":0.0,"damage_taken":0.0},{"damage_healed":0.0,"max_hp_gain":0.0,"max_hp_loss":0.0,"gold_gain":0.0,"event_name":"The Mausoleum","player_choice":"Opened","floor":27.0,"gold_loss":0.0,"damage_taken":0.0,"relics_obtained":["Pen Nib"],"cards_obtained":["Writhe"]},{"damage_healed":0.0,"max_hp_gain":0.0,"max_hp_loss":0.0,"gold_gain":0.0,"event_name":"Masked Bandits","player_choice":"Fought Bandits","floor":30.0,"gold_loss":0.0,"damage_taken":0.0},{"damage_healed":0.0,"max_hp_gain":0.0,"max_hp_loss":0.0,"gold_gain":0.0,"event_name":"MindBloom","player_choice":"Fight","floor":37.0,"gold_loss":0.0,"damage_taken":0.0},{"damage_healed":0.0,"max_hp_gain":0.0,"max_hp_loss":0.0,"gold_gain":0.0,"event_name":"Winding Halls","player_choice":"Embrace Madness","floor":38.0,"gold_loss":0.0,"damage_taken":13.0,"cards_obtained":["Madness","Madness"]},{"damage_healed":0.0,"max_hp_gain":0.0,"max_hp_loss":0.0,"gold_gain":222.0,"event_name":"Tomb of Lord Red Mask","player_choice":"Wore Mask","floor":42.0,"gold_loss":0.0,"damage_taken":0.0},{"cards_removed":["Strike_B"],"damage_healed":0,"gold_gain":0,"player_choice":"Purged","damage_taken":0,"max_hp_gain":0,"max_hp_loss":0,"event_name":"Purifier","floor":48,"gold_loss":0}],"is_beta":false,"boss_relics":[{"not_picked":["Fusion Hammer","Calling Bell"],"picked":"Tiny House"},{"not_picked":["Eternal Feather","FrozenCore"],"picked":"Philosopher\u0027s Stone"}],"items_purged_floors":[20,39],"is_endless":false,"potions_floor_spawned":[2,4,8,21,22,24,28,31,41,45,47],"ascension_level":6}