{"gold_per_floor":[118,118,133,208,226,226,237,73,73,73,84,84,146,48,48,143,143,153,173,186,461,479,479,490,507,507,537,191,191,136,146,146,249,249,263,282,30,1029,1046,1046,1074,555,579,579,590,590,603,618,618,618],"floor_reached":50,"playtime":1790,"items_purged":["Strike_R","Regret","Regret","Normality"],"score":561,"play_id":"4502f71b-a84d-4601-9150-18ae91444184","local_time":"20190815172240","is_ascension_mode":false,"campfire_choices":[{"data":"Bash","floor":6,"key":"SMITH"},{"data":"Inflame","floor":12,"key":"SMITH"},{"data":"Trip","floor":15,"key":"SMITH"},{"data":"Trip","floor":23,"key":"SMITH"},{"floor":29,"key":"REST"},{"floor":32,"key":"REST"},{"data":"Limit Break","floor":40,"key":"SMITH"},{"floor":46,"key":"REST"},{"floor":49,"key":"REST"}],"neow_cost":"NONE","seed_source_timestamp":7444423890743,"circlet_count":0,"master_deck":["Strike_R","Strike_R","Strike_R","Strike_R","Defend_R","Defend_R","Defend_R","Defend_R","Bash+1","Carnage","Reckless Charge","Inflame+1","Trip+1","Anger","Thunderclap","Trip+1","Demon Form+1","Anger+1","Corruption+1","Sword Boomerang","Rampage","Juggernaut+1","Flame Barrier","True Grit","Sentinel+1","Limit Break+1","Battle Trance","Sword Boomerang","Normality","Havoc+1","Battle Trance+1","Demon Form+1","True Grit","Armaments","Heavy Blade","Regret","Panache+1","Flame Barrier+1","Shrug It Off+1","Heavy Blade","Sword Boomerang"],"relics":["Burning Blood","NeowsBlessing","Frozen Egg 2","Torii","Bronze Scales","Cursed Key","Ginger","Smiling Mask","Brimstone","Tiny Chest","Sozu","Membership Card","Paper Frog","MealTicket","Du-Vu Doll","Dream Catcher","Oddly Smooth Stone"],"potions_floor_usage":[13,13,16,22,27,50],"damage_taken":[{"damage":0,"enemies":"Small Slimes","floor":1,"turns":1},{"damage":0,"enemies":"Cultist","floor":3,"turns":1},{"damage":0,"enemies":"2 Louse","floor":5,"turns":1},{"damage":18,"enemies":"Large Slime","floor":7,"turns":5},{"damage":1,"enemies":"Blue Slaver","floor":11,"turns":2},{"damage":17,"enemies":"Lagavulin Event","floor":13,"turns":4},{"damage":41,"enemies":"The Guardian","floor":16,"turns":8},{"damage":1,"enemies":"Chosen","floor":18,"turns":3},{"damage":10,"enemies":"Spheric Guardian","floor":19,"turns":3},{"damage":8,"enemies":"Centurion and Healer","floor":20,"turns":5},{"damage":21,"enemies":"Snake Plant","floor":22,"turns":3},{"damage":1,"enemies":"Cultist and Chosen","floor":24,"turns":3},{"damage":34,"enemies":"Snecko","floor":25,"turns":5},{"damage":35,"enemies":"Gremlin Leader","floor":27,"turns":6},{"damage":22,"enemies":"Shelled Parasite and Fungi","floor":31,"turns":3},{"damage":43,"enemies":"Champ","floor":33,"turns":6},{"damage":6,"enemies":"Orb Walker","floor":35,"turns":3},{"damage":20,"enemies":"3 Shapes","floor":36,"turns":3},{"damage":34,"enemies":"3 Darklings","floor":39,"turns":3},{"damage":32,"enemies":"Giant Head","floor":41,"turns":5},{"damage":9,"enemies":"Spire Growth","floor":45,"turns":3},{"damage":15,"enemies":"Sphere and 2 Shapes","floor":47,"turns":4},{"damage":0,"enemies":"Jaw Worm Horde","floor":48,"turns":3},{"damage":57,"enemies":"Awakened One","floor":50,"turns":2}],"seed_played":"-5600268817658974885","potions_obtained":[{"floor":2,"key":"SteroidPotion"},{"floor":2,"key":"Weak Potion"},{"floor":2,"key":"SkillPotion"},{"floor":3,"key":"FairyPotion"},{"floor":5,"key":"EssenceOfSteel"},{"floor":13,"key":"Poison Potion"},{"floor":20,"key":"Block Potion"},{"floor":25,"key":"Swift Potion"},{"floor":31,"key":"LiquidBronze"}],"is_trial":false,"path_per_floor":["M","?","M","?","M","R","M","$","T","?","M","R","?","$","R","B",null,"M","M","M","?","M","R","M","M","T","E","$","R","?","M","R","B",null,"M","M","$","?","M","R","E","$","T","?","M","R","M","M","R","B"],"character_chosen":"IRONCLAD","items_purchased":["Trip","Trip","Brimstone","Flame Barrier","True Grit","Membership Card","MealTicket","Du-Vu Doll","Dream Catcher","Demon Form+1","True Grit","Armaments","Heavy Blade"],"campfire_rested":4,"item_purchase_floors":[8,14,28,28,28,37,42,42,42,42,42,42,42],"current_hp_per_floor":[80,80,80,69,75,75,63,63,63,56,61,61,50,50,50,15,80,80,76,74,74,59,59,64,36,36,7,7,31,31,15,39,12,80,80,66,66,66,38,38,12,12,12,12,9,33,24,30,54,0],"gold":618,"neow_bonus":"THREE_ENEMY_KILL","is_prod":false,"is_daily":false,"chose_seed":false,"campfire_upgraded":5,"win_rate":0,"timestamp":1565911360,"path_taken":["M","?","?","?","M","R","M","$","T","?","M","R","?","?","R","BOSS","M","M","M","?","M","R","M","?","T","E","$","R","?","M","R","BOSS","M","M","$","?","M","R","E","$","T","?","?","R","M","M","R","BOSS"],"build_version":"2019-07-17","purchased_purges":4,"victory":false,"max_hp_per_floor":[80,80,80,80,80,80,80,80,80,80,80,80,80,80,80,80,80,80,80,80,80,80,80,80,80,80,80,80,80,80,80,80,80,80,80,80,80,80,80,80,80,80,80,80,80,80,80,80,80,80],"card_choices":[{"not_picked":["Iron Wave","Body Slam"],"picked":"Carnage","floor":1},{"not_picked":["Heavy Blade","Second Wind","True Grit"],"picked":"SKIP","floor":3},{"not_picked":["Heavy Blade","Seeing Red"],"picked":"Reckless Charge","floor":5},{"not_picked":["Anger","Burning Pact"],"picked":"Inflame","floor":7},{"not_picked":["Havoc","Flex"],"picked":"Anger","floor":11},{"not_picked":["Brutality+1","Sword Boomerang"],"picked":"Thunderclap","floor":13},{"not_picked":["Offering","Immolate"],"picked":"Demon Form+1","floor":16},{"not_picked":["Havoc+1","Sever Soul"],"picked":"Anger+1","floor":18},{"not_picked":["Rampage","Thunderclap"],"picked":"Corruption+1","floor":19},{"not_picked":["Armaments","Power Through","Perfected Strike"],"picked":"SKIP","floor":20},{"not_picked":["Seeing Red","Clothesline"],"picked":"Sword Boomerang","floor":22},{"not_picked":["Entrench+1","True Grit"],"picked":"Rampage","floor":24},{"not_picked":["Anger+1","Warcry","Perfected Strike+1"],"picked":"SKIP","floor":25},{"not_picked":["Impervious","Cleave"],"picked":"Juggernaut+1","floor":27},{"not_picked":["Hemokinesis","Second Wind"],"picked":"Sentinel+1","floor":31},{"not_picked":["Berserk+1","Offering"],"picked":"Limit Break","floor":33},{"not_picked":["Disarm","Reckless Charge"],"picked":"Battle Trance","floor":35},{"not_picked":["Searing Blow+1","Iron Wave+1"],"picked":"Sword Boomerang","floor":36},{"not_picked":["Wild Strike","Fire Breathing+1"],"picked":"Havoc+1","floor":39},{"not_picked":["Armaments+1","Warcry+1"],"picked":"Battle Trance+1","floor":41},{"not_picked":["Madness","Finesse"],"picked":"Panache+1","floor":44},{"not_picked":["Pommel Strike","Iron Wave","Ghostly Armor+1"],"picked":"SKIP","floor":45},{"not_picked":["Cleave+1","Combust+1"],"picked":"Flame Barrier+1","floor":46},{"not_picked":["Rampage","Evolve+1"],"picked":"Shrug It Off+1","floor":47},{"not_picked":["Battle Trance","Perfected Strike"],"picked":"Heavy Blade","floor":48},{"not_picked":["Cleave","Berserk+1"],"picked":"Sword Boomerang","floor":49}],"player_experience":1677305,"relics_obtained":[{"floor":9,"key":"Frozen Egg 2"},{"floor":26,"key":"Ginger"},{"floor":27,"key":"Smiling Mask"},{"floor":41,"key":"Paper Frog"},{"floor":43,"key":"Oddly Smooth Stone"}],"event_choices":[{"damage_healed":0,"gold_gain":0,"player_choice":"Got Potions","damage_taken":0,"max_hp_gain":0,"max_hp_loss":0,"event_name":"Lab","floor":2,"gold_loss":0},{"damage_healed":0,"gold_gain":75,"player_choice":"Gather Gold","damage_taken":11,"max_hp_gain":0,"max_hp_loss":0,"event_name":"World of Goop","floor":4,"gold_loss":0},{"damage_healed":0,"gold_gain":0,"player_choice":"Success","damage_taken":7,"relics_obtained":["Torii"],"max_hp_gain":0,"max_hp_loss":0,"event_name":"Scrap Ooze","floor":10,"gold_loss":0},{"damage_healed":0,"gold_gain":0,"player_choice":"Searched \u00273\u0027 times","damage_taken":0,"relics_obtained":["Bronze Scales"],"max_hp_gain":0,"max_hp_loss":0,"event_name":"Dead Adventurer","floor":13,"gold_loss":0},{"damage_healed":0,"gold_gain":275,"player_choice":"Desecrate","damage_taken":0,"max_hp_gain":0,"max_hp_loss":0,"event_name":"Golden Shrine","floor":21,"gold_loss":0,"cards_obtained":["Regret"]},{"damage_healed":0,"gold_gain":0,"player_choice":"Obtained Relic","damage_taken":0,"relics_obtained":["Tiny Chest"],"max_hp_gain":0,"max_hp_loss":0,"event_name":"Addict","floor":30,"gold_loss":85},{"damage_healed":0,"gold_gain":999,"player_choice":"Gold","damage_taken":0,"max_hp_gain":0,"max_hp_loss":0,"event_name":"MindBloom","floor":38,"gold_loss":0,"cards_obtained":["Normality","Normality"]},{"damage_healed":0,"gold_gain":0,"player_choice":"Memory 1","damage_taken":0,"max_hp_gain":0,"max_hp_loss":0,"event_name":"SensoryStone","floor":44,"gold_loss":0}],"is_beta":false,"boss_relics":[{"not_picked":["Black Star","Snecko Eye"],"picked":"Cursed Key"},{"not_picked":["Mark of Pain","Calling Bell"],"picked":"Sozu"}],"items_purged_floors":[8,28,37,42],"is_endless":false,"potions_floor_spawned":[3,5,7,13,20,25,31,41,47,48],"killed_by":"Awakened One","ascension_level":0}