{"path_per_floor":["M","?","?","?","$","E","R","E","T","M","R","M","?","?","R","B",null,"M","?","$","M","?","E","T","$","T","E","M","M","E","$","R","B",null,"M","M","$","M","?","R","$","M","T","E","?","E","R","M","R","B"],"character_chosen":"THE_SILENT","items_purchased":["Bronze Scales","Darkstone Periapt","Shuriken","Caltrops","Oddly Smooth Stone","Dream Catcher","Bag of Preparation","Blood Vial","Mummified Hand","Toxic Egg 2","Master of Strategy"],"gold_per_floor":[144,144,144,244,94,184,184,274,274,319,319,364,364,364,364,689,689,738,688,107,156,156,554,554,104,179,277,326,375,503,103,103,428,428,477,526,99,148,148,148,148,197,197,295,628,718,718,763,763,763],"floor_reached":51,"campfire_rested":6,"playtime":2974,"current_hp_per_floor":[70,70,70,70,70,45,68,47,47,47,70,70,55,55,77,65,77,68,68,68,68,87,85,95,95,95,42,41,25,13,13,42,33,97,75,76,76,68,68,97,97,97,97,94,94,57,86,88,88,46],"items_purged":[],"gold":763,"score":944,"play_id":"4e80f8da-f1b7-4010-b90a-5fcf479b9079","local_time":"20180512222337","daily_mods":["Insanity","Midas","Lethality"],"is_prod":false,"is_daily":true,"chose_seed":false,"is_ascension_mode":false,"campfire_upgraded":0,"timestamp":1526135017,"path_taken":["M","?","?","?","?","E","R","E","T","?","R","M","?","?","R","BOSS","M","?","$","M","?","E","?","?","T","E","M","M","E","$","R","BOSS","M","M","$","M","?","R","$","M","T","E","?","E","R","M","R","BOSS"],"build_version":"2018-05-10","seed_source_timestamp":46682267759651,"purchased_purges":0,"victory":true,"master_deck":["Skewer","Adrenaline","Flying Knee","Tactician","Survivor","Tools of the Trade","Accuracy","Concentrate","Unload","Unload","Backstab","Doppelganger","Flying Knee","Well Laid Plans","Flying Knee","Masterful Stab","Deflect","Wraith Form v2","Blade Dance","Leg Sweep","Dodge and Roll","Masterful Stab","Finisher","Noxious Fumes","Heel Hook","Deadly Poison","Predator","Grand Finale","Storm of Steel","Bouncing Flask","Escape Plan","Tactician","Blur","Concentrate","Survivor","Deflect","Acrobatics","Poisoned Stab","Dodge and Roll","Accuracy","A Thousand Cuts","Quick Slash","Defend_G+1","Dodge and Roll","Heel Hook","Eviscerate","Sucker Punch","Backflip+1","Quick Slash","Tools of the Trade","Dodge and Roll","Wraith Form v2","Caltrops","Terror+1","Blade Dance","Die Die Die","Storm of Steel","Master of Strategy+1","Mind Blast","Wraith Form v2","Expertise+1"],"max_hp_per_floor":[70,70,70,70,70,77,77,77,77,77,77,77,77,77,77,77,77,77,77,77,77,87,87,97,97,97,97,97,97,97,97,97,97,97,97,97,97,97,97,97,97,97,97,97,97,97,97,97,97,97],"relics":["Ring of the Snake","Bronze Scales","Strawberry","Du-Vu Doll","Dodecahedron","Sozu","Darkstone Periapt","Shuriken","Old Coin","Pear","Oddly Smooth Stone","Dream Catcher","Bag of Preparation","Blue Candle","Ninja Scroll","Tiny Chest","Blood Vial","Mummified Hand","Black Star","Toxic Egg 2","Peace Pipe","Smiling Mask","Ornamental Fan","Question Card","Molten Egg 2"],"card_choices":[{"not_picked":["Night Terror","Envenom"],"picked":"Wraith Form v2","floor":16},{"not_picked":["Footwork","Underhanded Strike"],"picked":"Terror","floor":21},{"not_picked":["Crippling Poison","Caltrops"],"picked":"Blade Dance","floor":27},{"not_picked":["Poisoned Stab","Wraith Form v2"],"picked":"Die Die Die","floor":30},{"not_picked":["Envenom","Phantasmal Killer"],"picked":"Storm of Steel","floor":33},{"not_picked":["Secret Technique","Good Instincts"],"picked":"Mind Blast","floor":39},{"not_picked":["Burst","Setup"],"picked":"Wraith Form v2","floor":46},{"not_picked":["Dagger Spray","Deadly Poison","Backflip"],"picked":"Expertise","floor":47}],"player_experience":50408,"potions_floor_usage":[16,16],"damage_taken":[{"damage":0,"enemies":"Jaw Worm","floor":1,"turns":1},{"damage":32,"enemies":"Gremlin Nob","floor":6,"turns":3},{"damage":21,"enemies":"Lagavulin","floor":8,"turns":3},{"damage":0,"enemies":"Cultist","floor":10,"turns":2},{"damage":0,"enemies":"Small Slimes","floor":12,"turns":1},{"damage":12,"enemies":"Hexaghost","floor":16,"turns":6},{"damage":9,"enemies":"2 Thieves","floor":18,"turns":2},{"damage":0,"enemies":"Spheric Guardian","floor":21,"turns":1},{"damage":2,"enemies":"Gremlin Leader","floor":23,"turns":2},{"damage":53,"enemies":"Book of Stabbing","floor":27,"turns":4},{"damage":1,"enemies":"3 Cultists","floor":28,"turns":3},{"damage":16,"enemies":"Snake Plant","floor":29,"turns":2},{"damage":12,"enemies":"Slavers","floor":30,"turns":3},{"damage":11,"enemies":"Champ","floor":33,"turns":6},{"damage":22,"enemies":"Flame Bruiser 1 Orb","floor":35,"turns":3},{"damage":1,"enemies":"3 Darklings","floor":36,"turns":4},{"damage":10,"enemies":"Spire Growth","floor":38,"turns":2},{"damage":0,"enemies":"Flame Bruiser 2 Orb","floor":42,"turns":3},{"damage":3,"enemies":"Nemesis","floor":44,"turns":3},{"damage":39,"enemies":"2 Orb Walkers","floor":46,"turns":4},{"damage":0,"enemies":"4 Shapes","floor":48,"turns":2},{"damage":44,"enemies":"Donu and Deca","floor":50,"turns":8}],"event_choices":[{"event_name":"Match and Keep!","player_choice":"2 cards matched","floor":2,"damage_taken":0},{"event_name":"Transmorgrifier","player_choice":"Transform","floor":3,"damage_taken":0},{"event_name":"Golden Shrine","player_choice":"Pray","floor":4,"damage_taken":0},{"event_name":"Shining Light","player_choice":"Entered Light","floor":13,"damage_taken":0},{"event_name":"Golden Idol","player_choice":"Take Wound","floor":14,"damage_taken":0},{"event_name":"The Joust","player_choice":"Bet on Murderer","floor":19,"damage_taken":0},{"event_name":"Bonfire Elementals","player_choice":"RARE","floor":22,"damage_taken":0},{"event_name":"SensoryStone","player_choice":"Memory 1","floor":39,"damage_taken":0},{"event_name":"The Moai Head","player_choice":"Gave Idol","floor":45,"damage_taken":0}],"boss_relics":[{"not_picked":["Tiny House","Calling Bell"],"picked":"Sozu"},{"not_picked":["White Beast Statue","Orrery"],"picked":"Black Star"}],"potions_floor_spawned":[8,10,18,28,30,33,42,46,48],"seed_played":"-1454889398273397674","ascension_level":0,"is_trial":false}