{"gold_per_floor":[109,109,124,49,62,91,91,104,104,131,147,164,181,198,198,301,301,321,321,333,349,8,8,8,32,32,32],"floor_reached":27,"playtime":2454,"items_purged":["Defend_B"],"score":227,"play_id":"e1fa5a94-9a5e-49e4-b40b-9ef515b22f95","local_time":"20181121205354","is_ascension_mode":false,"campfire_choices":[{"data":"Zap","floor":7,"key":"SMITH"},{"floor":15,"key":"REST"},{"floor":23,"key":"REST"}],"neow_cost":"NONE","seed_source_timestamp":241304735154100,"circlet_count":0,"master_deck":["Strike_B","Strike_B","Strike_B","Defend_B","Defend_B","Defend_B","Zap+1","Dualcast","Coolheaded","Chaos","Chill","Tempest","Undo","Skim","Reprogram","Redo","Recycle","Reinforced Body","Creative AI","Creative AI","Hello World+1","Skim","Hologram+1","Blizzard+1","Buffer"],"relics":["Velvet Choker","Cables","Kunai","Sundial","Black Star","Oddly Smooth Stone","Omamori"],"potions_floor_usage":[10,10,16,18,20,20,27],"damage_taken":[{"damage":3,"enemies":"Small Slimes","floor":1,"turns":3},{"damage":0,"enemies":"Cultist","floor":3,"turns":3},{"damage":1,"enemies":"Jaw Worm","floor":5,"turns":3},{"damage":17,"enemies":"Gremlin Nob","floor":6,"turns":4},{"damage":9,"enemies":"Large Slime","floor":8,"turns":6},{"damage":4,"enemies":"Lagavulin","floor":10,"turns":5},{"damage":1,"enemies":"3 Louse","floor":11,"turns":2},{"damage":7,"enemies":"Gremlin Gang","floor":12,"turns":6},{"damage":2,"enemies":"Lots of Slimes","floor":13,"turns":6},{"damage":0,"enemies":"Looter","floor":14,"turns":2},{"damage":2,"enemies":"The Guardian","floor":16,"turns":9},{"damage":10,"enemies":"Chosen","floor":18,"turns":5},{"damage":10,"enemies":"2 Thieves","floor":20,"turns":4},{"damage":28,"enemies":"3 Cultists","floor":21,"turns":6},{"damage":51,"enemies":"Cultist and Chosen","floor":27,"turns":6}],"seed_played":"218437407507897718","potions_obtained":[{"floor":6,"key":"SkillPotion"},{"floor":8,"key":"FocusPotion"},{"floor":11,"key":"Dexterity Potion"},{"floor":12,"key":"EssenceOfSteel"},{"floor":13,"key":"SkillPotion"},{"floor":16,"key":"PowerPotion"},{"floor":18,"key":"AttackPotion"}],"is_trial":false,"path_per_floor":["M","?","M","$","M","E","R","M","T","E","M","M","M","M","R","B",null,"M","?","M","M","$","R","?","T","T","M"],"character_chosen":"DEFECT","items_purchased":["Buffer","PowerPotion","Oddly Smooth Stone"],"campfire_rested":2,"item_purchase_floors":[22,22,22],"current_hp_per_floor":[72,72,72,72,71,54,54,45,45,41,40,33,31,31,53,51,75,65,65,55,27,27,49,49,49,49,0],"gold":32,"neow_bonus":"BOSS_RELIC","is_prod":false,"is_daily":false,"chose_seed":false,"campfire_upgraded":1,"win_rate":0,"timestamp":1542801234,"path_taken":["M","?","M","?","M","E","R","M","T","E","M","M","?","M","R","BOSS","M","?","M","?","$","R","?","?","T","M"],"build_version":"2018-11-15","purchased_purges":1,"victory":false,"max_hp_per_floor":[75,75,75,75,75,75,75,75,75,75,75,75,75,75,75,75,75,75,75,75,75,75,75,75,75,75,75],"card_choices":[{"not_picked":["Hologram","Darkness"],"picked":"Coolheaded","floor":1},{"not_picked":["Redo","Turbo"],"picked":"Chill","floor":3},{"not_picked":["Reinforced Body","Gash"],"picked":"Tempest","floor":5},{"not_picked":["Hologram","FTL"],"picked":"Undo","floor":6},{"not_picked":["White Noise","Go for the Eyes"],"picked":"Skim","floor":8},{"not_picked":["Turbo","Chill"],"picked":"Reprogram","floor":10},{"not_picked":["Compile Driver","Conserve Battery"],"picked":"Redo","floor":11},{"not_picked":["Consume","Loop"],"picked":"Recycle","floor":12},{"not_picked":["Coolheaded","Darkness"],"picked":"Reinforced Body","floor":13},{"not_picked":["Gash","Reprogram"],"picked":"Creative AI","floor":14},{"not_picked":["Meteor Strike","Biased Cognition"],"picked":"Creative AI","floor":16},{"not_picked":["Beam Cell","Redo"],"picked":"Hello World+1","floor":18},{"not_picked":["Go for the Eyes","Cold Snap"],"picked":"Hologram+1","floor":20},{"not_picked":["Ball Lightning+1","Turbo"],"picked":"Blizzard+1","floor":21}],"player_experience":475589,"relics_obtained":[{"floor":6,"key":"Cables"},{"floor":9,"key":"Kunai"},{"floor":10,"key":"Sundial"},{"floor":26,"key":"Omamori"}],"event_choices":[{"damage_healed":0,"gold_gain":0,"cards_transformed":["Strike_B"],"player_choice":"Transformed","damage_taken":0,"max_hp_gain":0,"max_hp_loss":0,"event_name":"Transmorgrifier","floor":2,"gold_loss":0,"cards_obtained":["Chaos"]},{"damage_healed":0,"gold_gain":0,"player_choice":"Copied","damage_taken":0,"max_hp_gain":0,"max_hp_loss":0,"event_name":"Duplicator","floor":19,"gold_loss":0,"cards_obtained":["Skim"]},{"damage_healed":0,"gold_gain":0,"player_choice":"Ignored","damage_taken":0,"max_hp_gain":0,"max_hp_loss":0,"event_name":"Ghosts","floor":24,"gold_loss":0}],"is_beta":false,"boss_relics":[{"not_picked":["Sozu","Tiny House"],"picked":"Black Star"}],"items_purged_floors":[4],"is_endless":false,"potions_floor_spawned":[6,8,11,12,13,16,18],"killed_by":"Cultist and Chosen","ascension_level":0}