{"gold_per_floor":[113,125,141,195,0,32,32,63,63,13,24,24,24,54,54,150,150,161,161,9,22,35,35,66,66,143,161,161,176,208,255,255,357,357,369,98,115,75,90,90,109,109,134,134,165,165,220,234,234,234,234,234,3,28,28],"floor_reached":55,"playtime":3952,"items_purged":[],"score":738,"play_id":"ac4bf344-70be-4b4d-9f6c-eced558759cb","local_time":"20181202064954","is_ascension_mode":false,"campfire_choices":[{"data":"Core Surge","floor":7,"key":"SMITH"},{"floor":13,"key":"REST"},{"data":"Zap","floor":15,"key":"SMITH"},{"data":"Sunder","floor":23,"key":"SMITH"},{"data":"Buffer","floor":25,"key":"SMITH"},{"data":"Steam Power","floor":28,"key":"SMITH"},{"data":"Conserve Battery","floor":32,"key":"SMITH"},{"floor":40,"key":"REST"},{"floor":42,"key":"RECALL"},{"data":"Seek","floor":44,"key":"SMITH"},{"data":"Heatsinks","floor":46,"key":"SMITH"},{"data":"Rainbow","floor":49,"key":"SMITH"},{"data":"Reinforced Body","floor":52,"key":"SMITH"}],"neow_cost":"NONE","seed_source_timestamp":371870439658800,"circlet_count":0,"master_deck":["Strike_B","Strike_B","Strike_B","Defend_B","Defend_B","Defend_B","Defend_B+1","Zap+1","Dualcast","Doom and Gloom","Stack","Steam Power+1","Leap","Core Surge+1","Conserve Battery+1","Steam","Reinforced Body+1","Buffer+1","Steam+1","Tempest","Sunder+1","Double Energy","Stack+1","Hello World+1","Tempest+1","Seek+1","Darkness+1","Heatsinks+1","Coolheaded","Rainbow+1","Hologram+1","Machine Learning","Aggregate","Turbo+1","Conserve Battery+1","Capacitor","Doom and Gloom","Double Energy","Blizzard"],"relics":["Cracked Core","NeowsBlessing","Oddly Smooth Stone","Meat on the Bone","Omamori","Mummified Hand","Mercury Hourglass","Lizard Tail","Vajra","Juzu Bracelet","Ancient Tea Set","Tiny Chest","Red Mask","DataDisk","Nuclear Battery","ClockworkSouvenir","Potion Belt","Prayer Wheel","War Paint"],"potions_floor_usage":[6,14,24,24,24,38,45,47,50,54,55,55],"damage_taken":[{"damage":0,"enemies":"2 Louse","floor":1,"turns":1},{"damage":0,"enemies":"Jaw Worm","floor":2,"turns":1},{"damage":0,"enemies":"Small Slimes","floor":3,"turns":1},{"damage":21,"enemies":"Gremlin Nob","floor":6,"turns":4},{"damage":16,"enemies":"3 Sentries","floor":8,"turns":6},{"damage":10,"enemies":"2 Fungi Beasts","floor":11,"turns":3},{"damage":10,"enemies":"Gremlin Nob","floor":14,"turns":4},{"damage":26,"enemies":"Hexaghost","floor":16,"turns":13},{"damage":4,"enemies":"Chosen","floor":18,"turns":5},{"damage":0,"enemies":"Shell Parasite","floor":21,"turns":7},{"damage":8,"enemies":"Snecko","floor":22,"turns":7},{"damage":21,"enemies":"Slavers","floor":24,"turns":5},{"damage":0,"enemies":"Cultist and Chosen","floor":27,"turns":6},{"damage":0,"enemies":"3 Cultists","floor":29,"turns":4},{"damage":2,"enemies":"Masked Bandits","floor":30,"turns":2},{"damage":19,"enemies":"Champ","floor":33,"turns":16},{"damage":20,"enemies":"3 Darklings","floor":35,"turns":6},{"damage":4,"enemies":"Orb Walker","floor":37,"turns":3},{"damage":14,"enemies":"Jaw Worm Horde","floor":39,"turns":3},{"damage":0,"enemies":"Sphere and 2 Shapes","floor":41,"turns":4},{"damage":9,"enemies":"Reptomancer","floor":45,"turns":7},{"damage":0,"enemies":"2 Orb Walkers","floor":47,"turns":4},{"damage":0,"enemies":"3 Darklings","floor":48,"turns":4},{"damage":79,"enemies":"Awakened One","floor":50,"turns":24},{"damage":59,"enemies":"Shield and Spear","floor":54,"turns":7},{"damage":57,"enemies":"The Heart","floor":55,"turns":6}],"seed_played":"-2400061328552202121","potions_obtained":[{"floor":2,"key":"PowerPotion"},{"floor":6,"key":"Swift Potion"},{"floor":8,"key":"EssenceOfSteel"},{"floor":18,"key":"GamblersBrew"},{"floor":21,"key":"Fire Potion"},{"floor":22,"key":"Regen Potion"},{"floor":38,"key":"Energy Potion"},{"floor":38,"key":"Fruit Juice"},{"floor":38,"key":"Dexterity Potion"},{"floor":45,"key":"AttackPotion"},{"floor":48,"key":"Weak Potion"},{"floor":54,"key":"SpeedPotion"}],"is_trial":false,"path_per_floor":["M","M","M","?","$","E","R","E","T","?","M","$","R","E","R","B",null,"M","?","$","M","M","R","E","R","T","M","R","M","?","T","R","B",null,"M","$","M","?","M","R","M","R","T","R","E","R","?","M","R","B",null,"R","$","E","B"],"character_chosen":"DEFECT","items_purchased":["Oddly Smooth Stone","Leap","Juzu Bracelet","ClockworkSouvenir","Heatsinks","Capacitor","Doom and Gloom","Double Energy","FearPotion"],"campfire_rested":2,"item_purchase_floors":[5,5,20,36,36,53,53,53,53],"current_hp_per_floor":[75,75,75,75,75,54,54,38,38,38,40,40,62,52,52,38,75,71,71,71,71,63,63,56,56,56,56,56,56,54,54,54,47,75,55,55,51,56,42,66,66,66,66,66,57,57,57,57,57,32,80,80,80,33,0],"gold":28,"neow_bonus":"THREE_ENEMY_KILL","is_prod":false,"is_daily":false,"chose_seed":false,"campfire_upgraded":10,"win_rate":0,"timestamp":1543700994,"path_taken":["M","M","M","?","?","E","R","E","T","?","M","$","R","E","R","BOSS","M","?","$","M","M","R","E","R","T","M","R","M","?","?","R","BOSS","M","$","M","?","M","R","M","R","T","R","E","R","?","M","R","BOSS","R","$","E","BOSS"],"build_version":"2018-11-15","purchased_purges":0,"victory":false,"max_hp_per_floor":[75,75,75,75,75,75,75,75,75,75,75,75,75,75,75,75,75,75,75,75,75,75,75,75,75,75,75,75,75,75,75,75,75,75,75,75,75,80,80,80,80,80,80,80,80,80,80,80,80,80,80,80,80,80,80],"card_choices":[{"not_picked":["Rebound","Turbo"],"picked":"Doom and Gloom","floor":1},{"not_picked":["Aggregate","Blizzard"],"picked":"Stack","floor":2},{"not_picked":["Turbo","Storm"],"picked":"Steam Power","floor":3},{"not_picked":["Ball Lightning","Stack"],"picked":"Core Surge","floor":6},{"not_picked":["Lockon","Rip and Tear"],"picked":"Conserve Battery","floor":8},{"not_picked":["Rebound","Turbo"],"picked":"Steam","floor":11},{"not_picked":["Coolheaded","Streamline"],"picked":"Reinforced Body","floor":14},{"not_picked":["Thunder Strike","Rainbow"],"picked":"Buffer","floor":16},{"not_picked":["Cold Snap","Rip and Tear"],"picked":"Steam+1","floor":18},{"not_picked":["Conserve Battery","Steam"],"picked":"Tempest","floor":21},{"not_picked":["Barrage+1","Gash"],"picked":"Sunder","floor":22},{"not_picked":["Turbo","Recycle"],"picked":"Double Energy","floor":24},{"not_picked":["Go for the Eyes","Sweeping Beam"],"picked":"Stack","floor":27},{"not_picked":["Coolheaded","Chaos+1"],"picked":"Hello World+1","floor":29},{"not_picked":["Leap","Beam Cell"],"picked":"Tempest+1","floor":30},{"not_picked":["Echo Form","Buffer"],"picked":"Seek","floor":33},{"not_picked":["Streamline+1","Cold Snap+1"],"picked":"Darkness+1","floor":35},{"not_picked":["Genetic Algorithm","Go for the Eyes"],"picked":"Coolheaded","floor":37},{"not_picked":["Beam Cell+1","Cold Snap"],"picked":"Rainbow","floor":39},{"not_picked":["Redo+1","Sweeping Beam"],"picked":"Hologram+1","floor":41},{"not_picked":["Doom and Gloom+1","Streamline"],"picked":"Machine Learning","floor":45},{"not_picked":["Compile Driver","Stack"],"picked":"Aggregate","floor":47},{"not_picked":["Rip and Tear+1","Compile Driver+1"],"picked":"Turbo+1","floor":48},{"not_picked":["Hologram","Rebound+1"],"picked":"Conserve Battery+1","floor":48},{"not_picked":["Sweeping Beam","Barrage"],"picked":"Blizzard","floor":54}],"player_experience":573802,"relics_obtained":[{"floor":6,"key":"Meat on the Bone"},{"floor":8,"key":"Omamori"},{"floor":9,"key":"Mummified Hand"},{"floor":14,"key":"Mercury Hourglass"},{"floor":24,"key":"Ancient Tea Set"},{"floor":26,"key":"Tiny Chest"},{"floor":30,"key":"Red Mask"},{"floor":31,"key":"DataDisk"},{"floor":45,"key":"Potion Belt"},{"floor":47,"key":"Prayer Wheel"},{"floor":54,"key":"War Paint"}],"event_choices":[{"damage_healed":0,"gold_gain":54,"player_choice":"Gained Gold","damage_taken":0,"max_hp_gain":0,"max_hp_loss":0,"event_name":"Golden Wing","floor":4,"gold_loss":0},{"cards_removed":["Strike_B"],"damage_healed":0,"gold_gain":0,"player_choice":"Card Removal","damage_taken":0,"max_hp_gain":0,"max_hp_loss":0,"event_name":"The Cleric","floor":10,"gold_loss":50},{"damage_healed":0,"gold_gain":0,"player_choice":"Opened","damage_taken":0,"relics_obtained":["Vajra"],"max_hp_gain":0,"max_hp_loss":0,"event_name":"The Mausoleum","floor":19,"gold_loss":0},{"damage_healed":0,"gold_gain":0,"player_choice":"Fought Bandits","damage_taken":0,"max_hp_gain":0,"max_hp_loss":0,"event_name":"Masked Bandits","floor":30,"gold_loss":0},{"damage_healed":0,"gold_gain":0,"player_choice":"Bought 3 Potions","damage_taken":0,"max_hp_gain":0,"max_hp_loss":0,"event_name":"The Woman in Blue","floor":38,"gold_loss":0},{"damage_healed":0,"gold_gain":0,"player_choice":"Fight","damage_taken":0,"max_hp_gain":0,"max_hp_loss":0,"event_name":"Mysterious Sphere","floor":47,"gold_loss":0}],"is_beta":false,"boss_relics":[{"not_picked":["Tiny House","Fusion Hammer"],"picked":"Lizard Tail"},{"not_picked":["Runic Pyramid","Velvet Choker"],"picked":"Nuclear Battery"}],"items_purged_floors":[],"is_endless":false,"potions_floor_spawned":[2,6,8,18,21,22,45,48,54],"killed_by":"The Heart","ascension_level":0}