{"gold_per_floor":[109,123,134,84,94,94,106,139,139,139,170,9,9,27,27,131,131,148,148],"floor_reached":19,"playtime":842,"items_purged":[],"score":251,"play_id":"a9cfbccc-96c1-4494-bb02-088758c57e19","local_time":"20190810122922","is_ascension_mode":true,"campfire_choices":[{"data":"Redo","floor":6,"key":"SMITH"},{"floor":10,"key":"REST"},{"floor":15,"key":"REST"}],"neow_cost":"TEN_PERCENT_HP_LOSS","seed_source_timestamp":644713789783600,"circlet_count":0,"master_deck":["Strike_B","Strike_B","Defend_B","Defend_B","Defend_B","Zap","Dualcast","Redo+1","Redo","Rebound","Conserve Battery","Ball Lightning","Fission","All For One","Heatsinks","Panacea","Reboot","Cold Snap","Rainbow","Rip and Tear+1"],"relics":["Cracked Core","DataDisk","Sundial","Blood Vial","Nuclear Battery"],"potions_floor_usage":[8,11,14,16],"damage_taken":[{"damage":12,"enemies":"Jaw Worm","floor":1,"turns":3},{"damage":2,"enemies":"2 Louse","floor":2,"turns":3},{"damage":0,"enemies":"Small Slimes","floor":3,"turns":3},{"damage":9,"enemies":"Blue Slaver","floor":5,"turns":3},{"damage":6,"enemies":"Large Slime","floor":7,"turns":4},{"damage":33,"enemies":"3 Sentries","floor":8,"turns":6},{"damage":15,"enemies":"Lagavulin","floor":11,"turns":5},{"damage":6,"enemies":"Gremlin Gang","floor":14,"turns":3},{"damage":15,"enemies":"Slime Boss","floor":16,"turns":6},{"damage":37,"enemies":"2 Thieves","floor":18,"turns":4},{"damage":16,"enemies":"Masked Bandits","floor":19,"turns":3}],"seed_played":"4707372969642340895","potions_obtained":[{"floor":1,"key":"Block Potion"},{"floor":2,"key":"Weak Potion"},{"floor":5,"key":"Explosive Potion"},{"floor":14,"key":"Fire Potion"}],"is_trial":false,"path_per_floor":["M","M","M","?","M","R","M","E","T","R","E","$","$","M","R","B",null,"M","?"],"character_chosen":"DEFECT","items_purchased":["Panacea","Reboot"],"campfire_rested":2,"item_purchase_floors":[12,12],"current_hp_per_floor":[56,54,54,54,45,45,39,6,6,26,11,11,11,7,27,14,55,20,6],"gold":148,"neow_bonus":"TRANSFORM_TWO_CARDS","is_prod":false,"is_daily":false,"chose_seed":false,"campfire_upgraded":1,"win_rate":0,"timestamp":1565407762,"path_taken":["M","M","M","?","M","R","M","E","T","R","E","?","$","M","R","BOSS","M","?"],"build_version":"2019-07-17","purchased_purges":0,"victory":false,"max_hp_per_floor":[68,68,68,68,68,68,68,68,68,68,68,68,68,68,68,68,68,68,68],"card_choices":[{"not_picked":["Scrape","Steam","Hello World"],"picked":"SKIP","floor":1},{"not_picked":["Turbo","Beam Cell"],"picked":"Rebound","floor":2},{"not_picked":["Stack","Rebound"],"picked":"Conserve Battery","floor":3},{"not_picked":["Redo","Coolheaded"],"picked":"Ball Lightning","floor":5},{"not_picked":["Turbo","Skim"],"picked":"Fission","floor":7},{"not_picked":["Steam Power","Go for the Eyes"],"picked":"All For One","floor":8},{"not_picked":["Rebound","Go for the Eyes"],"picked":"Heatsinks","floor":11},{"not_picked":["Chaos","Streamline"],"picked":"Cold Snap","floor":14},{"not_picked":["Amplify","Echo Form"],"picked":"Rainbow","floor":16},{"not_picked":["Sweeping Beam+1","Hologram"],"picked":"Rip and Tear+1","floor":18}],"player_experience":663941,"relics_obtained":[{"floor":8,"key":"DataDisk"},{"floor":9,"key":"Sundial"},{"floor":11,"key":"Blood Vial"}],"event_choices":[{"cards_removed":["Strike_B"],"damage_healed":0,"gold_gain":0,"player_choice":"Card Removal","damage_taken":0,"max_hp_gain":0,"max_hp_loss":0,"event_name":"The Cleric","floor":4,"gold_loss":50},{"damage_healed":0,"gold_gain":0,"player_choice":"Fought Bandits","damage_taken":0,"max_hp_gain":0,"max_hp_loss":0,"event_name":"Masked Bandits","floor":19,"gold_loss":0}],"is_beta":false,"boss_relics":[{"not_picked":["Runic Pyramid","Runic Dome"],"picked":"Nuclear Battery"}],"items_purged_floors":[],"is_endless":false,"potions_floor_spawned":[1,2,5,14],"killed_by":"Masked Bandits","ascension_level":8}