{"gold_per_floor":[114,84,99,114,114,144,174,189,214,214,244,274,289,93,93,193,193,208,208,208,208,223,253,253,283,333,363,363,35,65,65,65,165,165,180,280,280,126,126,126,156,186,186,216,246,276,306,56,56,56],"floor_reached":51,"playtime":4208,"items_purged":["Strike_R"],"score":1101,"play_id":"4d39a0e8-a290-455d-96d8-b2d8db420284","local_time":"20181115210410","daily_mods":["Allstar","Flight","DeadlyEvents"],"is_ascension_mode":false,"campfire_choices":[{"data":"Rage","floor":10,"key":"SMITH"},{"data":"Whirlwind","floor":15,"key":"SMITH"},{"floor":24,"key":"REST"},{"floor":28,"key":"REST"},{"floor":32,"key":"REST"},{"floor":49,"key":"REST"}],"neow_cost":"","seed_source_timestamp":0,"circlet_count":0,"master_deck":["Bash","Violence","Purity","Master of Strategy","Swift Strike","Discovery+1","Sword Boomerang","Pummel","Headbutt","Thunderclap","Rage+1","Hemokinesis","True Grit","Whirlwind+1","Clothesline","Feel No Pain","Offering","True Grit","Twin Strike","Sword Boomerang","Dropkick","Feel No Pain","Spot Weakness","Dual Wield","Body Slam","Power Through","Battle Trance","RitualDagger","Impervious","Evolve","Feed","Heavy Blade","Uppercut+1","Chrysalis","Pommel Strike","Dark Embrace","Power Through+1","Wild Strike","Seeing Red","Pummel+1","Pummel+1","Corruption","Infernal Blade+1"],"special_seed":17850,"relics":["Burning Blood","Darkstone Periapt","Centennial Puzzle","Red Skull","StoneCalendar","Prayer Wheel","Pandora\u0027s Box","Pantograph","Vajra","Oddly Smooth Stone","Omamori","Incense Burner","Happy Flower","Anchor","MutagenicStrength","Busted Crown","Turnip","Tiny Chest","Molten Egg 2","Bronze Scales","Dodecahedron","Bottled Tornado","Lantern","Meat on the Bone","Champion Belt","Shuriken","Bag of Preparation"],"potions_floor_usage":[4,6,8,8,12,16,16,25,27,36,40,42,44,44,50,50],"damage_taken":[{"damage":2,"enemies":"Small Slimes","floor":1,"turns":2},{"damage":0,"enemies":"Cultist","floor":3,"turns":2},{"damage":0,"enemies":"2 Louse","floor":4,"turns":2},{"damage":12,"enemies":"Gremlin Nob","floor":6,"turns":4},{"damage":32,"enemies":"3 Sentries","floor":7,"turns":7},{"damage":0,"enemies":"Exordium Thugs","floor":8,"turns":2},{"damage":4,"enemies":"Gremlin Nob","floor":11,"turns":3},{"damage":8,"enemies":"Lagavulin","floor":12,"turns":5},{"damage":5,"enemies":"Looter","floor":13,"turns":3},{"damage":15,"enemies":"Hexaghost","floor":16,"turns":13},{"damage":3,"enemies":"Chosen","floor":18,"turns":3},{"damage":9,"enemies":"3 Byrds","floor":22,"turns":4},{"damage":44,"enemies":"Book of Stabbing","floor":23,"turns":6},{"damage":27,"enemies":"Slavers","floor":25,"turns":4},{"damage":18,"enemies":"Gremlin Leader","floor":27,"turns":3},{"damage":33,"enemies":"Book of Stabbing","floor":30,"turns":4},{"damage":38,"enemies":"Automaton","floor":33,"turns":10},{"damage":29,"enemies":"3 Darklings","floor":35,"turns":5},{"damage":9,"enemies":"Mind Bloom Boss Battle","floor":36,"turns":3},{"damage":0,"enemies":"Nemesis","floor":40,"turns":1},{"damage":23,"enemies":"Giant Head","floor":41,"turns":7},{"damage":12,"enemies":"Nemesis","floor":42,"turns":5},{"damage":31,"enemies":"Giant Head","floor":44,"turns":6},{"damage":19,"enemies":"Nemesis","floor":45,"turns":5},{"damage":25,"enemies":"Giant Head","floor":46,"turns":8},{"damage":3,"enemies":"Nemesis","floor":47,"turns":3},{"damage":43,"enemies":"Time Eater","floor":50,"turns":10}],"seed_played":"-5442637841000677310","potions_obtained":[{"floor":1,"key":"Block Potion"},{"floor":2,"key":"Dexterity Potion"},{"floor":2,"key":"Swift Potion"},{"floor":4,"key":"Fruit Juice"},{"floor":7,"key":"Explosive Potion"},{"floor":8,"key":"Weak Potion"},{"floor":12,"key":"Block Potion"},{"floor":16,"key":"Fire Potion"},{"floor":23,"key":"Dexterity Potion"},{"floor":25,"key":"Fire Potion"},{"floor":27,"key":"SmokeBomb"},{"floor":35,"key":"Regen Potion"},{"floor":41,"key":"SkillPotion"},{"floor":42,"key":"Regen Potion"},{"floor":44,"key":"Fruit Juice"}],"is_trial":false,"path_per_floor":["M","?","M","M","?","E","E","M","T","R","E","E","M","$","R","B",null,"M","$","?","?","M","E","R","E","T","E","R","$","E","?","R","B",null,"M","?","?","$","T","E","E","E","T","E","E","E","E","$","R","B",null],"character_chosen":"IRONCLAD","items_purchased":["Feel No Pain","Energy Potion","Chrysalis","Happy Flower","Tiny Chest","Seeing Red","Bag of Preparation","Poison Potion","AttackPotion"],"campfire_rested":4,"item_purchase_floors":[14,14,29,29,38,38,48,48,48],"current_hp_per_floor":[80,80,80,85,85,79,53,59,59,59,61,59,60,60,60,51,85,85,85,85,79,76,38,63,45,45,33,59,59,32,32,58,51,88,65,88,88,88,88,88,74,68,68,63,53,46,61,61,91,68],"gold":56,"neow_bonus":"","is_prod":false,"is_daily":true,"chose_seed":false,"campfire_upgraded":2,"win_rate":0,"timestamp":1542283450,"path_taken":["M","?","?","M","?","E","E","M","T","R","?","E","?","$","R","BOSS","M","$","?","?","?","E","R","E","T","E","R","$","?","?","R","BOSS","M","?","?","$","?","E","E","?","T","?","?","?","E","$","R","BOSS"],"build_version":"2018-11-08","purchased_purges":1,"victory":true,"max_hp_per_floor":[80,80,80,85,85,85,85,85,85,85,85,85,85,85,85,85,85,85,85,85,85,85,85,85,88,88,88,88,88,88,88,88,88,88,88,88,88,88,88,88,91,91,91,99,102,102,102,102,102,105],"card_choices":[{"not_picked":["Heavy Blade","Body Slam"],"picked":"Sword Boomerang","floor":1},{"not_picked":["Perfected Strike","Shrug It Off"],"picked":"Pummel","floor":3},{"not_picked":["Evolve","Anger"],"picked":"Headbutt","floor":4},{"not_picked":["True Grit","Warcry"],"picked":"Thunderclap","floor":6},{"not_picked":["Warcry","Fire Breathing"],"picked":"Rage","floor":7},{"not_picked":["Heavy Blade","Demon Form"],"picked":"Hemokinesis","floor":8},{"not_picked":["Rampage","Clothesline"],"picked":"True Grit","floor":11},{"not_picked":["Spot Weakness","Fire Breathing"],"picked":"Whirlwind","floor":12},{"not_picked":["Wild Strike","Body Slam"],"picked":"Clothesline","floor":13},{"not_picked":["Sword Boomerang","Clash","Heavy Blade"],"picked":"SKIP","floor":13},{"not_picked":["Sword Boomerang","Clash","Heavy Blade"],"picked":"SKIP","floor":13},{"not_picked":["Reaper","Demon Form"],"picked":"Offering","floor":16},{"not_picked":["Clash","Second Wind"],"picked":"Power Through","floor":18},{"not_picked":["Pommel Strike","Perfected Strike"],"picked":"Battle Trance","floor":18},{"not_picked":["True Grit","Hemokinesis"],"picked":"Impervious","floor":22},{"not_picked":["Metallicize","Armaments"],"picked":"Evolve","floor":22},{"not_picked":["Sword Boomerang+1","Hemokinesis"],"picked":"Feed","floor":23},{"not_picked":["Pommel Strike","Wild Strike"],"picked":"Heavy Blade","floor":25},{"not_picked":["Clash","Evolve+1"],"picked":"Uppercut+1","floor":27},{"not_picked":["Cleave","Feel No Pain"],"picked":"Pommel Strike","floor":30},{"not_picked":["Demon Form","Reaper"],"picked":"Dark Embrace","floor":33},{"not_picked":[],"picked":"Power Through+1","floor":35},{"not_picked":["Clash"],"picked":"SKIP","floor":35},{"not_picked":[],"picked":"Wild Strike","floor":36},{"not_picked":[],"picked":"Pummel+1","floor":41},{"not_picked":["Perfected Strike+1"],"picked":"SKIP","floor":42},{"not_picked":["Perfected Strike+1"],"picked":"SKIP","floor":44},{"not_picked":[],"picked":"Pummel+1","floor":45},{"not_picked":[],"picked":"Corruption","floor":46},{"not_picked":[],"picked":"Infernal Blade+1","floor":47}],"player_experience":439091,"relics_obtained":[{"floor":6,"key":"Darkstone Periapt"},{"floor":7,"key":"Centennial Puzzle"},{"floor":9,"key":"Red Skull"},{"floor":11,"key":"StoneCalendar"},{"floor":12,"key":"Prayer Wheel"},{"floor":23,"key":"Vajra"},{"floor":25,"key":"Oddly Smooth Stone"},{"floor":26,"key":"Omamori"},{"floor":27,"key":"Incense Burner"},{"floor":30,"key":"Anchor"},{"floor":36,"key":"Turnip"},{"floor":39,"key":"Molten Egg 2"},{"floor":41,"key":"Bronze Scales"},{"floor":42,"key":"Dodecahedron"},{"floor":43,"key":"Bottled Tornado"},{"floor":44,"key":"Lantern"},{"floor":45,"key":"Meat on the Bone"},{"floor":46,"key":"Champion Belt"},{"floor":47,"key":"Shuriken"}],"event_choices":[{"damage_healed":0,"gold_gain":0,"player_choice":"Bought 2 Potions","damage_taken":0,"max_hp_gain":0,"max_hp_loss":0,"event_name":"The Woman in Blue","floor":2,"gold_loss":0},{"damage_healed":0,"gold_gain":0,"player_choice":"Upgraded","damage_taken":0,"max_hp_gain":0,"max_hp_loss":0,"event_name":"Upgrade Shrine","floor":5,"gold_loss":0,"cards_upgraded":["Discovery"]},{"damage_healed":0,"gold_gain":0,"player_choice":"Opened","damage_taken":0,"relics_obtained":["Pantograph"],"max_hp_gain":0,"max_hp_loss":0,"event_name":"The Mausoleum","floor":20,"gold_loss":0},{"damage_healed":0,"gold_gain":0,"player_choice":"Joined the Cult","damage_taken":6,"max_hp_gain":0,"max_hp_loss":0,"event_name":"Nest","floor":21,"gold_loss":0,"cards_obtained":["RitualDagger"]},{"damage_healed":0,"gold_gain":0,"player_choice":"Inject Mutagens","damage_taken":0,"relics_obtained":["MutagenicStrength"],"max_hp_gain":0,"max_hp_loss":0,"event_name":"Drug Dealer","floor":31,"gold_loss":0},{"damage_healed":0,"gold_gain":0,"player_choice":"Fight","damage_taken":0,"max_hp_gain":0,"max_hp_loss":0,"event_name":"MindBloom","floor":36,"gold_loss":0},{"damage_healed":22,"gold_gain":0,"player_choice":"Writhe","damage_taken":0,"max_hp_gain":0,"max_hp_loss":0,"event_name":"Winding Halls","floor":37,"gold_loss":0,"cards_obtained":["Writhe"]}],"is_beta":false,"boss_relics":[{"not_picked":["Lizard Tail","Runic Pyramid"],"picked":"Pandora\u0027s Box"},{"not_picked":["Calling Bell","Runic Cube"],"picked":"Busted Crown"}],"items_purged_floors":[14],"is_endless":false,"potions_floor_spawned":[1,4,7,8,12,16,23,25,27,35,41,42,44],"ascension_level":0}