{"gold_per_floor":[110,127,137,147,44,44,74,104,116,155,167,179,202,234,246,355,367,397,437,449,16,28,28,28,38,86,106,6,18,18,18,18,119,119,130,352,352,352,65,65,82,97,97,109,119,119,94,113,113,113],"floor_reached":51,"playtime":4355,"items_purged":["Strike_B","Strike_B"],"score":900,"play_id":"a9f6629a-29cd-4fb7-af0d-74c611ae62a7","local_time":"20190810121501","is_ascension_mode":true,"campfire_choices":[{"data":"Fusion","floor":6.0,"key":"SMITH"},{"floor":11.0,"key":"REST"},{"data":"Dualcast","floor":15.0,"key":"SMITH"},{"floor":23.0,"key":"REST"},{"floor":32.0,"key":"REST"},{"floor":40,"key":"REST"},{"floor":46,"key":"REST"},{"floor":49,"key":"REST"}],"neow_cost":"NONE","seed_source_timestamp":0,"circlet_count":0,"master_deck":["Zap","Dualcast+1","Cold Snap","Rip and Tear","Fusion+1","Ball Lightning","Capacitor","Sweeping Beam","Auto Shields","Cold Snap","Chill","Fission","Consume","Undo+1","Capacitor","Conserve Battery","Cold Snap","Hologram+1","Self Repair","Hello World+1","Genetic Algorithm","Compile Driver+1","Bite","Bite","Bite","Bite","Bite","Core Surge","Defragment","Rainbow","Compile Driver","Meteor Strike","FTL+1","Darkness+1","Go for the Eyes+1","Reprogram+1","Leap","BootSequence"],"special_seed":0,"relics":["Cracked Core","MawBank","Oddly Smooth Stone","Fusion Hammer","Red Mask","Happy Flower","Omamori","Nilry\u0027s Codex","Pandora\u0027s Box","Gambling Chip","Turnip"],"potions_floor_usage":[50,50,50],"damage_taken":[{"damage":5.0,"enemies":"Small Slimes","floor":1.0,"turns":4.0},{"damage":0.0,"enemies":"2 Louse","floor":2.0,"turns":2.0},{"damage":0.0,"enemies":"Jaw Worm","floor":3.0,"turns":3.0},{"damage":1.0,"enemies":"Exordium Wildlife","floor":4.0,"turns":3.0},{"damage":14.0,"enemies":"Gremlin Nob","floor":7.0,"turns":3.0},{"damage":2.0,"enemies":"3 Louse","floor":8.0,"turns":3.0},{"damage":24.0,"enemies":"Lagavulin","floor":10.0,"turns":6.0},{"damage":9.0,"enemies":"Looter","floor":13.0,"turns":3.0},{"damage":0.0,"enemies":"Large Slime","floor":14.0,"turns":3.0},{"damage":32.0,"enemies":"Hexaghost","floor":16.0,"turns":9.0},{"damage":4.0,"enemies":"Chosen","floor":18.0,"turns":4.0},{"damage":30.0,"enemies":"Masked Bandits","floor":19.0,"turns":4.0},{"damage":0.0,"enemies":"Shell Parasite","floor":22.0,"turns":8.0},{"damage":24.0,"enemies":"Cultist and Chosen","floor":25.0,"turns":7.0},{"damage":12.0,"enemies":"Chosen and Byrds","floor":27.0,"turns":7.0},{"damage":4.0,"enemies":"Centurion and Healer","floor":29.0,"turns":8.0},{"damage":6.0,"enemies":"Collector","floor":33.0,"turns":15.0},{"damage":0.0,"enemies":"Orb Walker","floor":35.0,"turns":7.0},{"damage":28.0,"enemies":"Mind Bloom Boss Battle","floor":38.0,"turns":7.0},{"damage":5,"enemies":"3 Shapes","floor":41,"turns":4},{"damage":13,"enemies":"Jaw Worm Horde","floor":42,"turns":7},{"damage":0,"enemies":"4 Shapes","floor":44,"turns":5},{"damage":61,"enemies":"Writhing Mass","floor":45,"turns":9},{"damage":5,"enemies":"Sphere and 2 Shapes","floor":48,"turns":9},{"damage":66,"enemies":"Donu and Deca","floor":50,"turns":17}],"seed_played":"3933331022797046249","potions_obtained":[{"floor":0.0,"key":"SpeedPotion"},{"floor":0.0,"key":"Fruit Juice"},{"floor":0.0,"key":"Swift Potion"},{"floor":3.0,"key":"Poison Potion"},{"floor":7.0,"key":"Strength Potion"},{"floor":10.0,"key":"FocusPotion"},{"floor":13.0,"key":"Weak Potion"},{"floor":14.0,"key":"EssenceOfSteel"},{"floor":19.0,"key":"AttackPotion"},{"floor":25.0,"key":"Regen Potion"},{"floor":29.0,"key":"AttackPotion"},{"floor":33.0,"key":"SkillPotion"},{"floor":35.0,"key":"Strength Potion"},{"floor":48,"key":"GamblersBrew"}],"is_trial":false,"path_per_floor":["M","M","M","M","$","R","E","M","T","E","R","?","M","M","R","B",null,"M","?","?","$","M","R","?","M","T","M","$","M","?","?","R","B",null,"M","?","?","?","$","R","M","M","T","M","M","R","$","M","R","B",null],"character_chosen":"DEFECT","items_purchased":["Ball Lightning","Capacitor","Happy Flower","Capacitor","Ancient Potion","Conserve Battery","Cold Snap","Gambling Chip","Leap"],"campfire_rested":6,"item_purchase_floors":[5,5,21,21,21,21,21,39,47],"current_hp_per_floor":[68,68,68,67,67,67,53,51,51,27,51,77,70,72,72,42,71,69,41,26,26,28,53,53,38,38,50,50,55,39,39,64,72,82,85,85,85,72,72,85,85,83,83,85,43,68,68,80,85,40],"gold":113,"neow_bonus":"THREE_SMALL_POTIONS","is_prod":false,"is_daily":false,"chose_seed":false,"campfire_upgraded":2,"win_rate":0,"timestamp":1565406901,"path_taken":["M","M","M","M","$","R","E","M","T","E","R","?","M","M","R","BOSS","M","?","?","$","?","R","?","M","T","M","$","M","?","?","R","BOSS","M","?","?","?","$","R","M","M","T","M","M","R","$","M","R","BOSS"],"build_version":"2019-07-17","purchased_purges":2,"victory":true,"max_hp_per_floor":[80,80,80,80,80,80,80,80,80,80,80,80,80,80,80,80,80,80,80,85,85,85,85,85,85,85,85,85,85,85,85,85,85,85,85,85,85,85,85,85,85,85,85,85,85,85,85,85,85,85],"card_choices":[{"not_picked":["White Noise","Doom and Gloom"],"picked":"Ball Lightning","floor":1.0},{"not_picked":["Steam","Force Field"],"picked":"Cold Snap","floor":2.0},{"not_picked":["Hologram","Leap"],"picked":"Rip and Tear","floor":3.0},{"not_picked":["Barrage","Beam Cell"],"picked":"Fusion","floor":4.0},{"not_picked":["Go for the Eyes","Stack"],"picked":"Sweeping Beam","floor":7.0},{"not_picked":["Barrage","Turbo"],"picked":"Auto Shields","floor":8.0},{"not_picked":["Tempest","Doom and Gloom","Beam Cell"],"picked":"SKIP","floor":10.0},{"not_picked":["Doom and Gloom","Coolheaded"],"picked":"Cold Snap","floor":13.0},{"not_picked":["Lockon","Go for the Eyes"],"picked":"Chill","floor":14.0},{"not_picked":["Hyperbeam","Meteor Strike"],"picked":"Fission","floor":16.0},{"not_picked":["Undo","Coolheaded"],"picked":"Consume","floor":18.0},{"not_picked":["Go for the Eyes+1","Loop+1"],"picked":"Undo+1","floor":19.0},{"not_picked":["Stack","Beam Cell"],"picked":"Hologram+1","floor":22.0},{"not_picked":["Beam Cell","BootSequence+1"],"picked":"Hello World+1","floor":25.0},{"not_picked":["Tempest","Gash"],"picked":"Genetic Algorithm","floor":27.0},{"not_picked":["Lockon","Hologram"],"picked":"Compile Driver+1","floor":29.0},{"not_picked":["Reboot","All For One"],"picked":"Core Surge","floor":33.0},{"not_picked":["Compile Driver","Sweeping Beam"],"picked":"FTL+1","floor":35.0},{"not_picked":["Reinforced Body","Steam Power"],"picked":"Darkness+1","floor":41},{"not_picked":["Aggregate+1","Go for the Eyes","Turbo"],"picked":"SKIP","floor":42},{"not_picked":["Aggregate+1","Cold Snap"],"picked":"Go for the Eyes+1","floor":44},{"not_picked":["Turbo+1","Stack"],"picked":"Reprogram+1","floor":45},{"not_picked":["Coolheaded","Leap"],"picked":"BootSequence","floor":48}],"player_experience":659586,"relics_obtained":[{"floor":7.0,"key":"MawBank"},{"floor":9.0,"key":"Oddly Smooth Stone"},{"floor":10.0,"key":"Blood Vial"},{"floor":19.0,"key":"Red Mask"},{"floor":26.0,"key":"Omamori"},{"floor":30.0,"key":"Nilry\u0027s Codex"},{"floor":43,"key":"Turnip"}],"event_choices":[{"damage_healed":26.0,"max_hp_gain":0.0,"max_hp_loss":0.0,"gold_gain":0.0,"event_name":"Big Fish","player_choice":"Banana","floor":12.0,"gold_loss":0.0,"damage_taken":0.0},{"damage_healed":0.0,"max_hp_gain":0.0,"max_hp_loss":0.0,"gold_gain":0.0,"event_name":"Masked Bandits","player_choice":"Fought Bandits","floor":19.0,"gold_loss":0.0,"damage_taken":0.0},{"damage_healed":0.0,"max_hp_gain":5.0,"max_hp_loss":0.0,"gold_gain":0.0,"event_name":"Forgotten Altar","player_choice":"Shed Blood","floor":20.0,"gold_loss":0.0,"damage_taken":20.0},{"damage_healed":0.0,"max_hp_gain":0.0,"max_hp_loss":0.0,"gold_gain":0.0,"event_name":"The Library","player_choice":"Read","floor":24.0,"gold_loss":0.0,"damage_taken":0.0,"cards_obtained":["Self Repair"]},{"damage_healed":0.0,"max_hp_gain":0.0,"max_hp_loss":0.0,"gold_gain":0.0,"event_name":"Cursed Tome","player_choice":"Obtained Book","floor":30.0,"gold_loss":0.0,"damage_taken":16.0},{"damage_healed":0.0,"max_hp_gain":0.0,"max_hp_loss":0.0,"gold_gain":0.0,"event_name":"Vampires","player_choice":"Became a vampire (Vial)","floor":31.0,"relics_lost":["Blood Vial"],"gold_loss":0.0,"damage_taken":0.0,"cards_obtained":["Bite","Bite","Bite","Bite","Bite"]},{"damage_healed":0.0,"max_hp_gain":0.0,"max_hp_loss":0.0,"gold_gain":222.0,"event_name":"Tomb of Lord Red Mask","player_choice":"Wore Mask","floor":36.0,"gold_loss":0.0,"damage_taken":0.0},{"cards_removed":["Ball Lightning"],"damage_healed":0.0,"max_hp_gain":0.0,"max_hp_loss":0.0,"gold_gain":0.0,"event_name":"Falling","player_choice":"Removed Attack","floor":37.0,"gold_loss":0.0,"damage_taken":0.0},{"damage_healed":0.0,"max_hp_gain":0.0,"max_hp_loss":0.0,"gold_gain":0.0,"event_name":"MindBloom","player_choice":"Fight","floor":38.0,"gold_loss":0.0,"damage_taken":0.0}],"is_beta":false,"boss_relics":[{"not_picked":["Coffee Dripper","Black Star"],"picked":"Fusion Hammer"},{"not_picked":["Runic Pyramid","Velvet Choker"],"picked":"Pandora\u0027s Box"}],"items_purged_floors":[21,28],"is_endless":false,"potions_floor_spawned":[3,7,10,13,14,19,25,29,33,35,45,48],"ascension_level":7}