{"gold_per_floor":[119,131,206,206,224,224,251,263,286,316,328,94,94,108,108,207,207,217,217,228,243,259,259,289,289],"floor_reached":25,"playtime":4824,"items_purged":["Strike_R"],"score":235,"play_id":"bd3a5e35-05f5-4e1d-b715-1b71e89538ff","local_time":"20190822163328","is_ascension_mode":false,"campfire_choices":[{"data":"Bash","floor":6.0,"key":"SMITH"},{"floor":13.0,"key":"REST"},{"data":"Evolve","floor":15.0,"key":"SMITH"},{"floor":23.0,"key":"REST"}],"neow_cost":"NONE","seed_source_timestamp":0,"circlet_count":0,"master_deck":["Strike_R","Strike_R","Strike_R","Defend_R","Defend_R","Defend_R","Defend_R","Bash+1","Reaper","Sever Soul","Anger","Anger","Pommel Strike","Pommel Strike","Uppercut","Evolve+1","Rupture","Brutality","Rupture","Combust","Inflame+1","Reaper"],"special_seed":0,"relics":["Burning Blood","Happy Flower","Oddly Smooth Stone","Mark of Pain","Art of War"],"potions_floor_usage":[],"damage_taken":[{"damage":0.0,"enemies":"Small Slimes","floor":1.0,"turns":3.0},{"damage":13.0,"enemies":"Jaw Worm","floor":2.0,"turns":3.0},{"damage":1.0,"enemies":"Cultist","floor":5.0,"turns":3.0},{"damage":25.0,"enemies":"3 Sentries","floor":7.0,"turns":6.0},{"damage":0.0,"enemies":"2 Fungi Beasts","floor":8.0,"turns":2.0},{"damage":32.0,"enemies":"Gremlin Nob","floor":10.0,"turns":4.0},{"damage":27.0,"enemies":"Exordium Thugs","floor":11.0,"turns":4.0},{"damage":19.0,"enemies":"Gremlin Gang","floor":14.0,"turns":3.0},{"damage":40.0,"enemies":"Hexaghost","floor":16.0,"turns":7.0},{"damage":15.0,"enemies":"Shell Parasite","floor":18.0,"turns":4.0},{"damage":6.0,"enemies":"Spheric Guardian","floor":20.0,"turns":3.0},{"damage":30.0,"enemies":"Centurion and Healer","floor":21.0,"turns":5.0},{"damage":46.0,"enemies":"Sentry and Sphere","floor":22.0,"turns":5.0},{"damage":66.0,"enemies":"Slavers","floor":24.0,"turns":5.0},{"damage":14,"enemies":"Snake Plant","floor":25,"turns":1}],"seed_played":"-176003219250107804","potions_obtained":[{"floor":5.0,"key":"PowerPotion"},{"floor":7.0,"key":"Fire Potion"},{"floor":8.0,"key":"SpeedPotion"},{"floor":14.0,"key":"Regen Potion"},{"floor":16.0,"key":"EssenceOfSteel"},{"floor":18.0,"key":"Fruit Juice"},{"floor":22.0,"key":"Poison Potion"}],"is_trial":false,"path_per_floor":["M","M","?","?","M","R","E","M","T","E","M","$","R","M","R","B",null,"M","?","M","M","M","R","E","M"],"character_chosen":"IRONCLAD","items_purchased":["Evolve","LiquidBronze"],"campfire_rested":2,"item_purchase_floors":[12,12],"current_hp_per_floor":[80,73,62,55,64,64,61,75,75,55,34,34,58,54,54,34,80,80,80,80,73,33,58,10,0],"gold":289,"neow_bonus":"ONE_RANDOM_RARE_CARD","is_prod":false,"is_daily":false,"chose_seed":false,"campfire_upgraded":2,"win_rate":0,"timestamp":1566484408,"path_taken":["M","M","?","?","M","R","E","M","T","E","M","$","R","M","R","BOSS","M","?","?","M","M","R","E","M"],"build_version":"2019-07-17","purchased_purges":1,"victory":false,"max_hp_per_floor":[80,80,80,80,80,80,80,80,80,80,80,80,80,80,80,80,80,80,80,80,85,85,85,85,85],"card_choices":[{"not_picked":["Armaments","Intimidate"],"picked":"Sever Soul","floor":1.0},{"not_picked":["Shrug It Off","Body Slam"],"picked":"Anger","floor":2.0},{"not_picked":["Flex","Havoc"],"picked":"Anger","floor":5.0},{"not_picked":["Barricade","Hemokinesis","Perfected Strike"],"picked":"SKIP","floor":7.0},{"not_picked":["Hemokinesis","Clothesline"],"picked":"Pommel Strike","floor":8.0},{"not_picked":["Wild Strike","Flex"],"picked":"Pommel Strike","floor":10.0},{"not_picked":["Entrench","Body Slam"],"picked":"Uppercut","floor":11.0},{"not_picked":["Iron Wave","Clothesline"],"picked":"Rupture","floor":14.0},{"not_picked":["Double Tap","Offering"],"picked":"Brutality","floor":16.0},{"not_picked":["Havoc","True Grit","Perfected Strike"],"picked":"SKIP","floor":18.0},{"not_picked":["Havoc+1","Flex","Cleave"],"picked":"SKIP","floor":20.0},{"not_picked":["Iron Wave","Body Slam"],"picked":"Combust","floor":21.0},{"not_picked":["Flex","Havoc+1"],"picked":"Inflame+1","floor":22.0},{"not_picked":["Spot Weakness","Iron Wave"],"picked":"Reaper","floor":24.0}],"player_experience":227002,"relics_obtained":[{"floor":7.0,"key":"Happy Flower"},{"floor":10.0,"key":"Oddly Smooth Stone"},{"floor":24.0,"key":"Art of War"}],"event_choices":[{"damage_healed":0.0,"max_hp_gain":0.0,"max_hp_loss":0.0,"gold_gain":75.0,"event_name":"World of Goop","player_choice":"Gather Gold","floor":3.0,"gold_loss":0.0,"damage_taken":11.0},{"cards_removed":["Strike_R"],"damage_healed":0.0,"max_hp_gain":0.0,"max_hp_loss":0.0,"gold_gain":0.0,"event_name":"Golden Wing","player_choice":"Card Removal","floor":4.0,"gold_loss":0.0,"damage_taken":7.0},{"damage_healed":0.0,"max_hp_gain":0.0,"max_hp_loss":0.0,"gold_gain":0.0,"event_name":"Duplicator","player_choice":"Copied","floor":19.0,"gold_loss":0.0,"damage_taken":0.0,"cards_obtained":["Rupture"]}],"is_beta":false,"boss_relics":[{"not_picked":["Calling Bell","Pandora\u0027s Box"],"picked":"Mark of Pain"}],"items_purged_floors":[12],"is_endless":false,"potions_floor_spawned":[5,7,8,14,16,18,22],"killed_by":"Snake Plant","ascension_level":0}