{"gold_per_floor":[110,110,125,125,145,174,174,189,189,40,52,52,65,85,85,186,186,205,216,216,216,60,60,60],"floor_reached":24,"playtime":1080,"items_purged":["Pain"],"score":277,"play_id":"76d414ab-5184-488d-b013-9e1267442322","local_time":"20190810132315","is_ascension_mode":true,"campfire_choices":[{"data":"Dualcast","floor":7,"key":"SMITH"},{"data":"Zap","floor":12,"key":"SMITH"},{"data":"Creative AI","floor":15,"key":"SMITH"},{"data":"Defragment","floor":23,"key":"SMITH"}],"neow_cost":"NONE","seed_source_timestamp":647709651261600,"circlet_count":0,"master_deck":["Strike_B","Strike_B","Defend_B","Defend_B","Defend_B","Defend_B","Zap+1","Dualcast+1","Leap","Reinforced Body","Compile Driver","BootSequence","Defragment+1","Rebound","Conserve Battery","Leap","Creative AI+1","Self Repair","Core Surge","Redo+1","Conserve Battery","RitualDagger"],"relics":["Cracked Core","NeowsBlessing","WarpedTongs","FossilizedHelix","Torii","Eternal Feather","PreservedInsect"],"potions_floor_usage":[13,16,16,16],"damage_taken":[{"damage":0,"enemies":"Small Slimes","floor":1,"turns":1},{"damage":0,"enemies":"Cultist","floor":3,"turns":1},{"damage":0,"enemies":"2 Louse","floor":5,"turns":1},{"damage":31,"enemies":"Gremlin Nob","floor":6,"turns":4},{"damage":2,"enemies":"Looter","floor":8,"turns":3},{"damage":0,"enemies":"Lots of Slimes","floor":11,"turns":5},{"damage":0,"enemies":"2 Fungi Beasts","floor":13,"turns":3},{"damage":0,"enemies":"Exordium Thugs","floor":14,"turns":5},{"damage":1,"enemies":"The Guardian","floor":16,"turns":12},{"damage":22,"enemies":"3 Byrds","floor":18,"turns":7},{"damage":12,"enemies":"Spheric Guardian","floor":19,"turns":6},{"damage":54,"enemies":"Gremlin Leader","floor":24,"turns":6}],"seed_played":"-5461828237250197707","potions_obtained":[{"floor":5,"key":"Swift Potion"},{"floor":11,"key":"Weak Potion"},{"floor":13,"key":"FearPotion"},{"floor":14,"key":"Swift Potion"},{"floor":18,"key":"SkillPotion"},{"floor":19,"key":"Energy Potion"}],"is_trial":false,"path_per_floor":["M","?","M","?","M","E","R","M","T","$","M","R","M","M","R","B",null,"M","M","?","?","$","R","E"],"character_chosen":"DEFECT","items_purchased":["Rebound","Conserve Battery","PreservedInsect"],"campfire_rested":0,"item_purchase_floors":[10,10,22],"current_hp_per_floor":[68,68,68,68,68,37,37,35,35,35,35,35,35,35,35,41,67,52,47,41,41,41,53,0],"gold":60,"neow_bonus":"THREE_ENEMY_KILL","is_prod":false,"is_daily":false,"chose_seed":false,"campfire_upgraded":4,"win_rate":0,"timestamp":1565410995,"path_taken":["M","?","?","?","M","E","R","?","T","$","M","R","M","M","R","BOSS","M","M","?","?","$","R","E"],"build_version":"2019-07-17","purchased_purges":1,"victory":false,"max_hp_per_floor":[75,75,75,75,75,75,75,75,75,75,75,75,75,75,75,75,75,75,75,75,75,75,75,75],"card_choices":[{"not_picked":["Reprogram","Scrape"],"picked":"Leap","floor":1},{"not_picked":["Stack","Lockon","Recycle"],"picked":"SKIP","floor":3},{"not_picked":["Auto Shields","Tempest"],"picked":"Compile Driver","floor":5},{"not_picked":["Sweeping Beam","Steam"],"picked":"BootSequence","floor":6},{"not_picked":["Lockon","Beam Cell"],"picked":"Defragment","floor":8},{"not_picked":["Coolheaded","Steam"],"picked":"Leap","floor":11},{"not_picked":["Static Discharge","Beam Cell"],"picked":"Creative AI","floor":13},{"not_picked":["Go for the Eyes","Barrage"],"picked":"Self Repair","floor":14},{"not_picked":["Echo Form","All For One"],"picked":"Core Surge","floor":16},{"not_picked":["Hologram","Streamline"],"picked":"Redo+1","floor":18},{"not_picked":["Coolheaded","Redo"],"picked":"Conserve Battery","floor":19}],"player_experience":666893,"relics_obtained":[{"floor":6,"key":"FossilizedHelix"},{"floor":9,"key":"Torii"}],"event_choices":[{"damage_healed":0,"gold_gain":0,"cards_transformed":["Strike_B"],"player_choice":"Transformed","damage_taken":0,"max_hp_gain":0,"max_hp_loss":0,"event_name":"Transmorgrifier","floor":2,"gold_loss":0,"cards_obtained":["Reinforced Body"]},{"damage_healed":0,"gold_gain":0,"player_choice":"Rummage","damage_taken":0,"relics_obtained":["WarpedTongs"],"max_hp_gain":0,"max_hp_loss":0,"event_name":"Accursed Blacksmith","floor":4,"gold_loss":0,"cards_obtained":["Pain"]},{"damage_healed":0,"gold_gain":0,"player_choice":"Joined the Cult","damage_taken":6,"max_hp_gain":0,"max_hp_loss":0,"event_name":"Nest","floor":20,"gold_loss":0,"cards_obtained":["RitualDagger"]},{"cards_removed":["Strike_B"],"damage_healed":0,"gold_gain":0,"player_choice":"Offered Basic","damage_taken":0,"max_hp_gain":0,"max_hp_loss":0,"event_name":"Bonfire Elementals","floor":21,"gold_loss":0}],"is_beta":false,"boss_relics":[{"not_picked":["Coffee Dripper","Runic Dome"],"picked":"Eternal Feather"}],"items_purged_floors":[10],"is_endless":false,"potions_floor_spawned":[5,11,13,14,18,19],"killed_by":"Gremlin Leader","ascension_level":8}