{"gold_per_floor":[15,34,54,54,67,95,95,112,188,188,263,283,294,308,308,405,405,422,422,422,512,156,186,186,220,220,232,250,250,264,275,275,377,377,394,43,63,63,77,77,90,90,141,141,141,0,15,34,34,34],"floor_reached":51,"playtime":4958,"items_purged":["Strike_G","Crippling Poison"],"score":725,"play_id":"cc8df5e9-9168-4136-875d-739d48994685","local_time":"20181021123411","is_ascension_mode":true,"campfire_choices":[{"floor":7,"key":"REST"},{"data":"Caltrops","floor":10,"key":"SMITH"},{"floor":15,"key":"REST"},{"data":"Strike_G","floor":24,"key":"PURGE"},{"floor":29,"key":"REST"},{"floor":32,"key":"REST"},{"data":"Ghostly","floor":40,"key":"SMITH"},{"data":"Strike_G","floor":42,"key":"PURGE"},{"data":"Ghostly","floor":49,"key":"SMITH"}],"neow_cost":"NO_GOLD","seed_source_timestamp":393324172959298,"circlet_count":0,"master_deck":["Defend_G","Defend_G","Defend_G","Defend_G","Defend_G","Strike_G","Strike_G","Survivor","Neutralize","Madness","Finesse","Poisoned Stab","Caltrops+1","Unload","Dagger Throw","All Out Attack","PiercingWail","Die Die Die","Flying Knee","Dash","Dash","Backstab","Slice","Noxious Fumes+1","RitualDagger","Ghostly+1","Ghostly+1","Ghostly","Ghostly","Ghostly","Backstab","Bouncing Flask","Noxious Fumes+1","Dodge and Roll","Crippling Poison+1","Adrenaline","Deadly Poison","Bane+1","Deadly Poison"],"relics":["Ring of the Snake","Peace Pipe","Incense Burner","Bottled Tornado","Orrery","Shuriken","Snake Skull","Frozen Egg 2","Pantograph","WristBlade","Anchor","Omamori","Red Mask"],"potions_floor_usage":[6,16,23,27,28,30,30,41,50,50,50],"damage_taken":[{"damage":1,"enemies":"Jaw Worm","floor":1,"turns":5},{"damage":0,"enemies":"Cultist","floor":2,"turns":4},{"damage":0,"enemies":"Small Slimes","floor":3,"turns":4},{"damage":3,"enemies":"3 Louse","floor":5,"turns":5},{"damage":11,"enemies":"Gremlin Nob","floor":6,"turns":4},{"damage":5,"enemies":"Looter","floor":8,"turns":4},{"damage":3,"enemies":"Exordium Wildlife","floor":12,"turns":3},{"damage":8,"enemies":"2 Fungi Beasts","floor":13,"turns":3},{"damage":1,"enemies":"Looter","floor":14,"turns":3},{"damage":41,"enemies":"Slime Boss","floor":16,"turns":11},{"damage":20,"enemies":"Shell Parasite","floor":18,"turns":4},{"damage":6,"enemies":"Book of Stabbing","floor":23,"turns":5},{"damage":17,"enemies":"Gremlin Leader","floor":25,"turns":6},{"damage":3,"enemies":"2 Thieves","floor":27,"turns":3},{"damage":7,"enemies":"Shelled Parasite and Fungi","floor":28,"turns":4},{"damage":6,"enemies":"Centurion and Healer","floor":30,"turns":5},{"damage":5,"enemies":"Chosen and Byrds","floor":31,"turns":5},{"damage":34,"enemies":"Champ","floor":33,"turns":12},{"damage":0,"enemies":"3 Shapes","floor":35,"turns":5},{"damage":0,"enemies":"Orb Walker","floor":37,"turns":5},{"damage":0,"enemies":"Spire Growth","floor":39,"turns":5},{"damage":3,"enemies":"Maw","floor":41,"turns":6},{"damage":5,"enemies":"Writhing Mass","floor":47,"turns":6},{"damage":2,"enemies":"Spire Growth","floor":48,"turns":4},{"damage":18,"enemies":"Donu and Deca","floor":50,"turns":7}],"seed_played":"8782561486030541144","potions_obtained":[{"floor":3,"key":"PowerPotion"},{"floor":8,"key":"Explosive Potion"},{"floor":13,"key":"Regen Potion"},{"floor":16,"key":"GhostInAJar"},{"floor":18,"key":"SteroidPotion"},{"floor":27,"key":"Weak Potion"},{"floor":28,"key":"LiquidBronze"},{"floor":39,"key":"GhostInAJar"},{"floor":47,"key":"PowerPotion"}],"is_trial":false,"path_per_floor":["M","M","M","?","M","E","R","M","T","R","?","M","M","M","R","B",null,"M","?","?","?","$","E","R","E","T","M","M","R","M","M","R","B",null,"M","$","M","?","M","R","M","R","T","?","?","?","M","M","R","B"],"character_chosen":"THE_SILENT","items_purchased":["Shuriken","Backstab","Anchor","PowerPotion","Block Potion"],"campfire_rested":4,"item_purchase_floors":[22,22,36,36,36],"current_hp_per_floor":[69,69,69,51,48,37,58,53,53,53,42,39,31,30,51,10,70,50,44,35,23,23,31,31,14,14,11,4,14,8,3,13,1,35,35,35,35,35,35,35,32,32,32,32,32,32,27,25,25,17],"gold":34,"neow_bonus":"RANDOM_COLORLESS_2","is_prod":false,"is_daily":false,"chose_seed":false,"campfire_upgraded":3,"win_rate":0,"timestamp":1540150451,"path_taken":["M","M","M","?","?","E","R","M","T","R","?","M","M","M","R","BOSS","M","?","?","?","$","E","R","E","T","M","?","R","M","M","R","BOSS","M","$","M","?","M","R","?","R","T","?","?","?","M","M","R","BOSS"],"build_version":"2018-10-18","purchased_purges":2,"victory":true,"max_hp_per_floor":[70,70,70,70,70,70,70,70,70,70,70,70,70,70,70,70,70,70,70,35,35,35,35,35,35,35,35,35,35,35,35,35,35,35,35,35,35,35,35,35,35,35,35,35,35,35,35,35,35,35],"card_choices":[{"not_picked":["Underhanded Strike","Dodge and Roll"],"picked":"Poisoned Stab","floor":1},{"not_picked":["Bane","Underhanded Strike"],"picked":"Caltrops","floor":2},{"not_picked":["Cloak And Dagger","Acrobatics"],"picked":"Unload","floor":3},{"not_picked":["Expertise","Outmaneuver"],"picked":"Dagger Throw","floor":5},{"not_picked":["Blade Dance","PiercingWail"],"picked":"All Out Attack","floor":6},{"not_picked":["Sucker Punch","All Out Attack"],"picked":"PiercingWail","floor":8},{"not_picked":["Flechettes","Endless Agony","Setup"],"picked":"SKIP","floor":12},{"not_picked":["Flying Knee","Slice"],"picked":"Footwork","floor":13},{"not_picked":["Quick Slash","Poisoned Stab"],"picked":"Crippling Poison","floor":14},{"not_picked":["Venomology","Night Terror"],"picked":"Die Die Die","floor":16},{"not_picked":["Well Laid Plans","Prepared"],"picked":"Flying Knee","floor":17},{"not_picked":["Dodge and Roll","Backflip"],"picked":"Dash","floor":17},{"not_picked":["Choke","Cloak And Dagger"],"picked":"Dash","floor":17},{"not_picked":["Concentrate","Grand Finale"],"picked":"Backstab","floor":17},{"not_picked":["Masterful Stab","Underhanded Strike"],"picked":"Slice","floor":17},{"not_picked":["Crippling Poison","Heel Hook"],"picked":"Noxious Fumes+1","floor":18},{"not_picked":["Riddle With Holes","Escape Plan","Dagger Spray"],"picked":"SKIP","floor":23},{"not_picked":["Underhanded Strike","Dagger Throw"],"picked":"Bouncing Flask","floor":25},{"not_picked":["Quick Slash","Acrobatics+1","Dagger Spray"],"picked":"SKIP","floor":27},{"not_picked":["Masterful Stab","Deflect+1"],"picked":"Noxious Fumes+1","floor":28},{"not_picked":["Acrobatics+1","Flying Knee+1"],"picked":"Dodge and Roll","floor":30},{"not_picked":["Calculated Gamble+1","Deflect+1"],"picked":"Crippling Poison+1","floor":31},{"not_picked":["Bullet Time","Malaise"],"picked":"Adrenaline","floor":33},{"not_picked":["Deflect+1","Endless Agony"],"picked":"Deadly Poison","floor":35},{"not_picked":["Masterful Stab","Slice+1"],"picked":"Bane+1","floor":37},{"not_picked":["Poisoned Stab+1","Outmaneuver","Underhanded Strike"],"picked":"SKIP","floor":39},{"not_picked":["Backflip","Dodge and Roll+1","Dagger Spray+1"],"picked":"SKIP","floor":41},{"not_picked":["Blade Dance","Prepared+1"],"picked":"Deadly Poison","floor":47},{"not_picked":["All Out Attack+1","Choke+1","Dagger Throw"],"picked":"SKIP","floor":48}],"player_experience":162186,"relics_obtained":[{"floor":6,"key":"Incense Burner"},{"floor":9,"key":"Bottled Tornado"},{"floor":23,"key":"Snake Skull"},{"floor":25,"key":"Frozen Egg 2"},{"floor":26,"key":"Pantograph"},{"floor":43,"key":"Omamori"}],"event_choices":[{"damage_healed":0,"gold_gain":0,"player_choice":"Success","damage_taken":18,"relics_obtained":["Peace Pipe"],"max_hp_gain":0,"max_hp_loss":0,"event_name":"Scrap Ooze","floor":4,"gold_loss":0},{"damage_healed":0,"gold_gain":75,"player_choice":"Gather Gold","damage_taken":11,"max_hp_gain":0,"max_hp_loss":0,"event_name":"World of Goop","floor":11,"gold_loss":0},{"damage_healed":0,"gold_gain":0,"player_choice":"Joined the Cult","damage_taken":6,"max_hp_gain":0,"max_hp_loss":0,"event_name":"Nest","floor":19,"gold_loss":0,"cards_obtained":["RitualDagger"]},{"damage_healed":0,"gold_gain":0,"player_choice":"Became a Ghost","damage_taken":0,"max_hp_gain":0,"max_hp_loss":35,"event_name":"Ghosts","floor":20,"gold_loss":0,"cards_obtained":["Ghostly","Ghostly","Ghostly","Ghostly","Ghostly"]},{"damage_healed":0,"gold_gain":90,"player_choice":"GOLD ","damage_taken":12,"max_hp_gain":0,"max_hp_loss":0,"event_name":"Knowing Skull","floor":21,"potions_obtained":[],"gold_loss":0,"cards_obtained":[]},{"cards_removed":["Footwork"],"damage_healed":0,"gold_gain":0,"player_choice":"Removed Power","damage_taken":0,"max_hp_gain":0,"max_hp_loss":0,"event_name":"Falling","floor":38,"gold_loss":0},{"damage_healed":0,"gold_gain":0,"player_choice":"Memory 1","damage_taken":0,"max_hp_gain":0,"max_hp_loss":0,"event_name":"SensoryStone","floor":44,"gold_loss":0},{"damage_healed":0,"gold_gain":0,"player_choice":"Leave","damage_taken":0,"max_hp_gain":0,"max_hp_loss":0,"event_name":"FaceTrader","floor":45,"gold_loss":0},{"damage_healed":0,"gold_gain":0,"player_choice":"Paid","damage_taken":0,"relics_obtained":["Red Mask"],"max_hp_gain":0,"max_hp_loss":0,"event_name":"Tomb of Lord Red Mask","floor":46,"gold_loss":141}],"is_beta":false,"boss_relics":[{"not_picked":["Busted Crown","Calling Bell"],"picked":"Orrery"},{"not_picked":["Eternal Feather","Runic Pyramid"],"picked":"WristBlade"}],"items_purged_floors":[22,36],"is_endless":false,"potions_floor_spawned":[3,8,13,16,18,27,28,39,47,48],"ascension_level":1}