{"gold_per_floor":[114,130,130,146,146,166,184,200,200,200,214,228,228,43,43,141,141,153,165,165,165,182,214,214,230,256,256,271,271,285,300,300,397,397,408,408,3,23,36,36,52,52,105,117,143,0,25,37,49,61],"floor_reached":51,"playtime":3209,"items_purged":["Strike_B","Defend_B"],"score":642,"play_id":"ef201e81-7037-4c83-ac41-689f944fd316","local_time":"20190825113215","is_ascension_mode":false,"campfire_choices":[{"floor":10,"key":"REST"},{"data":"Loop","floor":13,"key":"SMITH"},{"data":"Storm","floor":15,"key":"SMITH"},{"data":"Defragment","floor":24,"key":"SMITH"},{"floor":29,"key":"REST"},{"data":"Glacier","floor":32,"key":"SMITH"},{"floor":40,"key":"REST"},{"data":"Buffer","floor":42,"key":"SMITH"},{"data":"Defragment","floor":44,"key":"SMITH"},{"data":"Buffer","floor":49,"key":"SMITH"}],"neow_cost":"NONE","seed_source_timestamp":742150331639500,"circlet_count":0,"master_deck":["Defend_B","Defend_B","Defend_B","Zap","Dualcast","White Noise","Coolheaded","Loop+1","Electrodynamics","Heatsinks","Gash+1","Self Repair","Coolheaded","Reinforced Body","Storm+1","Multi-Cast","Gash","Defragment+1","Reinforced Body","Capacitor+1","Go for the Eyes","Buffer+1","Darkness","Hologram+1","Tempest+1","Glacier+1","Buffer+1","Defragment+1","Force Field+1","Parasite","Glacier","Cold Snap+1","Hologram+1"],"relics":["Cracked Core","NeowsBlessing","Mercury Hourglass","CultistMask","Anchor","Philosopher\u0027s Stone","Ornamental Fan","Whetstone","Inserter","Bronze Scales","Lantern","MawBank","Red Mask","Blood Vial"],"potions_floor_usage":[8,16,23,30,33,33,38,50],"damage_taken":[{"damage":0,"enemies":"Cultist","floor":1,"turns":1},{"damage":0,"enemies":"Jaw Worm","floor":2,"turns":1},{"damage":0,"enemies":"Small Slimes","floor":4,"turns":1},{"damage":7,"enemies":"Gremlin Gang","floor":6,"turns":2},{"damage":13,"enemies":"Looter","floor":7,"turns":3},{"damage":9,"enemies":"Large Slime","floor":8,"turns":5},{"damage":2,"enemies":"2 Fungi Beasts","floor":11,"turns":3},{"damage":0,"enemies":"Exordium Thugs","floor":12,"turns":3},{"damage":23,"enemies":"Slime Boss","floor":16,"turns":5},{"damage":11,"enemies":"Chosen","floor":18,"turns":4},{"damage":6,"enemies":"Shell Parasite","floor":19,"turns":4},{"damage":2,"enemies":"Cultist and Chosen","floor":22,"turns":3},{"damage":18,"enemies":"Gremlin Leader","floor":23,"turns":6},{"damage":12,"enemies":"Snake Plant","floor":25,"turns":5},{"damage":0,"enemies":"3 Cultists","floor":28,"turns":2},{"damage":18,"enemies":"Centurion and Healer","floor":30,"turns":4},{"damage":2,"enemies":"Shelled Parasite and Fungi","floor":31,"turns":4},{"damage":34,"enemies":"Collector","floor":33,"turns":7},{"damage":0,"enemies":"3 Shapes","floor":35,"turns":3},{"damage":16,"enemies":"3 Darklings","floor":38,"turns":5},{"damage":26,"enemies":"Writhing Mass","floor":39,"turns":6},{"damage":8,"enemies":"4 Shapes","floor":41,"turns":4},{"damage":0,"enemies":"3 Darklings","floor":45,"turns":2},{"damage":0,"enemies":"Spire Growth","floor":47,"turns":5},{"damage":20,"enemies":"Time Eater","floor":50,"turns":11}],"seed_played":"7655612971558087173","potions_obtained":[{"floor":2,"key":"Weak Potion"},{"floor":6,"key":"Fire Potion"},{"floor":8,"key":"EntropicBrew"},{"floor":12,"key":"FocusPotion"},{"floor":16,"key":"Regen Potion"},{"floor":25,"key":"FearPotion"},{"floor":28,"key":"FocusPotion"},{"floor":33,"key":"SkillPotion"},{"floor":35,"key":"Fire Potion"},{"floor":47,"key":"FearPotion"}],"is_trial":false,"path_per_floor":["M","M","T","M","?","M","M","M","T","R","M","M","R","$","R","B",null,"M","M","?","?","M","E","R","M","T","?","M","R","M","M","R","B",null,"M","?","$","M","M","R","M","R","T","R","M","?","M","?","R","B",null],"character_chosen":"DEFECT","items_purchased":["Reinforced Body","Storm","Bronze Scales","Lantern"],"campfire_rested":3,"item_purchase_floors":[14,14,37,37],"current_hp_per_floor":[75,75,75,75,75,68,55,46,46,68,66,66,66,66,66,50,75,71,72,72,72,70,52,52,47,47,47,47,69,63,68,68,34,75,75,75,75,66,47,69,61,61,61,61,68,68,75,75,75,55],"gold":73,"neow_bonus":"THREE_ENEMY_KILL","is_prod":false,"is_daily":false,"chose_seed":false,"campfire_upgraded":7,"win_rate":0.0,"timestamp":1566725535,"path_taken":["M","M","?","M","?","M","M","M","T","R","?","M","R","$","R","BOSS","M","M","?","?","?","E","R","M","T","?","M","R","M","?","R","BOSS","M","?","$","M","M","R","?","R","T","R","M","?","M","?","R","BOSS"],"build_version":"2019-07-17","purchased_purges":2,"victory":true,"max_hp_per_floor":[75,75,75,75,75,75,75,75,75,75,75,75,75,75,75,75,75,75,75,75,75,75,75,75,75,75,75,75,75,75,75,75,75,75,75,75,75,75,75,75,75,75,75,75,75,75,75,75,75,75],"card_choices":[{"not_picked":["Steam","Melter"],"picked":"White Noise","floor":1},{"not_picked":["Redo","Leap"],"picked":"Coolheaded","floor":2},{"not_picked":["Auto Shields","Stack"],"picked":"Loop","floor":4},{"not_picked":["Hologram","Stack"],"picked":"Electrodynamics","floor":6},{"not_picked":["Coolheaded","Leap"],"picked":"Heatsinks","floor":7},{"not_picked":["Redo","Darkness"],"picked":"Gash","floor":8},{"not_picked":["Rip and Tear","Capacitor"],"picked":"Self Repair","floor":11},{"not_picked":["Sweeping Beam","Doom and Gloom"],"picked":"Coolheaded","floor":12},{"not_picked":["Creative AI","Buffer"],"picked":"Multi-Cast","floor":16},{"not_picked":["Redo","Go for the Eyes"],"picked":"Gash","floor":18},{"not_picked":["Scrape","Auto Shields"],"picked":"Defragment","floor":19},{"not_picked":["Barrage","Steam Power"],"picked":"Capacitor+1","floor":22},{"not_picked":["Stack","Ball Lightning"],"picked":"Go for the Eyes","floor":23},{"not_picked":["Beam Cell+1","Coolheaded"],"picked":"Buffer","floor":25},{"not_picked":["Storm","Streamline+1"],"picked":"Hologram+1","floor":28},{"not_picked":["Stack","Streamline"],"picked":"Tempest+1","floor":30},{"not_picked":["Compile Driver","Barrage"],"picked":"Glacier","floor":31},{"not_picked":["Amplify","Thunder Strike"],"picked":"Buffer","floor":33},{"not_picked":["Stack","Streamline+1"],"picked":"Defragment","floor":35},{"not_picked":["Stack+1","Reinforced Body"],"picked":"Force Field+1","floor":38},{"not_picked":["Go for the Eyes","Consume"],"picked":"Glacier","floor":39},{"not_picked":["Force Field","Steam+1","Sweeping Beam+1"],"picked":"SKIP","floor":41},{"not_picked":["Ball Lightning","Thunder Strike"],"picked":"Cold Snap+1","floor":45},{"not_picked":["Redo+1","Double Energy"],"picked":"Hologram+1","floor":47}],"player_experience":56831,"relics_obtained":[{"floor":3,"key":"Mercury Hourglass"},{"floor":9,"key":"Anchor"},{"floor":23,"key":"Ornamental Fan"},{"floor":26,"key":"Whetstone"},{"floor":43,"key":"MawBank"}],"event_choices":[{"damage_healed":0,"gold_gain":0,"player_choice":"Trade","damage_taken":0,"relics_obtained":["CultistMask"],"max_hp_gain":0,"max_hp_loss":0,"event_name":"FaceTrader","floor":5,"gold_loss":0},{"cards_removed":["Strike_B"],"damage_healed":0,"gold_gain":0,"player_choice":"Elegance","damage_taken":0,"max_hp_gain":0,"max_hp_loss":0,"event_name":"Back to Basics","floor":20,"gold_loss":0},{"damage_healed":0,"gold_gain":0,"player_choice":"Read","damage_taken":0,"max_hp_gain":0,"max_hp_loss":0,"event_name":"The Library","floor":21,"gold_loss":0,"cards_obtained":["Reinforced Body"]},{"damage_healed":0,"gold_gain":0,"cards_transformed":["Strike_B"],"player_choice":"Transformed","damage_taken":0,"max_hp_gain":0,"max_hp_loss":0,"event_name":"Transmorgrifier","floor":27,"gold_loss":0,"cards_obtained":["Darkness"]},{"cards_removed":["Strike_B"],"damage_healed":0,"gold_gain":0,"player_choice":"Purged","damage_taken":0,"max_hp_gain":0,"max_hp_loss":0,"event_name":"Purifier","floor":36,"gold_loss":0},{"damage_healed":0,"gold_gain":0,"player_choice":"Paid","damage_taken":0,"relics_obtained":["Red Mask"],"max_hp_gain":0,"max_hp_loss":0,"event_name":"Tomb of Lord Red Mask","floor":46,"gold_loss":155},{"damage_healed":0,"gold_gain":0,"player_choice":"Gave Potion","damage_taken":0,"relics_obtained":["Blood Vial"],"max_hp_gain":0,"max_hp_loss":0,"event_name":"WeMeetAgain","floor":48,"gold_loss":0}],"is_beta":false,"boss_relics":[{"not_picked":["Snecko Eye","Empty Cage"],"picked":"Philosopher\u0027s Stone"},{"not_picked":["White Beast Statue","Coffee Dripper"],"picked":"Inserter"}],"items_purged_floors":[14,37],"is_endless":false,"potions_floor_spawned":[2,6,8,12,16,25,28,33,35,47],"ascension_level":0}