{"gold_per_floor":[99,99,99,99,99,99,99,99,99,99,99,99,99,54,54,54,54,54,54,54,54,54,54,54,54,54,54,54,3,3,3,3,3,3,3,3,3,3,3,3,3,3,3,0,0,0,0,0,0,0,0,0,0,0,0],"floor_reached":55,"playtime":4184,"items_purged":[],"score":763,"play_id":"873267f8-7091-402a-a2b3-7b6080959d20","local_time":"20181129181109","is_ascension_mode":false,"campfire_choices":[{"data":"Zap","floor":6.0,"key":"SMITH"},{"data":"Sweeping Beam","floor":10.0,"key":"SMITH"},{"floor":15.0,"key":"REST"},{"data":"Coolheaded","floor":24.0,"key":"SMITH"},{"data":"Loop","floor":27.0,"key":"SMITH"},{"data":"Buffer","floor":32.0,"key":"SMITH"},{"floor":40.0,"key":"RECALL"},{"floor":42.0,"key":"REST"},{"floor":49.0,"key":"REST"},{"floor":52.0,"key":"REST"}],"neow_cost":"NONE","seed_source_timestamp":0,"circlet_count":0,"master_deck":["Strike_B+1","Defend_B+1","Defend_B+1","Defend_B+1","Defend_B+1","Zap+1","Dualcast+1","Melter+1","Coolheaded+1","Self Repair+1","BootSequence+1","Fusion+1","Sweeping Beam+1","Buffer+1","Auto Shields+1","Self Repair+1","Echo Form+1","Hologram+1","Static Discharge+1","Conserve Battery+1","Ball Lightning+1","Loop+1","Rebound+1","Hello World+1","Redo+1","Electrodynamics+1","Recycle+1","Skim+1","Tempest+1","Parasite","Conserve Battery+1","Creative AI+1","Stack+1","Leap+1"],"special_seed":0,"relics":["Ectoplasm","Singing Bowl","Nuclear Battery","Centennial Puzzle","Bag of Preparation","Bronze Scales","Old Coin","Snecko Eye","Ice Cream","Kunai","Red Mask","Mark of the Bloom","Ornamental Fan"],"potions_floor_usage":[],"damage_taken":[{"damage":0.0,"enemies":"Cultist","floor":1.0,"turns":3.0},{"damage":6.0,"enemies":"Jaw Worm","floor":2.0,"turns":3.0},{"damage":5.0,"enemies":"Small Slimes","floor":3.0,"turns":3.0},{"damage":8.0,"enemies":"Gremlin Gang","floor":4.0,"turns":6.0},{"damage":0.0,"enemies":"3 Louse","floor":7.0,"turns":4.0},{"damage":9.0,"enemies":"Large Slime","floor":8.0,"turns":7.0},{"damage":19.0,"enemies":"3 Sentries","floor":11.0,"turns":7.0},{"damage":25.0,"enemies":"Gremlin Gang","floor":13.0,"turns":5.0},{"damage":0.0,"enemies":"Looter","floor":14.0,"turns":4.0},{"damage":0.0,"enemies":"Slime Boss","floor":16.0,"turns":11.0},{"damage":14.0,"enemies":"3 Byrds","floor":18.0,"turns":6.0},{"damage":0.0,"enemies":"Shell Parasite","floor":19.0,"turns":4.0},{"damage":0.0,"enemies":"Snecko","floor":20.0,"turns":6.0},{"damage":2.0,"enemies":"Centurion and Healer","floor":21.0,"turns":9.0},{"damage":10.0,"enemies":"Gremlin Leader","floor":23.0,"turns":8.0},{"damage":49.0,"enemies":"Book of Stabbing","floor":25.0,"turns":5.0},{"damage":20.0,"enemies":"3 Cultists","floor":28.0,"turns":4.0},{"damage":25.0,"enemies":"Gremlin Leader","floor":30.0,"turns":7.0},{"damage":4.0,"enemies":"Cultist and Chosen","floor":31.0,"turns":6.0},{"damage":15.0,"enemies":"Collector","floor":33.0,"turns":13.0},{"damage":15.0,"enemies":"3 Darklings","floor":35.0,"turns":3.0},{"damage":18.0,"enemies":"Orb Walker","floor":38.0,"turns":4.0},{"damage":10.0,"enemies":"2 Orb Walkers","floor":39.0,"turns":5.0},{"damage":29.0,"enemies":"Writhing Mass","floor":41.0,"turns":6.0},{"damage":9.0,"enemies":"3 Darklings","floor":46.0,"turns":3.0},{"damage":0.0,"enemies":"Transient","floor":47.0,"turns":5.0},{"damage":19.0,"enemies":"Time Eater","floor":50.0,"turns":11.0},{"damage":28.0,"enemies":"Shield and Spear","floor":54.0,"turns":5.0},{"damage":30,"enemies":"The Heart","floor":55,"turns":3}],"seed_played":"4445812930957316857","potions_obtained":[{"floor":1.0,"key":"SpeedPotion"},{"floor":7.0,"key":"LiquidBronze"},{"floor":8.0,"key":"Weak Potion"},{"floor":14.0,"key":"SteroidPotion"},{"floor":18.0,"key":"PowerPotion"},{"floor":20.0,"key":"Fire Potion"},{"floor":21.0,"key":"Swift Potion"},{"floor":23.0,"key":"Regen Potion"},{"floor":30.0,"key":"SpeedPotion"},{"floor":38.0,"key":"EssenceOfSteel"},{"floor":39.0,"key":"GamblersBrew"},{"floor":46.0,"key":"SteroidPotion"}],"is_trial":false,"path_per_floor":["M","M","M","M","?","R","M","M","T","R","E","$","M","M","R","B",null,"M","M","M","M","?","E","R","E","T","R","M","$","E","M","R","B",null,"M","?","?","M","?","R","M","R","T","?","?","M","M","?","R","B",null,"R","$","E","B"],"character_chosen":"DEFECT","items_purchased":["FearPotion"],"campfire_rested":4,"item_purchase_floors":[29],"current_hp_per_floor":[75,69,64,63,48,48,55,53,53,53,41,41,23,30,52,66,75,75,75,75,75,75,75,75,52,52,52,48,48,37,54,54,53,77,69,69,69,65,69,69,47,70,70,70,70,61,77,77,77,58,58,58,58,30,0],"gold":0,"neow_bonus":"BOSS_RELIC","is_prod":false,"is_daily":false,"chose_seed":false,"campfire_upgraded":5,"win_rate":0,"timestamp":1543482669,"path_taken":["M","M","M","M","?","R","M","M","T","R","E","$","M","M","R","BOSS","M","M","M","M","?","E","R","E","T","R","M","?","E","M","R","BOSS","M","?","?","?","?","R","M","R","T","?","?","?","M","?","R","BOSS","R","$","E","BOSS"],"build_version":"2018-11-15","purchased_purges":0,"victory":false,"max_hp_per_floor":[75,75,75,75,75,75,75,75,75,75,75,75,75,75,75,75,75,75,75,75,75,75,75,75,75,75,75,77,77,77,77,77,77,77,77,77,77,77,77,77,77,77,77,77,77,77,77,77,77,77,77,77,77,77,77],"card_choices":[{"not_picked":["Hologram","Stack"],"picked":"Melter","floor":1.0},{"not_picked":["Gash","Steam"],"picked":"Coolheaded","floor":2.0},{"not_picked":["FTL","Sweeping Beam"],"picked":"Self Repair","floor":3.0},{"not_picked":["Go for the Eyes","Redo"],"picked":"BootSequence","floor":4.0},{"not_picked":["Barrage","Gash"],"picked":"Fusion","floor":7.0},{"not_picked":["Consume","Capacitor"],"picked":"Sweeping Beam","floor":8.0},{"not_picked":["Coolheaded","Sweeping Beam"],"picked":"Buffer","floor":11.0},{"not_picked":["Barrage","Stack"],"picked":"Auto Shields","floor":13.0},{"not_picked":["Barrage","Darkness"],"picked":"Self Repair","floor":14.0},{"not_picked":["Reboot","Biased Cognition"],"picked":"Echo Form","floor":16.0},{"not_picked":["Leap","Gash+1"],"picked":"Hologram+1","floor":18.0},{"not_picked":["Compile Driver+1","Streamline"],"picked":"Static Discharge","floor":19.0},{"not_picked":["Rip and Tear+1","Lockon+1"],"picked":"Conserve Battery","floor":20.0},{"not_picked":["Hello World","Gash"],"picked":"Ball Lightning","floor":21.0},{"not_picked":["Double Energy+1","Darkness"],"picked":"Loop","floor":23.0},{"not_picked":["Lockon","Fusion"],"picked":"Rebound","floor":25.0},{"not_picked":["Coolheaded","Echo Form","Redo"],"picked":"Singing Bowl","floor":28.0},{"not_picked":["Redo","Streamline"],"picked":"Hello World+1","floor":30.0},{"not_picked":["Self Repair+1","Streamline"],"picked":"Redo","floor":31.0},{"not_picked":["Thunder Strike","Core Surge"],"picked":"Electrodynamics","floor":33.0},{"not_picked":["Barrage+1","Coolheaded"],"picked":"Recycle+1","floor":35.0},{"not_picked":["Compile Driver","Stack"],"picked":"Skim+1","floor":38.0},{"not_picked":["Steam+1","Beam Cell"],"picked":"Tempest","floor":39.0},{"not_picked":["Darkness+1","Redo"],"picked":"Conserve Battery+1","floor":41.0},{"not_picked":["Stack+1","Recycle"],"picked":"Creative AI","floor":46.0},{"not_picked":["Sunder","Turbo"],"picked":"Stack","floor":47.0},{"not_picked":["Beam Cell","Hello World"],"picked":"Leap+1","floor":54.0}],"player_experience":539032,"relics_obtained":[{"floor":11.0,"key":"Singing Bowl"},{"floor":23.0,"key":"Centennial Puzzle"},{"floor":25.0,"key":"Bag of Preparation"},{"floor":26.0,"key":"Bronze Scales"},{"floor":30.0,"key":"Old Coin"},{"floor":39.0,"key":"Ice Cream"},{"floor":43.0,"key":"Kunai"},{"floor":54.0,"key":"Ornamental Fan"}],"event_choices":[{"damage_healed":0.0,"max_hp_gain":0.0,"max_hp_loss":0.0,"gold_gain":0.0,"event_name":"Shining Light","player_choice":"Entered Light","floor":5.0,"gold_loss":0.0,"damage_taken":15.0,"cards_upgraded":["Strike_B","Defend_B"]},{"cards_removed":["Strike_B"],"damage_healed":0.0,"max_hp_gain":0.0,"max_hp_loss":0.0,"gold_gain":0.0,"event_name":"Purifier","player_choice":"Purged","floor":22.0,"gold_loss":0.0,"damage_taken":0.0},{"cards_removed":["Strike_B"],"damage_healed":0.0,"max_hp_gain":0.0,"max_hp_loss":0.0,"gold_gain":0.0,"event_name":"Falling","player_choice":"Removed Attack","floor":36.0,"gold_loss":0.0,"damage_taken":0.0},{"damage_healed":0.0,"max_hp_gain":0.0,"max_hp_loss":0.0,"gold_gain":300.0,"event_name":"Wheel of Change","player_choice":"Gold","floor":37.0,"gold_loss":0.0,"damage_taken":0.0},{"damage_healed":0.0,"max_hp_gain":0.0,"max_hp_loss":0.0,"gold_gain":0.0,"event_name":"Mysterious Sphere","player_choice":"Fight","floor":39.0,"gold_loss":0.0,"damage_taken":0.0},{"damage_healed":0.0,"max_hp_gain":0.0,"max_hp_loss":0.0,"gold_gain":0.0,"event_name":"Tomb of Lord Red Mask","player_choice":"Paid","floor":44.0,"gold_loss":3.0,"damage_taken":0.0,"relics_obtained":["Red Mask"]},{"cards_removed":["Strike_B"],"damage_healed":0.0,"max_hp_gain":0.0,"max_hp_loss":0.0,"gold_gain":0.0,"event_name":"Bonfire Elementals","player_choice":"Offered Basic","floor":45.0,"gold_loss":0.0,"damage_taken":0.0},{"damage_healed":0.0,"max_hp_gain":0.0,"max_hp_loss":0.0,"gold_gain":0.0,"event_name":"MindBloom","player_choice":"Upgrade","floor":48.0,"gold_loss":0.0,"damage_taken":0.0,"cards_upgraded":["Strike_B","Defend_B","Defend_B","Defend_B","Dualcast","Melter","Self Repair","BootSequence","Fusion","Auto Shields","Self Repair","Echo Form","Static Discharge","Conserve Battery","Ball Lightning","Rebound","Redo","Electrodynamics","Tempest","Creative AI","Stack"],"relics_obtained":["Mark of the Bloom"]}],"is_beta":false,"boss_relics":[{"not_picked":["Busted Crown","Coffee Dripper"],"picked":"Nuclear Battery"},{"not_picked":["Lizard Tail","Sozu"],"picked":"Snecko Eye"}],"items_purged_floors":[],"is_endless":false,"potions_floor_spawned":[1,7,8,14,18,20,21,23,30,38,39,46],"killed_by":"The Heart","ascension_level":0}