{"gold_per_floor":[117,4,21,36,49,82,157,157,157,191,216,231,231,249,249,347,347,357,387,312,324,224,252,252,127,127,127,87,100,110,25,25,129,129,146,164,14,14,26,26,26,26,26,43,54,68,88,88,88,88,88,88,0,26,26],"floor_reached":55,"playtime":8876,"items_purged":["Strike_G","Clumsy","Clumsy","Strike_G"],"score":674,"play_id":"3f1a399d-6658-487f-88fe-490ebbfbfe82","local_time":"20190702070932","is_ascension_mode":false,"campfire_choices":[{"floor":8.0,"key":"REST"},{"data":"Neutralize","floor":13,"key":"SMITH"},{"floor":15,"key":"REST"},{"data":"Envenom","floor":24,"key":"SMITH"},{"data":"Blur","floor":27,"key":"SMITH"},{"data":"Backflip","floor":32,"key":"SMITH"},{"floor":40,"key":"RECALL"},{"data":"Adrenaline","floor":42,"key":"SMITH"},{"data":"Cloak And Dagger","floor":49,"key":"SMITH"},{"data":"Adrenaline","floor":52,"key":"SMITH"}],"neow_cost":"NONE","seed_source_timestamp":0,"circlet_count":0,"master_deck":["Defend_G","Defend_G","Defend_G","Defend_G","Defend_G","Strike_G+1","Strike_G+1","Strike_G","Survivor","Neutralize+1","Noxious Fumes","Well Laid Plans","Blur+1","Noxious Fumes","Endless Agony","Cloak And Dagger+1","Backflip+1","Deadly Poison","Envenom+1","Backflip+1","Adrenaline+1","Escape Plan+1","Bandage Up","Adrenaline+1","Blur+1","Catalyst","Catalyst","Blade Dance+1","Flash of Steel","PiercingWail+1"],"special_seed":0,"relics":["Ring of the Snake","Whetstone","Anchor","Kunai","Odd Mushroom","Calling Bell","Dream Catcher","Dodecahedron","Girya","Tiny Chest","Pocketwatch","Gremlin Horn","Busted Crown","Oddly Smooth Stone"],"potions_floor_usage":[16,23,23,23,30,33,33,47,50,55,55],"damage_taken":[{"damage":0.0,"enemies":"Jaw Worm","floor":1.0,"turns":4.0},{"damage":0.0,"enemies":"2 Louse","floor":3.0,"turns":4.0},{"damage":0.0,"enemies":"Small Slimes","floor":4.0,"turns":5.0},{"damage":0.0,"enemies":"Red Slaver","floor":5.0,"turns":7.0},{"damage":27.0,"enemies":"3 Sentries","floor":6.0,"turns":7.0},{"damage":3.0,"enemies":"Lagavulin","floor":10.0,"turns":8.0},{"damage":13.0,"enemies":"The Mushroom Lair","floor":11.0,"turns":4.0},{"damage":1,"enemies":"Blue Slaver","floor":12,"turns":5},{"damage":6,"enemies":"Large Slime","floor":14,"turns":7},{"damage":6,"enemies":"The Guardian","floor":16,"turns":10},{"damage":3,"enemies":"Chosen","floor":18,"turns":6},{"damage":5,"enemies":"Shell Parasite","floor":21,"turns":9},{"damage":5,"enemies":"Gremlin Leader","floor":23,"turns":8},{"damage":1,"enemies":"Snake Plant","floor":29,"turns":5},{"damage":1,"enemies":"Cultist and Chosen","floor":30,"turns":5},{"damage":16,"enemies":"Automaton","floor":33,"turns":12},{"damage":0,"enemies":"3 Shapes","floor":35,"turns":6},{"damage":0,"enemies":"3 Darklings","floor":36,"turns":5},{"damage":0,"enemies":"Maw","floor":39,"turns":9},{"damage":0,"enemies":"4 Shapes","floor":44,"turns":7},{"damage":0,"enemies":"Writhing Mass","floor":45,"turns":6},{"damage":0,"enemies":"Transient","floor":46,"turns":5},{"damage":12,"enemies":"Sphere and 2 Shapes","floor":47,"turns":7},{"damage":55,"enemies":"Time Eater","floor":50,"turns":8},{"damage":18,"enemies":"Shield and Spear","floor":54,"turns":11},{"damage":97,"enemies":"The Heart","floor":55,"turns":9}],"seed_played":"-8386806924438613997","potions_obtained":[{"floor":1.0,"key":"SpeedPotion"},{"floor":3.0,"key":"GhostInAJar"},{"floor":5.0,"key":"LiquidBronze"},{"floor":6.0,"key":"Swift Potion"},{"floor":11,"key":"Weak Potion"},{"floor":18,"key":"Swift Potion"},{"floor":21,"key":"Fire Potion"},{"floor":28,"key":"LiquidBronze"},{"floor":28,"key":"Ancient Potion"},{"floor":28,"key":"Strength Potion"},{"floor":30,"key":"FairyPotion"},{"floor":35,"key":"Swift Potion"},{"floor":45,"key":"GhostInAJar"},{"floor":47,"key":"SkillPotion"},{"floor":54,"key":"FearPotion"}],"is_trial":false,"path_per_floor":["M","$","M","M","M","E","?","R","T","E","?","M","R","M","R","B",null,"M","?","?","M","$","E","R","$","T","R","?","M","M","$","R","B",null,"M","M","$","?","M","R","$","R","T","M","M","M","M","?","R","B",null,"R","$","E","B"],"character_chosen":"THE_SILENT","items_purchased":["Noxious Fumes","Bandage Up","Flash of Steel"],"campfire_rested":2,"item_purchase_floors":[2,31,53],"current_hp_per_floor":[77,77,77,77,77,50,39,62,62,59,46,45,45,39,62,56,77,74,74,74,69,69,64,64,64,64,64,64,63,62,62,62,50,77,77,77,77,77,77,77,77,77,77,77,77,77,69,69,69,18,77,77,77,59,0],"gold":26,"neow_bonus":"TEN_PERCENT_HP_BONUS","is_prod":false,"is_daily":false,"chose_seed":false,"campfire_upgraded":7,"win_rate":0,"timestamp":1562018972,"path_taken":["M","$","M","M","M","E","?","R","T","E","?","M","R","M","R","BOSS","M","?","?","M","$","E","R","$","T","R","?","M","?","$","R","BOSS","M","M","$","?","M","R","$","R","T","M","?","M","M","?","R","BOSS","R","$","E","BOSS"],"build_version":"2019-01-23","purchased_purges":4,"victory":false,"max_hp_per_floor":[77,77,77,77,77,77,77,77,77,77,77,77,77,77,77,77,77,77,77,77,77,77,77,77,77,77,77,77,77,77,77,77,77,77,77,77,77,77,77,77,77,77,77,77,77,77,77,77,77,77,77,77,77,77,77],"card_choices":[{"not_picked":["Predator","Flying Knee","Choke"],"picked":"SKIP","floor":1.0},{"not_picked":["Acrobatics","Tactician"],"picked":"Well Laid Plans","floor":3.0},{"not_picked":["Calculated Gamble","All Out Attack"],"picked":"Blur","floor":4.0},{"not_picked":["Finisher","Dagger Spray"],"picked":"Noxious Fumes","floor":5.0},{"not_picked":["Riddle With Holes","A Thousand Cuts","Masterful Stab"],"picked":"SKIP","floor":6.0},{"not_picked":["Riddle With Holes","A Thousand Cuts","Masterful Stab"],"picked":"SKIP","floor":6.0},{"not_picked":["Poisoned Stab","Backflip"],"picked":"Endless Agony","floor":10.0},{"not_picked":["Quick Slash","Dagger Spray"],"picked":"Cloak And Dagger","floor":11},{"not_picked":["Bane","Blade Dance"],"picked":"Backflip","floor":12},{"not_picked":["Wraith Form v2","Predator"],"picked":"Deadly Poison","floor":14},{"not_picked":["Storm of Steel","Wraith Form v2"],"picked":"Envenom","floor":16},{"not_picked":["Eviscerate","Dodge and Roll","Dagger Throw+1"],"picked":"SKIP","floor":18},{"not_picked":["Slice","Eviscerate"],"picked":"Backflip+1","floor":21},{"not_picked":["PiercingWail","Blur"],"picked":"Adrenaline","floor":23},{"not_picked":["Dodge and Roll+1","Quick Slash","Cloak And Dagger"],"picked":"SKIP","floor":29},{"not_picked":["Prepared","Underhanded Strike"],"picked":"Escape Plan+1","floor":30},{"not_picked":["Bullet Time","After Image"],"picked":"Adrenaline","floor":33},{"not_picked":["Heel Hook"],"picked":"SKIP","floor":35},{"not_picked":["Infinite Blades"],"picked":"SKIP","floor":36},{"not_picked":[],"picked":"Catalyst","floor":39},{"not_picked":[],"picked":"Catalyst","floor":44},{"not_picked":["Outmaneuver+1"],"picked":"SKIP","floor":45},{"not_picked":[],"picked":"Blade Dance+1","floor":46},{"not_picked":["Bane"],"picked":"SKIP","floor":47},{"not_picked":[],"picked":"PiercingWail+1","floor":54}],"player_experience":123454,"relics_obtained":[{"floor":6.0,"key":"Whetstone"},{"floor":9.0,"key":"Anchor"},{"floor":10.0,"key":"Kunai"},{"floor":11,"key":"Odd Mushroom"},{"floor":17,"key":"Dream Catcher"},{"floor":17,"key":"Dodecahedron"},{"floor":17,"key":"Girya"},{"floor":23,"key":"Pocketwatch"},{"floor":26,"key":"Gremlin Horn"},{"floor":54,"key":"Oddly Smooth Stone"}],"event_choices":[{"damage_healed":0.0,"max_hp_gain":0.0,"max_hp_loss":0.0,"gold_gain":75.0,"event_name":"World of Goop","player_choice":"Gather Gold","floor":7.0,"gold_loss":0.0,"damage_taken":11.0},{"damage_healed":0.0,"max_hp_gain":0.0,"max_hp_loss":0.0,"gold_gain":0.0,"event_name":"Mushrooms","player_choice":"Fought Mushrooms","floor":11.0,"gold_loss":0.0,"damage_taken":0.0},{"damage_healed":0,"gold_gain":0,"player_choice":"Opened","damage_taken":0,"relics_obtained":["Tiny Chest"],"max_hp_gain":0,"max_hp_loss":0,"event_name":"The Mausoleum","floor":19,"gold_loss":0},{"cards_removed":["Writhe"],"damage_healed":0,"gold_gain":0,"player_choice":"Gave Gold","damage_taken":0,"max_hp_gain":0,"max_hp_loss":0,"event_name":"Beggar","floor":20,"gold_loss":75},{"damage_healed":0,"gold_gain":0,"player_choice":"Bought 3 Potions","damage_taken":0,"max_hp_gain":0,"max_hp_loss":0,"event_name":"The Woman in Blue","floor":28,"gold_loss":0},{"damage_healed":0,"gold_gain":0,"player_choice":"Copied","damage_taken":0,"max_hp_gain":0,"max_hp_loss":0,"event_name":"Duplicator","floor":38,"gold_loss":0,"cards_obtained":["Blur"]},{"damage_healed":0,"gold_gain":0,"player_choice":"Ignored","damage_taken":0,"max_hp_gain":0,"max_hp_loss":0,"event_name":"NoteForYourself","floor":48,"gold_loss":0}],"is_beta":false,"boss_relics":[{"not_picked":["Astrolabe","Ring of the Serpent"],"picked":"Calling Bell"},{"not_picked":["Lizard Tail","Empty Cage"],"picked":"Busted Crown"}],"items_purged_floors":[2,22,25,37],"is_endless":false,"potions_floor_spawned":[1,3,5,6,11,18,21,30,35,45,47,54],"killed_by":"The Heart","ascension_level":0}