{"gold_per_floor":[116,116,70,86,100,100,130,130,130,55,55,5,5,25,25,129,129,147,107,28,38,38,38,69,83,135,148,176,176,176,176,176,271,271,288,288,388,388,610,610,86,86,86,86,98,127,139,153,153,153],"floor_reached":51,"playtime":2945,"items_purged":["Strike_G"],"score":852,"play_id":"ad056395-eb82-4fef-a5a8-9ee4a9f4ecce","local_time":"20190103151107","is_ascension_mode":true,"campfire_choices":[{"data":"Neutralize","floor":6,"key":"SMITH"},{"floor":8,"key":"REST"},{"data":"Choke","floor":15,"key":"SMITH"},{"floor":23,"key":"REST"},{"floor":30,"key":"REST"},{"floor":32,"key":"REST"},{"floor":40,"key":"REST"},{"floor":42,"key":"REST"},{"floor":44,"key":"REST"},{"floor":49,"key":"REST"}],"neow_cost":"NONE","seed_source_timestamp":363869299361946,"circlet_count":0,"master_deck":["Defend_G","Defend_G","Defend_G","Defend_G","Defend_G+1","Strike_G+1","Strike_G","Survivor","Neutralize+1","PiercingWail","Backflip","Blade Dance","Choke+1","Well Laid Plans","Dash","Caltrops+1","After Image+1","Cloak And Dagger","Footwork+1","Backflip+1","Choke+1","Slice+1","A Thousand Cuts+1","Acrobatics+1","Footwork+1","Accuracy+1","Blade Dance","Violence","Cloak And Dagger+1","Corpse Explosion"],"relics":["Ring of the Snake","NeowsBlessing","Ninja Scroll","Frozen Egg 2","Question Card","Fusion Hammer","Juzu Bracelet","Lantern","Red Mask","Sozu","Nunchaku","Incense Burner","Boot","Centennial Puzzle","Happy Flower"],"potions_floor_usage":[33],"damage_taken":[{"damage":0,"enemies":"Cultist","floor":1,"turns":1},{"damage":0,"enemies":"2 Louse","floor":4,"turns":1},{"damage":0,"enemies":"Jaw Worm","floor":5,"turns":1},{"damage":41,"enemies":"Gremlin Nob","floor":7,"turns":6},{"damage":2,"enemies":"Looter","floor":14,"turns":3},{"damage":31,"enemies":"The Guardian","floor":16,"turns":11},{"damage":5,"enemies":"Spheric Guardian","floor":18,"turns":4},{"damage":0,"enemies":"3 Byrds","floor":21,"turns":4},{"damage":15,"enemies":"Gremlin Leader","floor":24,"turns":7},{"damage":0,"enemies":"3 Cultists","floor":25,"turns":6},{"damage":4,"enemies":"Centurion and Healer","floor":27,"turns":5},{"damage":11,"enemies":"Masked Bandits","floor":28,"turns":4},{"damage":52,"enemies":"Collector","floor":33,"turns":11},{"damage":0,"enemies":"3 Shapes","floor":35,"turns":3},{"damage":8,"enemies":"Mind Bloom Boss Battle","floor":37,"turns":5},{"damage":0,"enemies":"Orb Walker","floor":45,"turns":1},{"damage":0,"enemies":"Reptomancer","floor":46,"turns":7},{"damage":6,"enemies":"3 Darklings","floor":47,"turns":5},{"damage":0,"enemies":"Sphere and 2 Shapes","floor":48,"turns":6},{"damage":25,"enemies":"Donu and Deca","floor":50,"turns":5}],"seed_played":"-2496614803276814302","potions_obtained":[{"floor":4,"key":"GamblersBrew"},{"floor":7,"key":"SteroidPotion"},{"floor":14,"key":"SpeedPotion"},{"floor":33,"key":"Weak Potion"}],"is_trial":false,"path_per_floor":["M","?","$","M","M","R","E","R","T","$","T","?","?","M","R","B",null,"M","?","$","M","$","R","E","M","T","M","?","?","R","?","R","B",null,"M","?","?","?","?","R","$","R","T","R","M","E","M","M","R","B",null],"character_chosen":"THE_SILENT","items_purchased":["Backflip","Dash","Footwork+1","Accuracy+1","Boot","Blade Dance","Violence"],"campfire_rested":8,"item_purchase_floors":[3,10,20,41,41,41,41],"current_hp_per_floor":[70,70,70,70,70,70,29,50,50,50,50,50,70,68,68,37,70,65,65,65,65,65,70,55,55,55,51,40,27,49,49,71,19,75,75,75,67,67,67,75,75,75,75,75,75,75,69,69,75,50],"gold":153,"neow_bonus":"THREE_ENEMY_KILL","is_prod":false,"is_daily":false,"chose_seed":false,"campfire_upgraded":2,"win_rate":0,"timestamp":1546495867,"path_taken":["M","?","$","?","M","R","E","R","T","$","?","?","?","M","R","BOSS","M","?","$","M","?","R","E","M","T","M","?","?","R","?","R","BOSS","M","?","?","?","?","R","$","R","T","R","M","E","M","M","R","BOSS"],"build_version":"2018-12-20","purchased_purges":1,"victory":true,"max_hp_per_floor":[70,70,70,70,70,70,70,70,70,70,70,70,70,70,70,70,70,70,70,70,70,70,70,70,70,70,70,70,75,75,75,75,75,75,75,75,75,75,75,75,75,75,75,75,75,75,75,75,75,75],"card_choices":[{"not_picked":["Terror","Underhanded Strike"],"picked":"PiercingWail","floor":1},{"not_picked":["Dodge and Roll","Infinite Blades"],"picked":"Blade Dance","floor":4},{"not_picked":["Wraith Form v2","Blade Dance"],"picked":"Choke","floor":5},{"not_picked":["Concentrate","Flechettes"],"picked":"Well Laid Plans","floor":7},{"not_picked":["Sucker Punch","Poisoned Stab","Riddle With Holes"],"picked":"Caltrops+1","floor":14},{"not_picked":["Phantasmal Killer","Wraith Form v2+1","Corpse Explosion"],"picked":"After Image+1","floor":16},{"not_picked":["Deadly Poison","Quick Slash","Calculated Gamble+1"],"picked":"Cloak And Dagger","floor":18},{"not_picked":["Prepared","Finisher","Dagger Spray"],"picked":"Backflip+1","floor":21},{"not_picked":["Distraction+1","Die Die Die","Dagger Spray","Calculated Gamble+1"],"picked":"SKIP","floor":24},{"not_picked":["Masterful Stab","Endless Agony+1","Quick Slash"],"picked":"Choke+1","floor":25},{"not_picked":["Deadly Poison","Dagger Throw","Wraith Form v2+1"],"picked":"Slice+1","floor":27},{"not_picked":["Malaise","Wraith Form v2+1","Grand Finale"],"picked":"A Thousand Cuts+1","floor":33},{"not_picked":["Poisoned Stab","Noxious Fumes+1","Dagger Spray"],"picked":"Acrobatics+1","floor":35},{"not_picked":["Deadly Poison+1","Quick Slash","Dagger Spray"],"picked":"Footwork+1","floor":37},{"not_picked":["Poisoned Stab+1","Escape Plan","Slice+1","Setup"],"picked":"SKIP","floor":45},{"not_picked":["Bane","Predator+1","Deadly Poison+1","Deflect"],"picked":"SKIP","floor":46},{"not_picked":["Slice","Deflect+1","Flying Knee+1"],"picked":"Cloak And Dagger+1","floor":47},{"not_picked":["Bane","PiercingWail+1","Slice"],"picked":"Corpse Explosion","floor":48}],"player_experience":129462,"relics_obtained":[{"floor":7,"key":"Ninja Scroll"},{"floor":9,"key":"Frozen Egg 2"},{"floor":11,"key":"Question Card"},{"floor":24,"key":"Juzu Bracelet"},{"floor":26,"key":"Lantern"},{"floor":28,"key":"Red Mask"},{"floor":37,"key":"Incense Burner"},{"floor":43,"key":"Centennial Puzzle"},{"floor":46,"key":"Happy Flower"}],"event_choices":[{"cards_removed":["Strike_G"],"damage_healed":0,"gold_gain":0,"player_choice":"Purged","damage_taken":0,"max_hp_gain":0,"max_hp_loss":0,"event_name":"Purifier","floor":2,"gold_loss":0},{"cards_removed":["Strike_G"],"damage_healed":0,"gold_gain":0,"player_choice":"Card Removal","damage_taken":0,"max_hp_gain":0,"max_hp_loss":0,"event_name":"The Cleric","floor":12,"gold_loss":50},{"damage_healed":23,"gold_gain":0,"player_choice":"Banana","damage_taken":0,"max_hp_gain":0,"max_hp_loss":0,"event_name":"Big Fish","floor":13,"gold_loss":0},{"damage_healed":0,"gold_gain":0,"player_choice":"Upgraded Two","damage_taken":0,"max_hp_gain":0,"max_hp_loss":0,"event_name":"Designer","floor":19,"gold_loss":40,"cards_upgraded":["Defend_G","Strike_G"]},{"damage_healed":0,"gold_gain":0,"player_choice":"Fought Bandits","damage_taken":0,"max_hp_gain":0,"max_hp_loss":0,"event_name":"Masked Bandits","floor":28,"gold_loss":0},{"damage_healed":0,"gold_gain":0,"player_choice":"Shed Blood","damage_taken":18,"max_hp_gain":5,"max_hp_loss":0,"event_name":"Forgotten Altar","floor":29,"gold_loss":0},{"damage_healed":0,"gold_gain":0,"player_choice":"0 cards matched","damage_taken":0,"max_hp_gain":0,"max_hp_loss":0,"event_name":"Match and Keep!","floor":31,"gold_loss":0,"cards_obtained":[]},{"damage_healed":0,"gold_gain":0,"player_choice":"Gave Potion","damage_taken":0,"relics_obtained":["Nunchaku"],"max_hp_gain":0,"max_hp_loss":0,"event_name":"WeMeetAgain","floor":36,"gold_loss":0},{"damage_healed":0,"gold_gain":0,"player_choice":"Fight","damage_taken":0,"max_hp_gain":0,"max_hp_loss":0,"event_name":"MindBloom","floor":37,"gold_loss":0},{"damage_healed":0,"gold_gain":0,"player_choice":"Ignored","damage_taken":0,"max_hp_gain":0,"max_hp_loss":0,"event_name":"Mysterious Sphere","floor":38,"gold_loss":0},{"damage_healed":0,"gold_gain":222,"player_choice":"Wore Mask","damage_taken":0,"max_hp_gain":0,"max_hp_loss":0,"event_name":"Tomb of Lord Red Mask","floor":39,"gold_loss":0}],"is_beta":false,"boss_relics":[{"not_picked":["WristBlade","Pandora\u0027s Box"],"picked":"Fusion Hammer"},{"not_picked":["Tiny House","Ring of the Serpent"],"picked":"Sozu"}],"items_purged_floors":[41],"is_endless":false,"potions_floor_spawned":[4,7,14,16,21,24,28,33,45,46,47],"ascension_level":4}