{"gold_per_floor":[118,129,141,161,181,208,226,226,249,277,23,33,33,43,43,141,141,151,151,132,142,72,72,83,118,118,118,131,142,142,142,142,142],"floor_reached":33,"playtime":3110,"items_purged":["Strike_G"],"score":354,"play_id":"cc8a24a5-bc97-4dcb-9233-3618ee16e549","local_time":"20181129004520","is_ascension_mode":true,"campfire_choices":[{"data":"Neutralize","floor":8,"key":"SMITH"},{"data":"Noxious Fumes","floor":13,"key":"SMITH"},{"floor":15,"key":"REST"},{"data":"Envenom","floor":23,"key":"SMITH"},{"data":"Cloak And Dagger","floor":27,"key":"SMITH"},{"floor":30,"key":"REST"},{"floor":32,"key":"REST"}],"neow_cost":"TEN_PERCENT_HP_LOSS","seed_source_timestamp":0,"circlet_count":0,"master_deck":["Defend_G","Defend_G","Defend_G+1","Defend_G+1","Strike_G","Strike_G","Strike_G","Survivor","Neutralize+1","PiercingWail","Crippling Poison","Blade Dance","Blur","Cloak And Dagger+1","Noxious Fumes+1","Concentrate","Predator","Envenom+1","Cloak And Dagger+1","Cloak And Dagger+1","Catalyst","Noxious Fumes","Blade Dance","Prepared+1","Finisher+1"],"special_seed":0,"relics":["Ring of the Snake","Centennial Puzzle","Happy Flower","War Paint","Lantern","WristBlade","Strawberry","Darkstone Periapt"],"potions_floor_usage":[10,21,25,29,33],"damage_taken":[{"damage":0.0,"enemies":"Jaw Worm","floor":1.0,"turns":5.0},{"damage":0.0,"enemies":"Cultist","floor":2.0,"turns":4.0},{"damage":0.0,"enemies":"Small Slimes","floor":3.0,"turns":4.0},{"damage":2.0,"enemies":"Looter","floor":4.0,"turns":5.0},{"damage":3.0,"enemies":"Lots of Slimes","floor":5.0,"turns":4.0},{"damage":10.0,"enemies":"Gremlin Nob","floor":6.0,"turns":4.0},{"damage":5,"enemies":"2 Fungi Beasts","floor":7,"turns":4},{"damage":21,"enemies":"3 Sentries","floor":10,"turns":14},{"damage":0,"enemies":"Exordium Thugs","floor":12,"turns":4},{"damage":0,"enemies":"Blue Slaver","floor":14,"turns":4},{"damage":18,"enemies":"Hexaghost","floor":16,"turns":12},{"damage":9,"enemies":"Shell Parasite","floor":18,"turns":7},{"damage":0,"enemies":"2 Thieves","floor":20,"turns":4},{"damage":2,"enemies":"Snecko","floor":21,"turns":4},{"damage":2,"enemies":"Centurion and Healer","floor":24,"turns":5},{"damage":15,"enemies":"Book of Stabbing","floor":25,"turns":5},{"damage":0,"enemies":"Chosen and Byrds","floor":28,"turns":4},{"damage":19,"enemies":"Sentry and Sphere","floor":29,"turns":5},{"damage":48,"enemies":"Champ","floor":33,"turns":9}],"seed_played":"-4183693542099063136","potions_obtained":[{"floor":2.0,"key":"SkillPotion"},{"floor":3.0,"key":"Explosive Potion"},{"floor":4.0,"key":"Fire Potion"},{"floor":6,"key":"GhostInAJar"},{"floor":16,"key":"Weak Potion"},{"floor":21,"key":"Strength Potion"},{"floor":24,"key":"Fire Potion"},{"floor":25,"key":"SkillPotion"}],"is_trial":false,"path_per_floor":["M","M","M","M","M","E","E","M","R","T","E","$","M","R","M","R","B",null,"M","?","M","M","$","R","M","E","T","R","M","M","R","?","R","B"],"character_chosen":"THE_SILENT","items_purchased":["Lantern","Noxious Fumes","Noxious Fumes"],"campfire_rested":3,"item_purchase_floors":[11,11,22],"current_hp_per_floor":[63,63,63,61,58,48,43,43,43,22,22,22,22,22,40,22,53,44,44,44,42,42,42,40,32,32,32,32,13,34,21,43,0],"gold":142,"neow_bonus":"REMOVE_TWO","is_prod":false,"is_daily":false,"chose_seed":false,"campfire_upgraded":4,"win_rate":0,"timestamp":1543481120,"path_taken":["M","M","M","M","M","E","M","R","T","E","$","M","R","M","R","BOSS","M","?","M","M","$","R","M","E","T","R","M","M","R","?","R","BOSS"],"build_version":"2018-11-15","purchased_purges":1,"victory":false,"max_hp_per_floor":[63,63,63,63,63,63,63,63,63,63,63,63,63,63,63,63,63,63,63,63,63,63,63,63,70,70,70,70,70,70,75,75,75],"card_choices":[{"not_picked":["Slice","Eviscerate","Flying Knee"],"picked":"SKIP","floor":1.0},{"not_picked":["Dagger Spray","Sucker Punch"],"picked":"PiercingWail","floor":2.0},{"not_picked":["Backstab","Acrobatics"],"picked":"Crippling Poison","floor":3.0},{"not_picked":["Eviscerate","All Out Attack"],"picked":"Blade Dance","floor":4.0},{"not_picked":["Masterful Stab","Eviscerate","Outmaneuver"],"picked":"SKIP","floor":5.0},{"not_picked":["Bane","Predator"],"picked":"Blur","floor":6},{"not_picked":["Storm of Steel","Riddle With Holes","Finisher"],"picked":"SKIP","floor":7},{"not_picked":["Dagger Spray","Prepared"],"picked":"Cloak And Dagger","floor":10},{"not_picked":["Escape Plan","Backflip"],"picked":"Concentrate","floor":12},{"not_picked":["Bane","Dagger Spray"],"picked":"Predator","floor":14},{"not_picked":["Unload","Grand Finale"],"picked":"Envenom","floor":16},{"not_picked":["Poisoned Stab+1","Blade Dance"],"picked":"Cloak And Dagger+1","floor":18},{"not_picked":["Tactician","Bouncing Flask+1"],"picked":"Cloak And Dagger+1","floor":20},{"not_picked":["Blur","Bane"],"picked":"Catalyst","floor":21},{"not_picked":["Escape Plan+1","Skewer"],"picked":"Blade Dance","floor":24},{"not_picked":["Sucker Punch","Dagger Throw","Dagger Spray"],"picked":"SKIP","floor":25},{"not_picked":["Skewer+1","Bane+1"],"picked":"Prepared+1","floor":28},{"not_picked":["Calculated Gamble","Cloak And Dagger+1"],"picked":"Finisher+1","floor":29}],"player_experience":324746,"relics_obtained":[{"floor":6,"key":"Centennial Puzzle"},{"floor":9,"key":"Happy Flower"},{"floor":10,"key":"War Paint"},{"floor":25,"key":"Strawberry"},{"floor":26,"key":"Darkstone Periapt"}],"event_choices":[{"damage_healed":0,"gold_gain":0,"player_choice":"Ignored","damage_taken":0,"max_hp_gain":0,"max_hp_loss":0,"event_name":"Ghosts","floor":19,"gold_loss":0},{"damage_healed":0,"gold_gain":0,"player_choice":"Shed Blood","damage_taken":18,"max_hp_gain":5,"max_hp_loss":0,"event_name":"Forgotten Altar","floor":31,"gold_loss":0}],"is_beta":false,"boss_relics":[{"not_picked":["Ectoplasm","Runic Dome"],"picked":"WristBlade"}],"items_purged_floors":[11],"is_endless":false,"potions_floor_spawned":[2,3,4,6,16,21,24,25],"killed_by":"Champ","ascension_level":5}