{"gold_per_floor":[119,132,144,144,45,79,79,112,112,112,145,145,25,25,25,124,124,141,141,155,0,17,17,17,17,17,34,34,46,46,62,62,161,211,222,234,25,125,137,137,166,215,242,242,242,35,35,35,35,35],"floor_reached":50,"playtime":4998,"items_purged":["Defend_G"],"score":727,"play_id":"c4969617-c902-449b-b851-de68fd791d33","local_time":"20181215174510","is_ascension_mode":true,"campfire_choices":[{"floor":7.0,"key":"REST"},{"floor":10.0,"key":"REST"},{"floor":15.0,"key":"REST"},{"floor":23.0,"key":"REST"},{"data":"Footwork","floor":25.0,"key":"SMITH"},{"floor":28.0,"key":"REST"},{"floor":30.0,"key":"REST"},{"floor":32.0,"key":"REST"},{"floor":40.0,"key":"REST"},{"floor":45.0,"key":"REST"},{"data":"Eviscerate","floor":47.0,"key":"SMITH"},{"data":"Noxious Fumes","floor":49.0,"key":"SMITH"}],"neow_cost":"NONE","seed_source_timestamp":0,"circlet_count":0,"master_deck":["Defend_G","Defend_G+1","Defend_G+1","Defend_G","Strike_G","Strike_G","Strike_G","Strike_G+1","Survivor","Neutralize","Impatience","Backflip+1","Deadly Poison","Bane","Noxious Fumes","PiercingWail","Infinite Blades","Noxious Fumes+1","Sucker Punch+1","Leg Sweep","After Image","Deadly Poison","Crippling Poison","Footwork+1","Eviscerate+1","Dagger Throw+1","All Out Attack+1","Acrobatics","Cloak And Dagger","Bullet Time","Bouncing Flask","Acrobatics","Underhanded Strike+1","Leg Sweep","Tools of the Trade","Backflip+1","PiercingWail"],"special_seed":0,"relics":["Ring of the Snake","Bottled Flame","Pantograph","Dodecahedron","Gremlin Horn","Snecko Eye","Juzu Bracelet","Tiny House","Tingsha","Whetstone","Art of War","War Paint","Strange Spoon","Boot"],"potions_floor_usage":[50],"damage_taken":[{"damage":3.0,"enemies":"Small Slimes","floor":1.0,"turns":4.0},{"damage":0.0,"enemies":"2 Louse","floor":2.0,"turns":3.0},{"damage":5.0,"enemies":"Jaw Worm","floor":3.0,"turns":4.0},{"damage":34.0,"enemies":"Lagavulin","floor":6.0,"turns":8.0},{"damage":26.0,"enemies":"Gremlin Nob","floor":8.0,"turns":4.0},{"damage":15.0,"enemies":"Lagavulin","floor":11.0,"turns":8.0},{"damage":1.0,"enemies":"Slime Boss","floor":16.0,"turns":8.0},{"damage":3.0,"enemies":"3 Byrds","floor":18.0,"turns":7.0},{"damage":35.0,"enemies":"2 Thieves","floor":20.0,"turns":4.0},{"damage":25.0,"enemies":"Snake Plant","floor":22.0,"turns":6.0},{"damage":24.0,"enemies":"Snecko","floor":27.0,"turns":5.0},{"damage":21.0,"enemies":"3 Cultists","floor":29.0,"turns":6.0},{"damage":21.0,"enemies":"Snake Plant","floor":31.0,"turns":4.0},{"damage":18.0,"enemies":"Collector","floor":33.0,"turns":9.0},{"damage":1.0,"enemies":"Orb Walker","floor":35.0,"turns":4.0},{"damage":39.0,"enemies":"3 Darklings","floor":36.0,"turns":5.0},{"damage":10.0,"enemies":"Mind Bloom Boss Battle","floor":38.0,"turns":8.0},{"damage":10.0,"enemies":"4 Shapes","floor":39.0,"turns":5.0},{"damage":33.0,"enemies":"Nemesis","floor":41.0,"turns":9.0},{"damage":72,"enemies":"Time Eater","floor":50,"turns":5}],"seed_played":"-4571278665845839421","potions_obtained":[{"floor":3.0,"key":"Ancient Potion"},{"floor":6.0,"key":"FearPotion"},{"floor":11.0,"key":"GhostInAJar"},{"floor":18.0,"key":"AttackPotion"},{"floor":27.0,"key":"Energy Potion"},{"floor":31.0,"key":"GhostInAJar"},{"floor":34.0,"key":"Ancient Potion"},{"floor":35.0,"key":"SkillPotion"},{"floor":41.0,"key":"Fire Potion"}],"is_trial":false,"path_per_floor":["M","M","M","?","$","E","R","E","T","R","E","?","$","?","R","B",null,"M","?","M","$","M","R","?","R","T","M","R","M","R","M","R","B",null,"M","M","$","?","M","R","E","T","T","?","R","$","R","?","R","B"],"character_chosen":"THE_SILENT","items_purchased":["PiercingWail","Leg Sweep","Block Potion","Footwork","Eviscerate","Leg Sweep","Tools of the Trade","PowerPotion","Strange Spoon"],"campfire_rested":9,"item_purchase_floors":[5,13,13,21,21,37,37,37,46],"current_hp_per_floor":[60,60,55,55,55,21,42,16,16,37,22,39,39,39,60,69,70,67,67,32,32,7,27,49,49,49,25,45,24,44,23,43,49,68,67,28,28,43,33,54,21,21,21,21,42,42,42,42,42,0],"gold":35,"neow_bonus":"RANDOM_COLORLESS","is_prod":false,"is_daily":false,"chose_seed":false,"campfire_upgraded":3,"win_rate":0,"timestamp":1544924710,"path_taken":["M","M","M","?","$","E","R","E","T","R","E","?","$","?","R","BOSS","M","?","M","$","?","R","?","R","T","M","R","M","R","M","R","BOSS","M","M","$","?","M","R","E","?","T","?","R","$","R","?","R","BOSS"],"build_version":"2018-12-13","purchased_purges":1,"victory":false,"max_hp_per_floor":[70,70,70,70,70,70,70,70,70,70,70,70,70,70,70,70,70,70,67,67,67,67,67,67,67,67,67,67,67,67,67,67,67,72,72,72,72,72,72,72,72,72,72,72,72,72,72,72,72,72],"card_choices":[{"not_picked":["Acrobatics","PiercingWail"],"picked":"Backflip","floor":1.0},{"not_picked":["Prepared","Slice"],"picked":"Deadly Poison","floor":2.0},{"not_picked":["Underhanded Strike","Phantasmal Killer"],"picked":"Bane","floor":3.0},{"not_picked":["Predator","Dagger Spray"],"picked":"Infinite Blades","floor":6.0},{"not_picked":["Poisoned Stab","A Thousand Cuts"],"picked":"Noxious Fumes","floor":8.0},{"not_picked":["All Out Attack","Poisoned Stab"],"picked":"Sucker Punch","floor":11.0},{"not_picked":["Grand Finale","Unload"],"picked":"After Image","floor":16.0},{"not_picked":["Sucker Punch","Flying Knee"],"picked":"Deadly Poison","floor":18.0},{"not_picked":["Cloak And Dagger","Doppelganger"],"picked":"Crippling Poison","floor":20.0},{"not_picked":["Deadly Poison","Quick Slash"],"picked":"Dagger Throw+1","floor":22.0},{"not_picked":["PiercingWail","Outmaneuver"],"picked":"All Out Attack+1","floor":27.0},{"not_picked":["Bane+1","Poisoned Stab+1"],"picked":"Acrobatics","floor":29.0},{"not_picked":["Dagger Throw+1","Sucker Punch"],"picked":"Cloak And Dagger","floor":31.0},{"not_picked":["Adrenaline","Unload"],"picked":"Bullet Time","floor":33.0},{"not_picked":["Blade Dance+1","Cloak And Dagger"],"picked":"Bouncing Flask","floor":34.0},{"not_picked":["Flying Knee","Endless Agony+1"],"picked":"Acrobatics","floor":35.0},{"not_picked":["Deflect+1","Blade Dance+1"],"picked":"Underhanded Strike+1","floor":36.0},{"not_picked":["Dagger Throw","Skewer+1"],"picked":"Backflip+1","floor":38.0},{"not_picked":["Backstab+1","Cloak And Dagger"],"picked":"PiercingWail","floor":39.0},{"not_picked":["Deadly Poison","Acrobatics+1","Grand Finale"],"picked":"SKIP","floor":41.0}],"player_experience":419414,"relics_obtained":[{"floor":6.0,"key":"Bottled Flame"},{"floor":8.0,"key":"Pantograph"},{"floor":9.0,"key":"Dodecahedron"},{"floor":11.0,"key":"Gremlin Horn"},{"floor":26.0,"key":"Juzu Bracelet"},{"floor":38.0,"key":"Tingsha"},{"floor":41.0,"key":"Whetstone"},{"floor":42.0,"key":"Art of War"},{"floor":43.0,"key":"War Paint"},{"floor":48.0,"key":"Boot"}],"event_choices":[{"damage_healed":0.0,"max_hp_gain":0.0,"max_hp_loss":0.0,"gold_gain":0.0,"cards_transformed":["Strike_G"],"event_name":"Living Wall","player_choice":"Change","floor":4.0,"gold_loss":0.0,"damage_taken":0.0,"cards_obtained":["Noxious Fumes"]},{"damage_healed":17.0,"max_hp_gain":0.0,"max_hp_loss":0.0,"gold_gain":0.0,"event_name":"Mushrooms","player_choice":"Healed and dodged fight","floor":12.0,"gold_loss":0.0,"damage_taken":0.0,"cards_obtained":["Parasite"]},{"damage_healed":0.0,"max_hp_gain":0.0,"max_hp_loss":0.0,"gold_gain":0.0,"event_name":"The Cleric","player_choice":"Leave","floor":14.0,"gold_loss":0.0,"damage_taken":0.0},{"cards_removed":["Parasite"],"damage_healed":0.0,"max_hp_gain":0.0,"max_hp_loss":0.0,"gold_gain":0.0,"event_name":"Fountain of Cleansing","player_choice":"Removed Curses","floor":19.0,"gold_loss":0.0,"damage_taken":0.0},{"damage_healed":22.0,"max_hp_gain":0.0,"max_hp_loss":0.0,"gold_gain":0.0,"event_name":"The Library","player_choice":"Heal","floor":24.0,"gold_loss":0.0,"damage_taken":0.0},{"damage_healed":0.0,"max_hp_gain":0.0,"max_hp_loss":0.0,"gold_gain":0.0,"event_name":"MindBloom","player_choice":"Fight","floor":38.0,"gold_loss":0.0,"damage_taken":0.0},{"damage_healed":0.0,"max_hp_gain":0.0,"max_hp_loss":0.0,"gold_gain":0.0,"event_name":"Mysterious Sphere","player_choice":"Ignored","floor":44.0,"gold_loss":0.0,"damage_taken":0.0},{"damage_healed":0.0,"max_hp_gain":0.0,"max_hp_loss":0.0,"gold_gain":0.0,"event_name":"Wheel of Change","player_choice":"Relic","floor":48.0,"gold_loss":0.0,"damage_taken":0.0}],"is_beta":false,"boss_relics":[{"not_picked":["Runic Dome","Coffee Dripper"],"picked":"Snecko Eye"},{"not_picked":["Black Star","Lizard Tail"],"picked":"Tiny House"}],"items_purged_floors":[5],"is_endless":false,"potions_floor_spawned":[3,6,11,18,27,31,35,41],"killed_by":"Time Eater","ascension_level":9}