{"gold_per_floor":[112,130,130,147,166,166,4,4,4,20,20,32,32,48,48,146,146,160,172,190,209,224,224],"floor_reached":23,"playtime":1832,"items_purged":[],"score":189,"play_id":"e22bd3c2-eb4b-4b7a-bccf-004729c20a13","local_time":"20190811233255","is_ascension_mode":false,"campfire_choices":[{"floor":8,"key":"REST"},{"data":"Noxious Fumes","floor":11,"key":"SMITH"},{"data":"Neutralize","floor":13,"key":"SMITH"},{"data":"Poisoned Stab","floor":15,"key":"SMITH"}],"neow_cost":"NONE","seed_source_timestamp":0,"circlet_count":0,"master_deck":["Strike_G","Strike_G","Strike_G","Strike_G","Strike_G","Defend_G","Defend_G","Defend_G","Defend_G","Survivor","Neutralize+1","Backflip","Dash","Backstab","Tactician","Backstab","Noxious Fumes+1","Poisoned Stab+1","Leg Sweep","Poisoned Stab","Dagger Spray","Envenom","Terror","Deflect+1","Deflect+1","Poisoned Stab+1"],"special_seed":0,"relics":["Ring of the Snake","Orichalcum","Thread and Needle","Philosopher\u0027s Stone"],"potions_floor_usage":[18,22,22,23],"damage_taken":[{"damage":5.0,"enemies":"Jaw Worm","floor":1.0,"turns":5.0},{"damage":2.0,"enemies":"Cultist","floor":2.0,"turns":6.0},{"damage":0,"enemies":"2 Louse","floor":4,"turns":4},{"damage":1,"enemies":"Exordium Thugs","floor":5,"turns":6},{"damage":0,"enemies":"2 Fungi Beasts","floor":10,"turns":2},{"damage":0,"enemies":"Blue Slaver","floor":12,"turns":2},{"damage":0,"enemies":"Red Slaver","floor":14,"turns":2},{"damage":22,"enemies":"The Guardian","floor":16,"turns":9},{"damage":11,"enemies":"3 Byrds","floor":18,"turns":4},{"damage":2,"enemies":"Shell Parasite","floor":19,"turns":4},{"damage":11,"enemies":"Shelled Parasite and Fungi","floor":20,"turns":5},{"damage":0,"enemies":"Snecko","floor":21,"turns":5},{"damage":25,"enemies":"Cultist and Chosen","floor":22,"turns":7},{"damage":26,"enemies":"Slavers","floor":23,"turns":3}],"seed_played":"-7604408893123901876","potions_obtained":[{"floor":4,"key":"Swift Potion"},{"floor":10,"key":"Explosive Potion"},{"floor":16,"key":"LiquidBronze"},{"floor":19,"key":"Poison Potion"},{"floor":21,"key":"SkillPotion"}],"is_trial":false,"path_per_floor":["M","M","?","M","M","?","$","R","T","M","R","M","R","M","R","B",null,"M","M","M","M","M","E"],"character_chosen":"THE_SILENT","items_purchased":["Backstab","Noxious Fumes","Poisoned Stab"],"campfire_rested":1,"item_purchase_floors":[7,7,7],"current_hp_per_floor":[65,63,56,56,55,55,55,70,70,70,70,70,70,70,70,48,70,59,57,46,46,21,0],"gold":224,"neow_bonus":"RANDOM_COMMON_RELIC","is_prod":false,"is_daily":false,"chose_seed":false,"campfire_upgraded":3,"win_rate":0.0,"timestamp":1565559175,"path_taken":["M","M","?","?","M","?","?","R","T","M","R","M","R","M","R","BOSS","M","M","M","M","M","E"],"build_version":"2019-07-17","purchased_purges":0,"victory":false,"max_hp_per_floor":[70,70,70,70,70,70,70,70,70,70,70,70,70,70,70,70,70,70,70,70,70,70,70],"card_choices":[{"not_picked":["Dagger Spray","Outmaneuver"],"picked":"Backflip","floor":1.0},{"not_picked":["Eviscerate","Acrobatics"],"picked":"Dash","floor":2.0},{"not_picked":["Outmaneuver","Terror"],"picked":"Backstab","floor":4},{"not_picked":["Escape Plan","Outmaneuver"],"picked":"Tactician","floor":5},{"not_picked":["Venomology","Flying Knee"],"picked":"Leg Sweep","floor":10},{"not_picked":["Deflect","Riddle With Holes"],"picked":"Poisoned Stab","floor":12},{"not_picked":["Sucker Punch","Escape Plan"],"picked":"Dagger Spray","floor":14},{"not_picked":["Glass Knife","A Thousand Cuts"],"picked":"Envenom","floor":16},{"not_picked":["Dagger Throw","Well Laid Plans"],"picked":"Terror","floor":18},{"not_picked":["Outmaneuver+1","Sucker Punch"],"picked":"Deflect+1","floor":19},{"not_picked":["Prepared","Expertise","Escape Plan"],"picked":"SKIP","floor":20},{"not_picked":["Eviscerate","Dodge and Roll"],"picked":"Deflect+1","floor":21},{"not_picked":["Acrobatics+1","Sucker Punch"],"picked":"Poisoned Stab+1","floor":22}],"player_experience":35530,"relics_obtained":[{"floor":9,"key":"Thread and Needle"}],"event_choices":[{"damage_healed":0.0,"max_hp_gain":0.0,"max_hp_loss":0.0,"gold_gain":0.0,"event_name":"Wheel of Change","player_choice":"Damaged","floor":3.0,"gold_loss":0.0,"damage_taken":7.0},{"cards_removed":["Defend_G"],"damage_healed":0,"gold_gain":0,"player_choice":"Offered Basic","damage_taken":0,"max_hp_gain":0,"max_hp_loss":0,"event_name":"Bonfire Elementals","floor":6,"gold_loss":0}],"is_beta":false,"boss_relics":[{"not_picked":["Velvet Choker","Eternal Feather"],"picked":"Philosopher\u0027s Stone"}],"items_purged_floors":[],"is_endless":false,"potions_floor_spawned":[4,10,16,19,21],"killed_by":"Slavers","ascension_level":0}