{"path_per_floor":["M","?","?","$","M","M","E","$","T","R","?","E","?","E","R","B",null,"M","?","M","M","M","E","R","E","T","$","M","E","M","E","R","B",null,"M","?","M","M","$","E","R","E","T","E","?","?","E","M","R","B"],"character_chosen":"THE_SILENT","items_purchased":["Ginger","Bag of Marbles","Dramatic Entrance"],"gold_per_floor":[114,114,114,39,54,69,99,99,124,124,124,154,154,184,184,284,284,299,299,314,329,344,374,374,404,404,4,19,49,64,94,94,194,194,209,224,239,254,0,30,30,60,60,90,90,90,120,135,135,135],"floor_reached":51,"campfire_rested":5,"playtime":4446,"current_hp_per_floor":[67,60,60,60,56,52,47,47,47,68,68,67,70,69,80,76,80,79,79,61,67,68,57,80,74,74,74,72,53,56,53,80,73,80,78,64,67,64,64,57,80,76,76,80,80,80,80,80,80,80],"items_purged":["Defend_G","Regret"],"gold":135,"score":961,"play_id":"b6344051-5c0e-4897-a968-7d1441d4c401","local_time":"20180515005523","daily_mods":["Specialized","Elite Swarm","Binary"],"is_prod":false,"is_daily":true,"chose_seed":false,"is_ascension_mode":false,"campfire_upgraded":1,"timestamp":1526316923,"path_taken":["M","?","?","?","?","M","E","$","T","R","?","E","?","E","R","BOSS","M","?","M","M","M","E","R","E","T","$","M","E","M","E","R","BOSS","M","?","M","M","$","E","R","E","T","E","?","?","E","M","R","BOSS"],"build_version":"2018-05-12v2","seed_source_timestamp":0,"purchased_purges":2,"victory":true,"master_deck":["Defend_G","Defend_G","Strike_G","Strike_G","Strike_G","Strike_G","Strike_G","Survivor","Neutralize","Wraith Form v2","Wraith Form v2","Wraith Form v2","Wraith Form v2","Wraith Form v2","Noxious Fumes+1","Unload","Phantasmal Killer","Adrenaline","Dagger Throw+1","Die Die Die","Wraith Form v2","Eviscerate+1","Storm of Steel","Wraith Form v2","Blade Dance+1","Caltrops+1","Dramatic Entrance+1","Wraith Form v2","Adrenaline+1","Apotheosis+1","Adrenaline+1","Bouncing Flask+1"],"max_hp_per_floor":[70,70,70,70,70,70,70,70,70,70,70,70,80,80,80,80,80,80,80,80,80,80,80,80,80,80,80,80,80,80,80,80,80,80,80,80,80,80,80,80,80,80,80,80,80,80,80,80,80,80],"relics":["Ring of the Snake","Bird Faced Urn","Potion Belt","Dodecahedron","Regal Pillow","Pear","Ninja Scroll","Sozu","Toolbox","Meat on the Bone","Molten Egg 2","Ginger","Blue Candle","Paper Crane","Black Star","The Specimen","Bag of Marbles","Darkstone Periapt","Question Card","Gambling Chip","Thread and Needle","Toxic Egg 2","Gremlin Horn","Bottled Lightning","Bottled Tornado","Frozen Egg 2"],"card_choices":[{"not_picked":["Distraction","Deflect"],"picked":"SKIP","floor":1},{"not_picked":["PiercingWail","Outmaneuver"],"picked":"SKIP","floor":5},{"not_picked":["Sucker Punch"],"picked":"Noxious Fumes","floor":6},{"not_picked":["Tactician"],"picked":"Unload","floor":7},{"not_picked":["Grand Finale","A Thousand Cuts"],"picked":"SKIP","floor":12},{"not_picked":["Glass Knife"],"picked":"Phantasmal Killer","floor":14},{"not_picked":["Phantasmal Killer"],"picked":"Adrenaline","floor":16},{"not_picked":["Endless Agony","Well Laid Plans"],"picked":"SKIP","floor":18},{"not_picked":["Dodge and Roll","Underhanded Strike"],"picked":"SKIP","floor":20},{"not_picked":["Acrobatics","Concentrate"],"picked":"SKIP","floor":21},{"not_picked":["Prepared"],"picked":"Dagger Throw+1","floor":22},{"not_picked":["Corpse Explosion"],"picked":"Die Die Die","floor":23},{"not_picked":["Glass Knife"],"picked":"Wraith Form v2","floor":25},{"not_picked":["Concentrate+1"],"picked":"Eviscerate+1","floor":28},{"not_picked":["Tactician","Doppelganger"],"picked":"SKIP","floor":29},{"not_picked":["Acrobatics","Flying Knee+1"],"picked":"SKIP","floor":30},{"not_picked":["Adrenaline"],"picked":"Storm of Steel","floor":31},{"not_picked":["Storm of Steel"],"picked":"Wraith Form v2","floor":33},{"not_picked":["Cloak And Dagger+1"],"picked":"Blade Dance+1","floor":35},{"not_picked":["Cloak And Dagger+1","Deflect+1"],"picked":"SKIP","floor":37},{"not_picked":["Poisoned Stab+1"],"picked":"Caltrops+1","floor":38},{"not_picked":["Night Terror","Tools of the Trade"],"picked":"SKIP","floor":40},{"not_picked":["Venomology","Storm of Steel"],"picked":"Wraith Form v2","floor":42},{"not_picked":["Envenom","Unload+1"],"picked":"Adrenaline+1","floor":44},{"not_picked":["Secret Weapon","Blind"],"picked":"Apotheosis","floor":45},{"not_picked":["After Image","Corpse Explosion+1"],"picked":"Adrenaline+1","floor":47},{"not_picked":["Terror+1","Deadly Poison+1"],"picked":"Bouncing Flask+1","floor":48}],"player_experience":65718,"potions_floor_usage":[12,16],"damage_taken":[{"damage":3,"enemies":"Small Slimes","floor":1,"turns":6},{"damage":4,"enemies":"2 Louse","floor":5,"turns":4},{"damage":4,"enemies":"Jaw Worm","floor":6,"turns":7},{"damage":5,"enemies":"Gremlin Nob","floor":7,"turns":7},{"damage":5,"enemies":"Lagavulin","floor":12,"turns":8},{"damage":11,"enemies":"3 Sentries","floor":14,"turns":9},{"damage":10,"enemies":"Slime Boss","floor":16,"turns":14},{"damage":4,"enemies":"Chosen","floor":18,"turns":7},{"damage":21,"enemies":"3 Byrds","floor":20,"turns":7},{"damage":6,"enemies":"Snecko","floor":21,"turns":7},{"damage":7,"enemies":"Centurion and Healer","floor":22,"turns":10},{"damage":19,"enemies":"Book of Stabbing","floor":23,"turns":9},{"damage":8,"enemies":"Slavers","floor":25,"turns":7},{"damage":10,"enemies":"Sentry and Sphere","floor":28,"turns":9},{"damage":25,"enemies":"Book of Stabbing","floor":29,"turns":6},{"damage":3,"enemies":"Snake Plant","floor":30,"turns":4},{"damage":11,"enemies":"Slavers","floor":31,"turns":6},{"damage":15,"enemies":"Champ","floor":33,"turns":17},{"damage":2,"enemies":"3 Shapes","floor":35,"turns":5},{"damage":24,"enemies":"…Ò√ÿ‘≤«Ú","floor":36,"turns":10},{"damage":3,"enemies":"Orb Walker","floor":37,"turns":5},{"damage":13,"enemies":"Maw","floor":38,"turns":13},{"damage":17,"enemies":"2 Orb Walkers","floor":40,"turns":8},{"damage":10,"enemies":"Giant Head","floor":42,"turns":13},{"damage":2,"enemies":"2 Orb Walkers","floor":44,"turns":6},{"damage":0,"enemies":"Nemesis","floor":47,"turns":7},{"damage":0,"enemies":"Sphere and 2 Shapes","floor":48,"turns":3},{"damage":0,"enemies":"Awakened One","floor":50,"turns":12}],"event_choices":[{"event_name":"Golden Wing","player_choice":"Card Removal","floor":2,"damage_taken":0},{"event_name":"Shining Light","player_choice":"Ignored","floor":3,"damage_taken":0},{"event_name":"Big Fish","player_choice":"Box","floor":11,"damage_taken":0},{"event_name":"Scrap Ooze","player_choice":"success","floor":13,"damage_taken":7},{"event_name":"Ghosts","player_choice":"Ignored","floor":19,"damage_taken":0},{"event_name":"Mysterious Sphere","player_choice":"Fight","floor":36,"damage_taken":0},{"event_name":"SensoryStone","player_choice":"Memory 1","floor":45,"damage_taken":0},{"event_name":"Purifier","player_choice":"One Purge","floor":46,"damage_taken":0}],"boss_relics":[{"not_picked":["Runic Pyramid","Runic Dome"],"picked":"Sozu"},{"not_picked":["Astrolabe","White Beast Statue"],"picked":"Black Star"}],"potions_floor_spawned":[1,12,20,22,28,31,35,37,44,48],"seed_played":"-3074806575419044376","ascension_level":0,"is_trial":false}