{"gold_per_floor":[214,214,289,132,132,151,151,175,175,208,54,84,97,97,97,194,194,163,163,180,195,222,222,222,297,324,146,146,146,158,177,177,273,273,292,311,311,330,330,330,344,344,344,344,344,194,211,228,228,228],"floor_reached":50,"playtime":3439,"items_purged":["Strike_R","Strike_R","Shame","Injury"],"score":522,"play_id":"2c84e90d-9a3a-4631-963a-b3db92b378c9","local_time":"20181228103128","is_ascension_mode":true,"campfire_choices":[{"data":"Rampage","floor":7,"key":"SMITH"},{"floor":15,"key":"REST"},{"floor":23,"key":"REST"},{"data":"True Grit","floor":28,"key":"SMITH"},{"data":"Thunderclap","floor":32,"key":"SMITH"},{"floor":40,"key":"REST"},{"floor":42,"key":"REST"},{"floor":45,"key":"REST"},{"data":"Shrug It Off","floor":49,"key":"SMITH"}],"neow_cost":"NONE","seed_source_timestamp":688762177405,"circlet_count":0,"master_deck":["Defend_R","Defend_R+1","Defend_R+1","Defend_R","Bash","Feel No Pain","Rampage+1","True Grit+1","Double Tap","Battle Trance","Thunderclap+1","Rage","Cleave","Second Wind","Barricade+1","Shrug It Off+1"],"relics":["Burning Blood","Pen Nib","War Paint","Happy Flower","Frozen Egg 2","Sozu","Red Mask","Pantograph","Bag of Preparation","Cursed Key","Vajra"],"potions_floor_usage":[12,22,50],"damage_taken":[{"damage":1,"enemies":"Jaw Worm","floor":1,"turns":3},{"damage":0,"enemies":"Small Slimes","floor":6,"turns":3},{"damage":23,"enemies":"3 Sentries","floor":10,"turns":10},{"damage":33,"enemies":"Gremlin Nob","floor":12,"turns":6},{"damage":0,"enemies":"Cultist","floor":13,"turns":3},{"damage":38,"enemies":"Slime Boss","floor":16,"turns":7},{"damage":7,"enemies":"2 Thieves","floor":18,"turns":5},{"damage":0,"enemies":"Shell Parasite","floor":20,"turns":3},{"damage":12,"enemies":"Shelled Parasite and Fungi","floor":21,"turns":5},{"damage":26,"enemies":"Masked Bandits","floor":22,"turns":5},{"damage":6,"enemies":"Snake Plant","floor":30,"turns":2},{"damage":0,"enemies":"Centurion and Healer","floor":31,"turns":4},{"damage":71,"enemies":"Automaton","floor":33,"turns":9},{"damage":55,"enemies":"3 Shapes","floor":35,"turns":4},{"damage":0,"enemies":"3 Darklings","floor":36,"turns":4},{"damage":12,"enemies":"Spire Growth","floor":38,"turns":4},{"damage":55,"enemies":"4 Shapes","floor":41,"turns":3},{"damage":10,"enemies":"Writhing Mass","floor":47,"turns":7},{"damage":5,"enemies":"3 Darklings","floor":48,"turns":3},{"damage":98,"enemies":"Time Eater","floor":50,"turns":11}],"seed_played":"4755714755102267826","potions_obtained":[{"floor":1,"key":"Energy Potion"},{"floor":10,"key":"BloodPotion"},{"floor":12,"key":"Dexterity Potion"}],"is_trial":false,"path_per_floor":["M","?","?","$","?","M","R","T","T","E","$","E","M","?","R","B",null,"M","?","M","M","?","R","?","T","T","$","R","$","M","M","R","B",null,"M","M","?","M","?","R","M","R","T","?","R","$","M","M","R","B"],"character_chosen":"IRONCLAD","items_purchased":["Rampage","True Grit","Cleave"],"campfire_rested":5,"item_purchase_floors":[4,11,27],"current_hp_per_floor":[80,73,62,62,62,68,68,68,68,51,51,32,38,58,80,48,80,79,64,70,64,44,69,69,69,69,69,69,69,69,75,75,17,82,33,39,39,33,33,57,8,32,32,32,56,56,52,53,53,0],"gold":228,"neow_bonus":"HUNDRED_GOLD","is_prod":false,"is_daily":false,"chose_seed":false,"campfire_upgraded":4,"win_rate":0,"timestamp":1545960688,"path_taken":["M","?","?","$","?","?","R","?","T","E","?","E","?","?","R","BOSS","M","?","M","M","?","R","?","?","T","$","R","$","?","M","R","BOSS","M","M","?","M","?","R","M","R","T","?","R","$","M","M","R","BOSS"],"build_version":"2018-12-20","purchased_purges":4,"victory":false,"max_hp_per_floor":[80,80,80,80,80,80,80,80,80,80,80,80,80,80,80,80,80,80,85,85,85,85,85,82,82,82,82,82,82,82,82,82,82,82,82,82,82,82,82,82,82,82,82,82,82,82,82,82,82,82],"card_choices":[{"not_picked":["Thunderclap","Second Wind"],"picked":"Feel No Pain","floor":1},{"not_picked":["Body Slam","Disarm","Fire Breathing"],"picked":"SKIP","floor":6},{"not_picked":["Ghostly Armor","Havoc","Rampage"],"picked":"SKIP","floor":10},{"not_picked":["Anger","Cleave","Armaments"],"picked":"SKIP","floor":12},{"not_picked":["Wild Strike","Warcry","Rupture+1"],"picked":"SKIP","floor":13},{"not_picked":["Barricade+1","Offering"],"picked":"Double Tap","floor":16},{"not_picked":["Feel No Pain+1","Burning Pact"],"picked":"Battle Trance","floor":18},{"not_picked":["Flex","Armaments"],"picked":"Thunderclap","floor":20},{"not_picked":["Shrug It Off","Clothesline","Burning Pact"],"picked":"SKIP","floor":21},{"not_picked":["Thunderclap","Anger"],"picked":"Second Wind","floor":30},{"not_picked":["Headbutt+1","True Grit","Cleave"],"picked":"SKIP","floor":31},{"not_picked":["Dark Embrace+1","Double Tap"],"picked":"Barricade+1","floor":33},{"not_picked":["Reckless Charge","Twin Strike","Metallicize+1"],"picked":"SKIP","floor":35},{"not_picked":["Flex","Wild Strike"],"picked":"Shrug It Off","floor":36},{"not_picked":["Power Through","Shockwave+1","Rupture+1"],"picked":"SKIP","floor":38},{"not_picked":["Perfected Strike","Rage+1","Sword Boomerang+1"],"picked":"SKIP","floor":41},{"not_picked":["Armaments+1","Sever Soul","Feel No Pain+1"],"picked":"SKIP","floor":47},{"not_picked":["Intimidate+1","True Grit","Searing Blow+1"],"picked":"SKIP","floor":48}],"player_experience":24708,"relics_obtained":[{"floor":8,"key":"Pen Nib"},{"floor":9,"key":"War Paint"},{"floor":10,"key":"Happy Flower"},{"floor":12,"key":"Frozen Egg 2"},{"floor":22,"key":"Red Mask"},{"floor":25,"key":"Pantograph"},{"floor":26,"key":"Bag of Preparation"},{"floor":43,"key":"Vajra"}],"event_choices":[{"cards_removed":["Strike_R"],"damage_healed":0,"gold_gain":0,"player_choice":"Card Removal","damage_taken":7,"max_hp_gain":0,"max_hp_loss":0,"event_name":"Golden Wing","floor":2,"gold_loss":0},{"damage_healed":0,"gold_gain":75,"player_choice":"Gather Gold","damage_taken":11,"max_hp_gain":0,"max_hp_loss":0,"event_name":"World of Goop","floor":3,"gold_loss":0},{"cards_removed":["Strike_R"],"damage_healed":0,"gold_gain":0,"player_choice":"Purged","damage_taken":0,"max_hp_gain":0,"max_hp_loss":0,"event_name":"Purifier","floor":5,"gold_loss":0},{"damage_healed":20,"gold_gain":0,"player_choice":"Healed and dodged fight","damage_taken":0,"max_hp_gain":0,"max_hp_loss":0,"event_name":"Mushrooms","floor":14,"gold_loss":0,"cards_obtained":["Parasite"]},{"damage_healed":0,"gold_gain":0,"player_choice":"Shed Blood","damage_taken":20,"max_hp_gain":5,"max_hp_loss":0,"event_name":"Forgotten Altar","floor":19,"gold_loss":0},{"damage_healed":0,"gold_gain":0,"player_choice":"Fought Bandits","damage_taken":0,"max_hp_gain":0,"max_hp_loss":0,"event_name":"Masked Bandits","floor":22,"gold_loss":0},{"damage_healed":0,"gold_gain":0,"cards_transformed":["Strike_R","Parasite"],"player_choice":"Became Test Subject","damage_taken":0,"max_hp_gain":0,"max_hp_loss":0,"event_name":"Drug Dealer","floor":24,"gold_loss":0,"cards_obtained":["Rage","Shame"]},{"damage_healed":0,"gold_gain":0,"player_choice":"Ignored","damage_taken":0,"max_hp_gain":0,"max_hp_loss":0,"event_name":"Tomb of Lord Red Mask","floor":37,"gold_loss":0},{"damage_healed":0,"gold_gain":0,"player_choice":"Ignored","damage_taken":0,"max_hp_gain":0,"max_hp_loss":0,"event_name":"The Moai Head","floor":39,"gold_loss":0},{"damage_healed":0,"gold_gain":0,"player_choice":"Ignored","damage_taken":0,"max_hp_gain":0,"max_hp_loss":0,"event_name":"Mysterious Sphere","floor":44,"gold_loss":0}],"is_beta":false,"boss_relics":[{"not_picked":["Empty Cage","Eternal Feather"],"picked":"Sozu"},{"not_picked":["Snecko Eye","Black Star"],"picked":"Cursed Key"}],"items_purged_floors":[4,11,27,46],"is_endless":false,"potions_floor_spawned":[1,10,12,20,22,31,38,41,47],"killed_by":"Time Eater","ascension_level":1}