{"gold_per_floor":[18,37,49,49,62,62,75,75,102,102,113,113,125,142,142,215,215,227,245,70,84,9,9,19,19,19,19,29,29,29,29,29,29],"floor_reached":33,"playtime":2032,"items_purged":["Strike_G"],"score":446,"play_id":"0cc4e700-5e87-47f2-8e98-3eeefdc33f6c","local_time":"20190805001127","is_ascension_mode":true,"campfire_choices":[{"data":"Neutralize","floor":6,"key":"SMITH"},{"data":"Sucker Punch","floor":8,"key":"SMITH"},{"data":"Burst","floor":10,"key":"SMITH"},{"floor":15,"key":"REST"},{"data":"Bullet Time","floor":23,"key":"SMITH"},{"floor":27,"key":"REST"},{"floor":29,"key":"REST"},{"data":"Backflip","floor":32,"key":"SMITH"}],"neow_cost":"NO_GOLD","seed_source_timestamp":167243255087200,"circlet_count":0,"master_deck":["AscendersBane","Strike_G+1","Strike_G+1","Defend_G+1","Defend_G+1","Defend_G+1","Survivor","Neutralize+1","Backflip+1","Burst+1","Quick Slash","Sucker Punch+1","Blur+1","Blur","Bouncing Flask","Bullet Time+1","Bandage Up"],"relics":["Ring of the Snake","Potion Belt","Busted Crown","Peace Pipe","MutagenicStrength"],"potions_floor_usage":[14,14,14,24],"damage_taken":[{"damage":3,"enemies":"Jaw Worm","floor":1,"turns":4},{"damage":1,"enemies":"2 Louse","floor":2,"turns":3},{"damage":5,"enemies":"Small Slimes","floor":3,"turns":6},{"damage":1,"enemies":"Blue Slaver","floor":5,"turns":6},{"damage":1,"enemies":"Looter","floor":7,"turns":5},{"damage":0,"enemies":"2 Fungi Beasts","floor":11,"turns":5},{"damage":0,"enemies":"Exordium Wildlife","floor":13,"turns":6},{"damage":17,"enemies":"Gremlin Gang","floor":14,"turns":7},{"damage":12,"enemies":"Hexaghost","floor":16,"turns":10},{"damage":30,"enemies":"Shell Parasite","floor":18,"turns":5},{"damage":0,"enemies":"Spheric Guardian","floor":19,"turns":4},{"damage":3,"enemies":"Snecko","floor":21,"turns":8},{"damage":10,"enemies":"Snake Plant","floor":24,"turns":6},{"damage":31,"enemies":"Chosen and Byrds","floor":28,"turns":11},{"damage":0,"enemies":"Colosseum Slavers","floor":31,"turns":4},{"damage":61,"enemies":"Champ","floor":33,"turns":20}],"seed_played":"6465767597936602899","potions_obtained":[{"floor":1,"key":"Swift Potion"},{"floor":5,"key":"Block Potion"},{"floor":13,"key":"SpeedPotion"},{"floor":19,"key":"EssenceOfSteel"}],"is_trial":false,"path_per_floor":["M","M","M","?","M","R","M","R","T","R","M","?","M","M","R","B",null,"M","M","$","M","?","R","M","?","T","R","M","R","?","?","R","B"],"character_chosen":"THE_SILENT","items_purchased":["Bandage Up"],"campfire_rested":3,"item_purchase_floors":[20],"current_hp_per_floor":[56,55,50,43,42,42,41,41,41,41,41,41,41,24,43,31,57,27,27,27,28,28,28,22,22,22,41,14,33,33,41,41,0],"gold":29,"neow_bonus":"TRANSFORM_TWO_CARDS","is_prod":false,"is_daily":false,"chose_seed":false,"campfire_upgraded":5,"win_rate":0,"timestamp":1564931487,"path_taken":["M","M","M","?","M","R","M","R","T","R","M","?","M","M","R","BOSS","M","M","$","M","?","R","M","?","T","R","M","R","?","?","R","BOSS"],"build_version":"2019-07-17","purchased_purges":1,"victory":false,"max_hp_per_floor":[66,66,66,66,66,66,66,66,66,66,66,66,66,66,66,66,66,66,66,66,66,66,66,66,66,66,66,66,66,66,66,66,66],"card_choices":[{"not_picked":["Endless Agony","Concentrate","Backflip"],"picked":"SKIP","floor":1},{"not_picked":["Blade Dance","Dodge and Roll"],"picked":"Quick Slash","floor":2},{"not_picked":["Deflect","Blade Dance"],"picked":"Sucker Punch","floor":3},{"not_picked":["Cloak And Dagger","Outmaneuver"],"picked":"Blur","floor":5},{"not_picked":["Prepared","Blade Dance","Slice"],"picked":"SKIP","floor":7},{"not_picked":["Prepared","Eviscerate","Quick Slash"],"picked":"SKIP","floor":11},{"not_picked":["Bane","Envenom"],"picked":"Blur","floor":13},{"not_picked":["Masterful Stab","Poisoned Stab"],"picked":"Bouncing Flask","floor":14},{"not_picked":["Grand Finale","Venomology"],"picked":"Bullet Time","floor":16},{"not_picked":["Deadly Poison"],"picked":"SKIP","floor":18},{"not_picked":["Dagger Throw"],"picked":"SKIP","floor":19},{"not_picked":["Tactician+1"],"picked":"SKIP","floor":21},{"not_picked":["Finisher+1"],"picked":"SKIP","floor":24},{"not_picked":["Eviscerate"],"picked":"SKIP","floor":28}],"player_experience":572724,"relics_obtained":[{"floor":9,"key":"Potion Belt"},{"floor":26,"key":"Peace Pipe"}],"event_choices":[{"cards_removed":["Strike_G"],"damage_healed":0,"gold_gain":0,"player_choice":"Card Removal","damage_taken":7,"max_hp_gain":0,"max_hp_loss":0,"event_name":"Golden Wing","floor":4,"gold_loss":0},{"damage_healed":0,"gold_gain":0,"player_choice":"Grow","damage_taken":0,"max_hp_gain":0,"max_hp_loss":0,"event_name":"Living Wall","floor":12,"gold_loss":0,"cards_upgraded":["Blur"]},{"cards_removed":["Strike_G"],"damage_healed":0,"gold_gain":0,"player_choice":"Gave Gold","damage_taken":0,"max_hp_gain":0,"max_hp_loss":0,"event_name":"Beggar","floor":22,"gold_loss":75},{"damage_healed":0,"gold_gain":0,"player_choice":"Simplicity","damage_taken":0,"max_hp_gain":0,"max_hp_loss":0,"event_name":"Back to Basics","floor":25,"gold_loss":0,"cards_upgraded":["Strike_G","Strike_G","Defend_G","Defend_G","Defend_G"]},{"damage_healed":0,"gold_gain":0,"player_choice":"Inject Mutagens","damage_taken":0,"relics_obtained":["MutagenicStrength"],"max_hp_gain":0,"max_hp_loss":0,"event_name":"Drug Dealer","floor":30,"gold_loss":0},{"damage_healed":0,"gold_gain":0,"player_choice":"Fight","damage_taken":0,"max_hp_gain":0,"max_hp_loss":0,"event_name":"Colosseum","floor":31,"gold_loss":0},{"damage_healed":0,"gold_gain":0,"player_choice":"Fled From Nobs","damage_taken":0,"max_hp_gain":0,"max_hp_loss":0,"event_name":"Colosseum","floor":31,"gold_loss":0}],"is_beta":false,"boss_relics":[{"not_picked":["Fusion Hammer","Pandora\u0027s Box"],"picked":"Busted Crown"}],"items_purged_floors":[20],"is_endless":false,"potions_floor_spawned":[1,5,13,19],"killed_by":"Champ","ascension_level":17}