{"gold_per_floor":[110,129,147,35,35,35,35,47,72,86,104,4,23,38,38,140,140,154,29,29,29,40,40,66,66],"floor_reached":25,"playtime":1216,"items_purged":["Strike_B","Strike_B","Strike_B"],"score":215,"play_id":"38461ab6-322d-4af4-8f26-58fc1b415775","local_time":"20190824201002","is_ascension_mode":false,"campfire_choices":[{"floor":6.0,"key":"REST"},{"floor":15.0,"key":"REST"},{"floor":23.0,"key":"REST"}],"neow_cost":"NONE","seed_source_timestamp":0,"circlet_count":0,"master_deck":["Defend_B","Defend_B","Defend_B","Zap","Dualcast","Chill","Sweeping Beam","FTL","Defragment","Go for the Eyes","Leap","Beam Cell","Redo","Blizzard","Biased Cognition","Go for the Eyes+1","Thunder Strike","Creative AI","Go for the Eyes+1","Genetic Algorithm"],"special_seed":0,"relics":["Cracked Core","NeowsBlessing","Orichalcum","Dream Catcher","Nuclear Battery","Sundial"],"potions_floor_usage":[25],"damage_taken":[{"damage":0.0,"enemies":"Cultist","floor":1.0,"turns":1.0},{"damage":0.0,"enemies":"2 Louse","floor":2.0,"turns":1.0},{"damage":0.0,"enemies":"Small Slimes","floor":3.0,"turns":1.0},{"damage":6.0,"enemies":"Blue Slaver","floor":8.0,"turns":3.0},{"damage":2.0,"enemies":"Looter","floor":10.0,"turns":3.0},{"damage":3.0,"enemies":"2 Fungi Beasts","floor":11.0,"turns":3.0},{"damage":4.0,"enemies":"Large Slime","floor":13.0,"turns":5.0},{"damage":12.0,"enemies":"3 Louse","floor":14.0,"turns":3.0},{"damage":43.0,"enemies":"Slime Boss","floor":16.0,"turns":9.0},{"damage":8.0,"enemies":"Spheric Guardian","floor":18.0,"turns":4.0},{"damage":20.0,"enemies":"Chosen","floor":22.0,"turns":8.0},{"damage":55,"enemies":"Book of Stabbing","floor":24,"turns":10},{"damage":16,"enemies":"Shelled Parasite and Fungi","floor":25,"turns":4}],"seed_played":"-9141021645644924463","potions_obtained":[{"floor":1.0,"key":"Fire Potion"},{"floor":3.0,"key":"SpeedPotion"},{"floor":7.0,"key":"Swift Potion"},{"floor":13.0,"key":"LiquidBronze"},{"floor":18.0,"key":"SteroidPotion"},{"floor":24,"key":"SpeedPotion"}],"is_trial":false,"path_per_floor":["M","M","M","$","?","R","?","M","T","M","M","$","M","M","R","B",null,"M","$","?","?","M","R","E","M"],"character_chosen":"DEFECT","items_purchased":["Defragment"],"campfire_rested":3,"item_purchase_floors":[4],"current_hp_per_floor":[75,75,75,75,50,72,72,66,66,64,61,61,57,45,67,24,75,67,67,67,67,47,69,14,0],"gold":66,"neow_bonus":"THREE_ENEMY_KILL","is_prod":false,"is_daily":false,"chose_seed":false,"campfire_upgraded":0,"win_rate":0.0,"timestamp":1566670202,"path_taken":["M","M","?","$","?","R","?","M","T","M","M","$","M","?","R","BOSS","M","$","?","?","M","R","E","M"],"build_version":"2019-07-17","purchased_purges":3,"victory":false,"max_hp_per_floor":[75,75,75,75,75,75,75,75,75,75,75,75,75,75,75,75,75,75,75,75,75,75,75,75,75],"card_choices":[{"not_picked":["Defragment","Loop"],"picked":"Chill","floor":1.0},{"not_picked":["Consume","Redo"],"picked":"Sweeping Beam","floor":2.0},{"not_picked":["Redo","Cold Snap"],"picked":"FTL","floor":3.0},{"not_picked":["Static Discharge","Leap"],"picked":"Go for the Eyes","floor":8.0},{"not_picked":["Gash","Auto Shields"],"picked":"Leap","floor":10.0},{"not_picked":["Consume","Reboot"],"picked":"Beam Cell","floor":11.0},{"not_picked":["Steam Power","Melter"],"picked":"Redo","floor":13.0},{"not_picked":["Chaos","Cold Snap"],"picked":"Blizzard","floor":14.0},{"not_picked":["Rainbow","Seek"],"picked":"Biased Cognition","floor":16.0},{"not_picked":["Aggregate","Hologram"],"picked":"Go for the Eyes+1","floor":18.0},{"not_picked":["Streamline","Steam"],"picked":"Go for the Eyes+1","floor":22.0},{"not_picked":["FTL+1","Melter+1"],"picked":"Genetic Algorithm","floor":24}],"player_experience":44633,"relics_obtained":[{"floor":9.0,"key":"Dream Catcher"},{"floor":24,"key":"Sundial"}],"event_choices":[{"damage_healed":0.0,"max_hp_gain":0.0,"max_hp_loss":0.0,"gold_gain":0.0,"event_name":"Scrap Ooze","player_choice":"Success","floor":5.0,"gold_loss":0.0,"damage_taken":25.0,"relics_obtained":["Orichalcum"]},{"damage_healed":0.0,"max_hp_gain":0.0,"max_hp_loss":0.0,"gold_gain":0.0,"event_name":"Lab","player_choice":"Got Potions","floor":7.0,"gold_loss":0.0,"damage_taken":0.0},{"damage_healed":0.0,"max_hp_gain":0.0,"max_hp_loss":0.0,"gold_gain":0.0,"cards_transformed":["Strike_B","Defend_B"],"event_name":"Drug Dealer","player_choice":"Became Test Subject","floor":20.0,"gold_loss":0.0,"damage_taken":0.0,"cards_obtained":["Thunder Strike","Creative AI"]},{"damage_healed":0.0,"max_hp_gain":0.0,"max_hp_loss":0.0,"gold_gain":0.0,"event_name":"Vampires","player_choice":"Ignored","floor":21.0,"gold_loss":0.0,"damage_taken":0.0}],"is_beta":false,"boss_relics":[{"not_picked":["White Beast Statue","Runic Pyramid"],"picked":"Nuclear Battery"}],"items_purged_floors":[4,12,19],"is_endless":false,"potions_floor_spawned":[1,3,11,13,18,24],"killed_by":"Shelled Parasite and Fungi","ascension_level":0}