{"path_per_floor":["M","?","?","?","$","E","?","R","T","M","R","M","M","$","R","B",null,"M","?","M","$","?","M","R","E","T","E","M","R","M","M","R","B",null,"M","?","?","M","$","R","E","R","T","M","M","$","M","?","R"],"character_chosen":"IRONCLAD","items_purchased":["Cleave","Offering","Apotheosis","Unceasing Top","Flex"],"gold_per_floor":[119,119,119,119,67,95,195,195,271,283,283,293,311,153,153,249,249,262,262,277,82,82,100,100,126,174,204,217,217,233,249,249,347,347,357,357,357,375,70,70,99,99,99,113,132,29,43,43,43,43],"floor_reached":50,"campfire_rested":7,"playtime":2771,"current_hp_per_floor":[72,72,60,60,60,30,30,54,54,49,73,79,80,80,80,20,80,78,78,73,73,73,58,80,66,66,52,50,76,74,58,84,37,87,59,59,59,63,63,87,63,87,87,70,68,68,70,87,87,0],"items_purged":["Injury"],"gold":43,"score":510,"play_id":"35b35bf9-8be2-42c9-b9d0-145d798fd6be","local_time":"20180512235823","is_prod":false,"is_daily":false,"chose_seed":false,"is_ascension_mode":false,"campfire_upgraded":2,"timestamp":1526140703,"path_taken":["M","?","?","?","?","E","?","R","T","?","R","M","M","$","R","BOSS","M","?","M","$","?","M","R","E","T","E","M","R","M","M","R","BOSS","M","?","?","M","$","R","E","R","T","M","M","$","M","?","R","BOSS"],"build_version":"2018-05-10","seed_source_timestamp":52465705488950,"purchased_purges":1,"victory":false,"master_deck":["Strike_R","Strike_R","Strike_R","Strike_R","Strike_R","Defend_R","Defend_R","Defend_R","Defend_R","Bash","Perfected Strike+1","Cleave","Cleave","Cleave","Seeing Red","Pummel","Offering","Offering","Sword Boomerang","Twin Strike","Apotheosis+1","Armaments+1","Perfected Strike","Reaper","Panache","Uppercut","Flex","Flex+1","Writhe"],"max_hp_per_floor":[80,80,80,80,80,80,80,80,80,80,80,80,80,80,80,80,80,80,80,80,80,80,80,80,87,87,87,87,87,87,87,87,87,87,87,87,87,87,87,87,87,87,87,87,87,87,87,87,87,87],"relics":["Burning Blood","Omamori","Sundial","Shuriken","Centennial Puzzle","Philosopher\u0027s Stone","Strawberry","Juzu Bracelet","Smiling Mask","Calling Bell","Bag of Marbles","Mercury Hourglass","Thread and Needle","Unceasing Top","Ginger","Bottled Lightning"],"card_choices":[{"not_picked":["Entrench","Clash"],"picked":"Perfected Strike","floor":1.0},{"not_picked":["Metallicize","Warcry"],"picked":"Cleave","floor":6.0},{"not_picked":["Wild Strike","Second Wind"],"picked":"Cleave","floor":10.0},{"not_picked":["Rupture","Cleave"],"picked":"Seeing Red","floor":12.0},{"not_picked":["Immolate","Sword Boomerang"],"picked":"Pummel","floor":13.0},{"not_picked":["Barricade","Juggernaut"],"picked":"Offering","floor":16.0},{"not_picked":["Feel No Pain","Dropkick"],"picked":"Sword Boomerang","floor":18.0},{"not_picked":["Anger","Cleave"],"picked":"Twin Strike","floor":20.0},{"not_picked":["Dropkick","Shrug It Off"],"picked":"Armaments","floor":25.0},{"not_picked":["Spot Weakness","Sever Soul"],"picked":"Perfected Strike","floor":30.0},{"not_picked":["Juggernaut","Immolate"],"picked":"Reaper","floor":33.0},{"not_picked":["Master of Strategy","Secret Technique"],"picked":"Panache","floor":36.0},{"not_picked":["Rupture","Anger"],"picked":"Flex","floor":47.0}],"player_experience":56040,"potions_floor_usage":[],"damage_taken":[{"damage":14.0,"enemies":"Small Slimes","floor":1.0,"turns":4.0},{"damage":36.0,"enemies":"Lagavulin","floor":6.0,"turns":4.0},{"damage":11.0,"enemies":"Jaw Worm","floor":10.0,"turns":2.0},{"damage":0.0,"enemies":"2 Louse","floor":12.0,"turns":1.0},{"damage":5.0,"enemies":"Looter","floor":13.0,"turns":3.0},{"damage":74.0,"enemies":"The Guardian","floor":16.0,"turns":12.0},{"damage":8.0,"enemies":"Chosen","floor":18.0,"turns":1.0},{"damage":11.0,"enemies":"Spheric Guardian","floor":20.0,"turns":3.0},{"damage":21.0,"enemies":"Snecko","floor":23.0,"turns":3.0},{"damage":27.0,"enemies":"Gremlin Leader","floor":25.0,"turns":2.0},{"damage":20.0,"enemies":"Slavers","floor":27.0,"turns":3.0},{"damage":8.0,"enemies":"Snake Plant","floor":28.0,"turns":1.0},{"damage":8.0,"enemies":"Sentry and Sphere","floor":30.0,"turns":1.0},{"damage":22.0,"enemies":"Snecko","floor":31.0,"turns":4.0},{"damage":53.0,"enemies":"Collector","floor":33.0,"turns":6.0},{"damage":34.0,"enemies":"Flame Bruiser 1 Orb","floor":35.0,"turns":3.0},{"damage":4.0,"enemies":"3 Shapes","floor":38.0,"turns":2.0},{"damage":30.0,"enemies":"2 Orb Walkers","floor":41.0,"turns":3.0},{"damage":35.0,"enemies":"Sphere and 2 Shapes","floor":44.0,"turns":3.0},{"damage":8.0,"enemies":"3 Darklings","floor":45.0,"turns":2.0},{"damage":4.0,"enemies":"Spire Growth","floor":47.0,"turns":2.0},{"damage":93,"enemies":"Donu and Deca","floor":50,"turns":5}],"event_choices":[{"event_name":"Liars Game","player_choice":"disagreed","floor":2.0,"damage_taken":0.0},{"event_name":"Scrap Ooze","player_choice":"success","floor":3.0,"damage_taken":12.0},{"event_name":"Golden Idol","player_choice":"Ignored","floor":4.0,"damage_taken":0.0},{"event_name":"Wheel of Change","player_choice":"Gold","floor":7.0,"damage_taken":0.0},{"event_name":"Vampires","player_choice":"Ignored","floor":19.0,"damage_taken":0.0},{"event_name":"The Mausoleum","player_choice":"No","floor":22.0,"damage_taken":0.0},{"event_name":"SensoryStone","player_choice":"Memory 1","floor":36.0,"damage_taken":0.0},{"event_name":"Match and Keep!","player_choice":"1 cards matched","floor":37.0,"damage_taken":0.0},{"event_name":"Winding Halls","player_choice":"Writhe","floor":48.0,"damage_taken":0.0}],"boss_relics":[],"potions_floor_spawned":[1,12,18,27,28,33,35,41],"seed_played":"-8876419692456693642","killed_by":"Donu and Deca","ascension_level":0,"is_trial":false}