{"gold_per_floor":[112,122,297,312,312,312,312,91,91,91,119,133,201,236,236,236],"floor_reached":16,"playtime":534,"items_purged":[],"score":127,"play_id":"cc601a95-eaab-4488-a731-b03c9d39b5bf","local_time":"20190104152855","is_ascension_mode":true,"campfire_choices":[{"data":"Searing Blow","floor":6,"key":"SMITH"},{"data":"Searing Blow+1","floor":10,"key":"SMITH"},{"data":"Searing Blow+2","floor":15,"key":"SMITH"}],"neow_cost":"NONE","seed_source_timestamp":454177476433521,"circlet_count":0,"master_deck":["Strike_R","Strike_R","Strike_R","Strike_R","Strike_R","Defend_R","Defend_R","Defend_R","Defend_R","Bash","Perfected Strike","Searing Blow+3","Shrug It Off","Double Tap","Immolate","Power Through"],"relics":["Burning Blood","NeowsBlessing","MawBank","Darkstone Periapt","Odd Mushroom","Bottled Flame","FossilizedHelix"],"potions_floor_usage":[16,16],"damage_taken":[{"damage":0,"enemies":"Small Slimes","floor":1,"turns":1},{"damage":0,"enemies":"2 Louse","floor":2,"turns":1},{"damage":0,"enemies":"Jaw Worm","floor":4,"turns":1},{"damage":0,"enemies":"The Mushroom Lair","floor":11,"turns":2},{"damage":0,"enemies":"Large Slime","floor":12,"turns":2},{"damage":21,"enemies":"Lagavulin","floor":14,"turns":6},{"damage":67,"enemies":"The Guardian","floor":16,"turns":9}],"seed_played":"-3140396719729354521","potions_obtained":[{"floor":4,"key":"Swift Potion"},{"floor":11,"key":"Energy Potion"}],"is_trial":false,"path_per_floor":["M","M","?","M","?","R","?","$","T","R","?","M","T","E","R","B"],"character_chosen":"IRONCLAD","items_purchased":["Double Tap","Immolate"],"campfire_rested":0,"item_purchase_floors":[8,8],"current_hp_per_floor":[78,80,80,80,73,73,66,66,66,66,72,78,78,63,63,0],"gold":236,"neow_bonus":"THREE_ENEMY_KILL","is_prod":false,"is_daily":false,"chose_seed":false,"campfire_upgraded":3,"win_rate":0,"timestamp":1546583335,"path_taken":["M","M","?","M","?","R","?","?","T","R","?","M","?","E","R","BOSS"],"build_version":"2019-01-03v3","purchased_purges":0,"victory":false,"max_hp_per_floor":[80,80,80,80,80,80,80,80,80,80,80,80,80,80,80,80],"card_choices":[{"not_picked":["Disarm","Flex"],"picked":"Perfected Strike","floor":1},{"not_picked":["Disarm","Pommel Strike"],"picked":"Searing Blow","floor":2},{"not_picked":["Twin Strike","Cleave"],"picked":"Shrug It Off","floor":4},{"not_picked":["Headbutt","Rampage"],"picked":"Power Through","floor":11},{"not_picked":["Flex","Dark Embrace","Havoc"],"picked":"SKIP","floor":12},{"not_picked":["Clash","Berserk","Cleave"],"picked":"SKIP","floor":14}],"player_experience":148134,"relics_obtained":[{"floor":9,"key":"Darkstone Periapt"},{"floor":11,"key":"Odd Mushroom"},{"floor":13,"key":"Bottled Flame"},{"floor":14,"key":"FossilizedHelix"}],"event_choices":[{"damage_healed":0,"gold_gain":175,"player_choice":"AGREE","damage_taken":0,"max_hp_gain":0,"max_hp_loss":0,"event_name":"Liars Game","floor":3,"gold_loss":0,"cards_obtained":["Doubt"]},{"cards_removed":["Doubt"],"damage_healed":0,"gold_gain":0,"player_choice":"Card Removal","damage_taken":7,"max_hp_gain":0,"max_hp_loss":0,"event_name":"Golden Wing","floor":5,"gold_loss":0},{"damage_healed":0,"gold_gain":0,"player_choice":"Success","damage_taken":7,"relics_obtained":["MawBank"],"max_hp_gain":0,"max_hp_loss":0,"event_name":"Scrap Ooze","floor":7,"gold_loss":0},{"damage_healed":0,"gold_gain":0,"player_choice":"Fought Mushrooms","damage_taken":0,"max_hp_gain":0,"max_hp_loss":0,"event_name":"Mushrooms","floor":11,"gold_loss":0}],"is_beta":false,"boss_relics":[],"items_purged_floors":[],"is_endless":false,"potions_floor_spawned":[4,11],"killed_by":"The Guardian","ascension_level":6}