{"gold_per_floor":[111,121,121,139,152,165,165,175,199,224,161,172,192,209,209,209],"floor_reached":16,"playtime":816,"items_purged":["Strike_R"],"score":100,"play_id":"eb5df00d-0e3e-4be5-9f66-e8729e2ace5b","local_time":"20181227113717","is_ascension_mode":false,"campfire_choices":[{"data":"Shrug It Off","floor":7,"key":"SMITH"},{"data":"Cleave","floor":15,"key":"SMITH"}],"neow_cost":"NONE","seed_source_timestamp":230121395791427,"circlet_count":0,"master_deck":["Strike_R","Strike_R","Strike_R","Strike_R","Defend_R","Defend_R","Defend_R","Defend_R","Bash","Offering+1","Cleave+1","Cleave","Sword Boomerang","Shrug It Off+1","Clash","Rage","Pommel Strike","Cleave","Carnage","Flex"],"relics":["Burning Blood","MawBank"],"potions_floor_usage":[],"damage_taken":[{"damage":5,"enemies":"Cultist","floor":1,"turns":4},{"damage":0,"enemies":"Small Slimes","floor":2,"turns":2},{"damage":7,"enemies":"Jaw Worm","floor":4,"turns":2},{"damage":2,"enemies":"3 Louse","floor":5,"turns":2},{"damage":2,"enemies":"Looter","floor":6,"turns":4},{"damage":7,"enemies":"Blue Slaver","floor":8,"turns":5},{"damage":21,"enemies":"Exordium Wildlife","floor":10,"turns":4},{"damage":0,"enemies":"Large Slime","floor":12,"turns":6},{"damage":0,"enemies":"3 Louse","floor":13,"turns":3},{"damage":0,"enemies":"Exordium Wildlife","floor":14,"turns":4},{"damage":81,"enemies":"Hexaghost","floor":16,"turns":12}],"seed_played":"-2907009178426242094","potions_obtained":[{"floor":2,"key":"Strength Potion"},{"floor":4,"key":"Fire Potion"},{"floor":8,"key":"Energy Potion"}],"is_trial":false,"path_per_floor":["M","M","?","M","M","M","R","M","T","M","$","M","M","M","R","B"],"character_chosen":"IRONCLAD","items_purchased":[],"campfire_rested":0,"item_purchase_floors":[],"current_hp_per_floor":[80,80,80,79,80,80,80,79,79,64,64,70,76,80,80,0],"gold":209,"neow_bonus":"ONE_RANDOM_RARE_CARD","is_prod":false,"is_daily":false,"chose_seed":false,"campfire_upgraded":2,"win_rate":0,"timestamp":1545878237,"path_taken":["M","?","?","M","M","M","R","M","T","M","?","M","M","M","R","BOSS"],"build_version":"2018-12-20","purchased_purges":1,"victory":false,"max_hp_per_floor":[80,80,80,80,80,80,80,80,80,80,80,80,80,80,80,80],"card_choices":[{"not_picked":["Rage","Pummel"],"picked":"Cleave","floor":1},{"not_picked":["Rupture","Dropkick"],"picked":"Cleave","floor":2},{"not_picked":["Ghostly Armor","Metallicize"],"picked":"Sword Boomerang","floor":4},{"not_picked":["Perfected Strike","Pummel"],"picked":"Shrug It Off","floor":5},{"not_picked":["Thunderclap","Armaments"],"picked":"Clash","floor":6},{"not_picked":["Headbutt","Twin Strike"],"picked":"Rage","floor":8},{"not_picked":["Twin Strike","Feed"],"picked":"Pommel Strike","floor":10},{"not_picked":["Warcry","Thunderclap"],"picked":"Cleave","floor":12},{"not_picked":["Headbutt","Sword Boomerang"],"picked":"Carnage","floor":13},{"not_picked":["Body Slam","Heavy Blade"],"picked":"Flex","floor":14}],"player_experience":7999,"relics_obtained":[{"floor":9,"key":"MawBank"}],"event_choices":[{"damage_healed":0,"gold_gain":0,"player_choice":"Forge","damage_taken":0,"max_hp_gain":0,"max_hp_loss":0,"event_name":"Accursed Blacksmith","floor":3,"gold_loss":0,"cards_upgraded":["Offering"]}],"is_beta":false,"boss_relics":[],"items_purged_floors":[11],"is_endless":false,"potions_floor_spawned":[2,4,8,10],"killed_by":"Hexaghost","ascension_level":0}