{"gold_per_floor":[116,291,304,304,13,13,42,42,42,42,42,59,59,77,77,178,178,198,40,56,56,69,69,69,69,140,155,155,209,209,225,225,225],"floor_reached":33,"playtime":1160,"items_purged":[],"score":340,"play_id":"ebbb623e-7e0d-4d5c-8712-8010342a1f36","local_time":"20190827020425","is_ascension_mode":true,"campfire_choices":[{"data":"Bash","floor":6.0,"key":"SMITH"},{"data":"Whirlwind","floor":8.0,"key":"SMITH"},{"data":"Spot Weakness","floor":11.0,"key":"SMITH"},{"data":"Clothesline","floor":13.0,"key":"SMITH"},{"data":"Headbutt","floor":15.0,"key":"SMITH"},{"data":"Metallicize","floor":23.0,"key":"SMITH"},{"data":"Flame Barrier","floor":25.0,"key":"SMITH"},{"data":"Combust","floor":28,"key":"SMITH"},{"floor":32,"key":"REST"}],"neow_cost":"NONE","seed_source_timestamp":376667924378053,"circlet_count":0,"master_deck":["Strike_R+1","Strike_R+1","Strike_R+1","Strike_R+1","Defend_R+1","Defend_R+1","Defend_R+1","Defend_R+1","Bash+1","Combust+1","Clothesline+1","Doubt","Whirlwind+1","Spot Weakness+1","Headbutt+1","Clothesline","Reaper","Injury","True Grit","Double Tap","Body Slam+1","Metallicize+1","Flame Barrier+1","Rage","Shrug It Off"],"special_seed":0,"relics":["Burning Blood","Champion Belt","Orichalcum","Omamori","Calling Bell","Vajra","Molten Egg 2","WingedGreaves","Question Card","Dream Catcher"],"potions_floor_usage":[33,33,33],"damage_taken":[{"damage":6.0,"enemies":"Small Slimes","floor":1.0,"turns":4.0},{"damage":2.0,"enemies":"2 Louse","floor":3.0,"turns":2.0},{"damage":34.0,"enemies":"3 Sentries","floor":7.0,"turns":7.0},{"damage":1.0,"enemies":"Cultist","floor":12.0,"turns":3.0},{"damage":0.0,"enemies":"Exordium Wildlife","floor":14.0,"turns":2.0},{"damage":8.0,"enemies":"The Guardian","floor":16.0,"turns":10.0},{"damage":15.0,"enemies":"Shell Parasite","floor":18.0,"turns":5.0},{"damage":22.0,"enemies":"Spheric Guardian","floor":20.0,"turns":4.0},{"damage":16.0,"enemies":"Snecko","floor":22.0,"turns":5.0},{"damage":26,"enemies":"Shelled Parasite and Fungi","floor":27,"turns":6},{"damage":13,"enemies":"3 Cultists","floor":31,"turns":4},{"damage":97,"enemies":"Automaton","floor":33,"turns":10}],"seed_played":"-9221096533571433471","potions_obtained":[{"floor":1.0,"key":"EssenceOfSteel"},{"floor":10.0,"key":"PowerPotion"},{"floor":10.0,"key":"FairyPotion"},{"floor":10.0,"key":"Strength Potion"},{"floor":12.0,"key":"Regen Potion"},{"floor":22.0,"key":"GamblersBrew"},{"floor":31,"key":"SkillPotion"}],"is_trial":false,"path_per_floor":["M","?","M","?","$","R","E","R","T","?","R","M","R","M","R","B",null,"M","$","M","$","M","R","?","R","T","M","R","T","?","M","R","B"],"character_chosen":"IRONCLAD","items_purchased":["Champion Belt","Double Tap"],"campfire_rested":1,"item_purchase_floors":[5,19],"current_hp_per_floor":[72,72,76,81,81,81,53,53,53,53,53,58,58,64,64,62,79,76,76,60,60,55,55,55,55,55,35,35,35,35,28,53,0],"gold":225,"neow_bonus":"TRANSFORM_CARD","is_prod":false,"is_daily":false,"chose_seed":false,"campfire_upgraded":8,"win_rate":0,"timestamp":1566885865,"path_taken":["M","?","M","?","$","R","E","R","T","?","R","M","R","M","R","BOSS","M","$","M","?","M","R","?","R","T","M","R","?","?","M","R","BOSS"],"build_version":"2019-07-17","purchased_purges":0,"victory":false,"max_hp_per_floor":[80,80,80,85,85,85,85,85,85,85,85,85,85,85,85,85,85,85,85,85,85,85,85,85,85,85,85,85,85,85,85,85,85],"card_choices":[{"not_picked":["Feel No Pain","Warcry"],"picked":"Clothesline","floor":1.0},{"not_picked":["Clothesline","Battle Trance"],"picked":"Whirlwind","floor":3.0},{"not_picked":["Twin Strike","Wild Strike"],"picked":"Spot Weakness","floor":7.0},{"not_picked":["Reckless Charge","Cleave"],"picked":"Headbutt","floor":12.0},{"not_picked":["Wild Strike","Reckless Charge"],"picked":"Clothesline","floor":14.0},{"not_picked":["Juggernaut","Brutality"],"picked":"Reaper","floor":16.0},{"not_picked":["Dual Wield","Sword Boomerang+1"],"picked":"True Grit","floor":18.0},{"not_picked":["Headbutt+1","Flex+1"],"picked":"Body Slam+1","floor":20.0},{"not_picked":["Flex","Iron Wave+1"],"picked":"Metallicize","floor":22.0},{"not_picked":["Clash+1","Clothesline+1","Offering"],"picked":"Rage","floor":27},{"not_picked":["Havoc+1","Pommel Strike+1","Sword Boomerang+1","Clash+1"],"picked":"SKIP","floor":31},{"not_picked":["Bloodletting+1","Warcry","Reckless Charge+1"],"picked":"Shrug It Off","floor":32}],"player_experience":583237,"relics_obtained":[{"floor":7.0,"key":"Orichalcum"},{"floor":9.0,"key":"Omamori"},{"floor":17.0,"key":"Vajra"},{"floor":17.0,"key":"Molten Egg 2"},{"floor":17.0,"key":"WingedGreaves"},{"floor":26.0,"key":"Question Card"},{"floor":29,"key":"Dream Catcher"}],"event_choices":[{"damage_healed":0.0,"max_hp_gain":0.0,"max_hp_loss":0.0,"gold_gain":175.0,"event_name":"Liars Game","player_choice":"AGREE","floor":2.0,"gold_loss":0.0,"damage_taken":0.0,"cards_obtained":["Doubt"]},{"damage_healed":0.0,"max_hp_gain":5.0,"max_hp_loss":0.0,"gold_gain":0.0,"event_name":"Big Fish","player_choice":"Donut","floor":4.0,"gold_loss":0.0,"damage_taken":0.0},{"damage_healed":0.0,"max_hp_gain":0.0,"max_hp_loss":0.0,"gold_gain":0.0,"event_name":"Lab","player_choice":"Got Potions","floor":10.0,"gold_loss":0.0,"damage_taken":0.0},{"damage_healed":0.0,"max_hp_gain":0.0,"max_hp_loss":0.0,"gold_gain":0.0,"event_name":"The Library","player_choice":"Read","floor":24.0,"gold_loss":0.0,"damage_taken":0.0,"cards_obtained":["Flame Barrier"]},{"damage_healed":0,"gold_gain":0,"player_choice":"Simplicity","damage_taken":0,"max_hp_gain":0,"max_hp_loss":0,"event_name":"Back to Basics","floor":30,"gold_loss":0,"cards_upgraded":["Strike_R","Strike_R","Strike_R","Strike_R","Defend_R","Defend_R","Defend_R","Defend_R"]}],"is_beta":false,"boss_relics":[{"not_picked":["Ectoplasm","Black Star"],"picked":"Calling Bell"}],"items_purged_floors":[],"is_endless":false,"potions_floor_spawned":[1,12,22,31],"killed_by":"Automaton","ascension_level":8}