{"gold_per_floor":[137,175,175,350,350,350,392,17,42,84,84,141,141,183,183,458,458,500,415,3,45,87,170,170,212,262,262,116,199,199,241,241,516,516,558,15,57,57,5,5,88,88,88,421,521,521,559,559,559,559],"floor_reached":51,"playtime":5533,"items_purged":["Doubt","Defend_G","Strike_G","Strike_G"],"score":828,"play_id":"cc8c0daa-bac2-419c-8eec-d0aa4f1f2c9f","local_time":"20181014045222","daily_mods":["Heirloom","Vintage","MonsterHunter"],"is_ascension_mode":false,"campfire_choices":[{"data":"Neutralize","floor":6,"key":"SMITH"},{"floor":13,"key":"REST"},{"data":"Sucker Punch","floor":15,"key":"SMITH"},{"floor":24,"key":"REST"},{"data":"Cloak And Dagger","floor":27,"key":"SMITH"},{"data":"Venomology","floor":30,"key":"SMITH"},{"data":"Sucker Punch","floor":32,"key":"SMITH"},{"data":"Storm of Steel","floor":40,"key":"SMITH"},{"data":"Backflip","floor":42,"key":"SMITH"},{"floor":49,"key":"REST"}],"neow_cost":"","seed_source_timestamp":0,"circlet_count":0,"master_deck":["Defend_G","Defend_G","Defend_G","Defend_G","Strike_G","Strike_G","Survivor","Neutralize+1","Cloak And Dagger+1","Sucker Punch+1","Magnetism+1","After Image+1","Dagger Spray","Die Die Die","Poisoned Stab","Dagger Throw+1","Sucker Punch+1","Backflip+1","Venomology+1","Storm of Steel+1","Well Laid Plans+1","Poisoned Stab","Blade Dance","Blur+1","After Image+1","Madness+1","Madness+1","Backflip+1"],"special_seed":17817,"relics":["Ring of the Snake","Turnip","Frozen Egg 2","Paper Crane","Juzu Bracelet","Smiling Mask","Happy Flower","Lantern","Oddly Smooth Stone","Anchor","WristBlade","Dream Catcher","Bird Faced Urn","MealTicket","Mango","Snake Skull","Bottled Lightning","Bronze Scales","Vajra","Kunai","Regal Pillow","Du-Vu Doll","White Beast Statue","Boot","Bag of Preparation","Ginger","Pen Nib","Toxic Egg 2","Question Card"],"potions_floor_usage":[16,23,29,33,33,33,33,33,33,37,41,47,47,50,50],"damage_taken":[{"damage":0,"enemies":"2 Louse","floor":1,"turns":3},{"damage":10,"enemies":"Cultist","floor":2,"turns":7},{"damage":11,"enemies":"Jaw Worm","floor":7,"turns":12},{"damage":6,"enemies":"Large Slime","floor":10,"turns":10},{"damage":4,"enemies":"2 Fungi Beasts","floor":12,"turns":6},{"damage":0,"enemies":"3 Louse","floor":14,"turns":5},{"damage":11,"enemies":"Hexaghost","floor":16,"turns":16},{"damage":0,"enemies":"Shell Parasite","floor":18,"turns":8},{"damage":16,"enemies":"Chosen","floor":21,"turns":8},{"damage":0,"enemies":"Centurion and Healer","floor":22,"turns":11},{"damage":20,"enemies":"Book of Stabbing","floor":23,"turns":10},{"damage":17,"enemies":"3 Cultists","floor":25,"turns":8},{"damage":9,"enemies":"Slavers","floor":29,"turns":7},{"damage":0,"enemies":"Snake Plant","floor":31,"turns":6},{"damage":0,"enemies":"Champ","floor":33,"turns":14},{"damage":5,"enemies":"Orb Walker","floor":35,"turns":5},{"damage":14,"enemies":"3 Darklings","floor":37,"turns":5},{"damage":17,"enemies":"Nemesis","floor":41,"turns":9},{"damage":0,"enemies":"Spire Growth","floor":47,"turns":6},{"damage":24,"enemies":"Donu and Deca","floor":50,"turns":12}],"seed_played":"646402910628373304","potions_obtained":[{"floor":1,"key":"Explosive Potion"},{"floor":14,"key":"Strength Potion"},{"floor":18,"key":"Ancient Potion"},{"floor":23,"key":"Poison Potion"},{"floor":25,"key":"GamblersBrew"},{"floor":33,"key":"Dexterity Potion"},{"floor":35,"key":"Explosive Potion"},{"floor":37,"key":"GamblersBrew"},{"floor":41,"key":"AttackPotion"},{"floor":47,"key":"Fruit Juice"}],"is_trial":false,"path_per_floor":["M","M","?","?","?","R","M","$","T","M","?","M","R","M","R","B",null,"M","?","$","M","M","E","R","M","T","R","$","E","R","M","R","B",null,"M","$","M","?","$","R","E","R","T","?","?","?","M","?","R","B"],"character_chosen":"THE_SILENT","items_purchased":["Cloak And Dagger","Sucker Punch","Magnetism+1","Dagger Spray","MealTicket","Die Die Die","Sucker Punch","Backflip","Well Laid Plans+1","Panache+1","Bag of Preparation","Poisoned Stab","Blade Dance"],"campfire_rested":3,"item_purchase_floors":[8,8,8,20,20,20,28,28,36,36,36,36,39],"current_hp_per_floor":[70,60,60,60,43,43,32,32,32,26,26,22,43,43,43,32,70,70,70,70,68,74,58,83,67,67,67,67,62,62,66,66,72,84,79,84,74,74,84,84,67,67,67,67,67,67,80,69,89,65],"gold":559,"neow_bonus":"","is_prod":false,"is_daily":true,"chose_seed":false,"campfire_upgraded":7,"win_rate":0,"timestamp":1539460342,"path_taken":["M","M","?","?","?","R","M","?","T","M","?","M","R","M","R","BOSS","M","?","$","M","M","E","R","M","T","R","?","E","R","M","R","BOSS","M","$","M","?","$","R","E","R","T","?","?","?","M","?","R","BOSS"],"build_version":"2018-10-11","purchased_purges":4,"victory":true,"max_hp_per_floor":[70,70,70,70,70,70,70,70,70,70,70,70,70,70,70,70,70,70,70,70,84,84,84,84,84,84,84,84,84,84,84,84,84,84,84,84,84,84,84,84,84,84,84,84,84,84,89,89,89,89],"card_choices":[{"not_picked":["A Thousand Cuts+1","Glass Knife"],"picked":"After Image+1","floor":16},{"not_picked":["Dodge and Roll","Underhanded Strike"],"picked":"Poisoned Stab","floor":23},{"not_picked":["Outmaneuver","Quick Slash"],"picked":"Dagger Throw+1","floor":24},{"not_picked":["Dash","Bane+1"],"picked":"Venomology","floor":29},{"not_picked":["Bullet Time","Unload"],"picked":"Storm of Steel","floor":33},{"not_picked":["PiercingWail+1","Prepared"],"picked":"Blur+1","floor":41},{"not_picked":["Outmaneuver+1","Backstab+1","Terror+1"],"picked":"Backflip+1","floor":49}],"player_experience":350953,"relics_obtained":[{"floor":1,"key":"Frozen Egg 2"},{"floor":2,"key":"Paper Crane"},{"floor":7,"key":"Juzu Bracelet"},{"floor":9,"key":"Smiling Mask"},{"floor":10,"key":"Happy Flower"},{"floor":12,"key":"Lantern"},{"floor":14,"key":"Oddly Smooth Stone"},{"floor":16,"key":"Anchor"},{"floor":18,"key":"Dream Catcher"},{"floor":21,"key":"Mango"},{"floor":22,"key":"Snake Skull"},{"floor":23,"key":"Bottled Lightning"},{"floor":25,"key":"Bronze Scales"},{"floor":26,"key":"Vajra"},{"floor":29,"key":"Kunai"},{"floor":31,"key":"Regal Pillow"},{"floor":33,"key":"Du-Vu Doll"},{"floor":35,"key":"Boot"},{"floor":37,"key":"Ginger"},{"floor":41,"key":"Pen Nib"},{"floor":43,"key":"Toxic Egg 2"},{"floor":47,"key":"Question Card"}],"event_choices":[{"event_name":"Bonfire Elementals","player_choice":"BASIC","floor":3,"damage_taken":0},{"event_name":"Liars Game","player_choice":"agreed","floor":4,"damage_taken":0},{"event_name":"Golden Idol","player_choice":"Take Damage","floor":5,"damage_taken":0},{"event_name":"Shining Light","player_choice":"Ignored","floor":11,"damage_taken":0},{"event_name":"Addict","player_choice":"Obtained Relic","floor":19,"damage_taken":0},{"event_name":"Falling","player_choice":"Removed Power","floor":38,"damage_taken":0},{"event_name":"The Moai Head","player_choice":"Gave Idol","floor":44,"damage_taken":0},{"event_name":"Golden Shrine","player_choice":"Pray","floor":45,"damage_taken":0},{"event_name":"Duplicator","player_choice":"One dupe","floor":46,"damage_taken":0},{"event_name":"Winding Halls","player_choice":"Embrace Madness","floor":48,"damage_taken":0}],"is_beta":false,"boss_relics":[{"not_picked":["Runic Dome","Fusion Hammer"],"picked":"WristBlade"},{"not_picked":["Tiny House","Sozu"],"picked":"White Beast Statue"}],"items_purged_floors":[8,20,28,36],"is_endless":false,"potions_floor_spawned":[1,14,18,23,25,31,33,35,37,41,47],"ascension_level":0}