{"gold_per_floor":[114,129,144,159,174,204,204,234,259,289,289,254,269,299,299,399,399,414,414,414,139,154,184,184,214,289,139,154,154,154,169,169,269,269,284,284,299,149,174,174,204,204,204,204,234,261,273,345,357,369],"floor_reached":51,"playtime":5176,"items_purged":["Normality"],"score":951,"play_id":"8bff5937-0a4b-441e-ac1c-72253e8b6f8a","local_time":"20181127180455","daily_mods":["Shiny","Diverse","Elite Swarm"],"is_ascension_mode":false,"campfire_choices":[{"floor":7.0,"key":"REST"},{"data":"1","floor":11.0,"key":"LIFT"},{"data":"2","floor":15.0,"key":"LIFT"},{"floor":24.0,"key":"DIG"},{"floor":32.0,"key":"REST"},{"data":"3","floor":40.0,"key":"LIFT"},{"floor":42.0,"key":"REST"},{"floor":44.0,"key":"DIG"},{"floor":47.0,"key":"DIG"},{"floor":49,"key":"REST"}],"neow_cost":"","seed_source_timestamp":0,"circlet_count":0,"master_deck":["Multi-Cast","Hyperbeam","Thunder Strike","Biased Cognition","Machine Learning","Electrodynamics","Buffer","Rainbow","Seek","Meteor Strike","Echo Form","All For One","Reboot","Amplify","Creative AI","Fission","Core Surge","Venomology","Corpse Explosion","Malaise","Phantasmal Killer","Die Die Die","Adrenaline","Envenom","Doppelganger","Burst","Wraith Form v2","Tools of the Trade","Night Terror","Unload","After Image","Bullet Time","Storm of Steel","Glass Knife","A Thousand Cuts","Grand Finale","Double Tap","Demon Form","Bludgeon","Feed","Limit Break","Barricade","Fiend Fire","Dark Embrace","Berserk","Impervious","Juggernaut","Brutality","Reaper","Exhume","Offering","Immolate","Seeing Red","Flame Barrier","Cold Snap","Thunderclap","Sunder","Creative AI","Rainbow","Wraith Form v2","Seeing Red","Wraith Form v2","Impervious","Parasite","Capacitor","Exhume","Limit Break","Redo","Cloak And Dagger","Hologram","Venomology","Armaments+1","Mayhem","Blind","Auto Shields","Pommel Strike+1","Seek","Prepared+1","Wraith Form v2","Stack","Hyperbeam","Force Field+1"],"special_seed":17862,"relics":["Cracked Core","Girya","Juzu Bracelet","Bronze Scales","Vajra","Torii","Calling Bell","Oddly Smooth Stone","Shuriken","Shovel","GremlinMask","MutagenicStrength","Runic Capacitor","Dream Catcher","Bag of Marbles","Omamori","Pantograph","Strawberry","Cursed Key","Ancient Tea Set","Pocketwatch","Calipers","Cables","Incense Burner","MawBank","Anchor","Tiny Chest"],"potions_floor_usage":[50],"damage_taken":[{"damage":11.0,"enemies":"Jaw Worm","floor":1.0,"turns":2.0},{"damage":5.0,"enemies":"Small Slimes","floor":2.0,"turns":2.0},{"damage":0.0,"enemies":"Cultist","floor":3.0,"turns":1.0},{"damage":0.0,"enemies":"Large Slime","floor":4.0,"turns":4.0},{"damage":12.0,"enemies":"Blue Slaver","floor":5.0,"turns":2.0},{"damage":16.0,"enemies":"Gremlin Nob","floor":6.0,"turns":3.0},{"damage":0.0,"enemies":"Lagavulin","floor":8.0,"turns":4.0},{"damage":9.0,"enemies":"Gremlin Nob","floor":10.0,"turns":3.0},{"damage":6.0,"enemies":"2 Fungi Beasts","floor":13.0,"turns":2.0},{"damage":17.0,"enemies":"3 Sentries","floor":14.0,"turns":4.0},{"damage":13.0,"enemies":"Hexaghost","floor":16.0,"turns":4.0},{"damage":15.0,"enemies":"3 Byrds","floor":18.0,"turns":3.0},{"damage":2.0,"enemies":"Chosen","floor":22.0,"turns":4.0},{"damage":14.0,"enemies":"Gremlin Leader","floor":23.0,"turns":5.0},{"damage":18.0,"enemies":"Slavers","floor":25.0,"turns":4.0},{"damage":21.0,"enemies":"Shelled Parasite and Fungi","floor":28.0,"turns":3.0},{"damage":1.0,"enemies":"Snecko","floor":31.0,"turns":4.0},{"damage":29.0,"enemies":"Champ","floor":33.0,"turns":9.0},{"damage":1.0,"enemies":"3 Shapes","floor":35.0,"turns":5.0},{"damage":1.0,"enemies":"Orb Walker","floor":37.0,"turns":3.0},{"damage":11.0,"enemies":"2 Orb Walkers","floor":39.0,"turns":5.0},{"damage":26.0,"enemies":"Reptomancer","floor":41.0,"turns":4.0},{"damage":2.0,"enemies":"Giant Head","floor":45.0,"turns":6.0},{"damage":1.0,"enemies":"Spire Growth","floor":46.0,"turns":5.0},{"damage":29,"enemies":"Reptomancer","floor":48,"turns":5},{"damage":69,"enemies":"Donu and Deca","floor":50,"turns":8}],"seed_played":"1382297416292303872","potions_obtained":[{"floor":1.0,"key":"Explosive Potion"},{"floor":2.0,"key":"FocusPotion"},{"floor":3.0,"key":"Weak Potion"},{"floor":13.0,"key":"Fire Potion"},{"floor":14.0,"key":"Swift Potion"},{"floor":16.0,"key":"Explosive Potion"},{"floor":18.0,"key":"Swift Potion"},{"floor":25.0,"key":"Strength Potion"},{"floor":28.0,"key":"SkillPotion"},{"floor":37.0,"key":"Fruit Juice"},{"floor":45.0,"key":"Weak Potion"}],"is_trial":false,"path_per_floor":["M","M","M","M","M","E","R","E","T","E","R","?","M","E","R","B",null,"M","?","?","$","M","E","R","E","T","$","M","?","?","M","R","B",null,"M","?","M","$","?","R","E","R","T","R","E","M","R","E","R","B",null],"character_chosen":"DEFECT","items_purchased":["Runic Capacitor","Strawberry","Ancient Tea Set"],"campfire_rested":4,"item_purchase_floors":[21,27,38],"current_hp_per_floor":[64,59,59,59,51,35,57,57,57,48,48,66,60,46,46,33,78,63,63,63,63,61,47,47,29,29,36,18,18,18,17,43,59,88,87,82,86,86,75,75,49,76,76,76,74,73,73,44,71,43],"gold":381,"neow_bonus":"","is_prod":false,"is_daily":true,"chose_seed":false,"campfire_upgraded":0,"win_rate":0,"timestamp":1543309495,"path_taken":["M","M","M","M","M","E","R","E","T","E","R","?","M","E","R","BOSS","M","?","?","$","M","E","R","E","T","$","M","?","?","M","R","BOSS","M","?","M","$","?","R","E","R","T","R","E","M","R","E","R","BOSS"],"build_version":"2018-11-15","purchased_purges":1,"victory":true,"max_hp_per_floor":[75,75,75,75,75,75,75,75,75,75,75,75,75,78,78,78,78,78,78,78,78,78,78,78,78,78,85,88,88,88,88,88,88,88,88,88,93,93,93,93,93,93,93,93,93,93,93,93,93,93],"card_choices":[{"not_picked":["Shrug It Off","Infernal Blade"],"picked":"Seeing Red","floor":1.0},{"not_picked":["Tactician","Conserve Battery"],"picked":"Flame Barrier","floor":2.0},{"not_picked":["Loop","Flex"],"picked":"Cold Snap","floor":3.0},{"not_picked":["Barrage","Poisoned Stab"],"picked":"Thunderclap","floor":4.0},{"not_picked":["Barrage","Double Tap"],"picked":"Sunder","floor":5.0},{"not_picked":["Thunder Strike","A Thousand Cuts"],"picked":"Creative AI","floor":6.0},{"not_picked":["Electrodynamics","Berserk"],"picked":"Rainbow","floor":8.0},{"not_picked":["Echo Form","Night Terror"],"picked":"Wraith Form v2","floor":10.0},{"not_picked":["Force Field","Blood for Blood"],"picked":"Seeing Red","floor":13.0},{"not_picked":["Grand Finale","Brutality"],"picked":"Wraith Form v2","floor":14.0},{"not_picked":["Meteor Strike","Storm of Steel"],"picked":"Impervious","floor":16.0},{"not_picked":["Slice","Rampage"],"picked":"Capacitor","floor":18.0},{"not_picked":["BootSequence","Slice","Deadly Poison"],"picked":"SKIP","floor":22.0},{"not_picked":["Die Die Die","All For One"],"picked":"Exhume","floor":23.0},{"not_picked":["Machine Learning","Doppelganger"],"picked":"Limit Break","floor":25.0},{"not_picked":["Streamline+1","Flying Knee+1"],"picked":"Redo","floor":28.0},{"not_picked":["Capacitor+1","Blizzard"],"picked":"Cloak And Dagger","floor":31.0},{"not_picked":["Headbutt","Twin Strike"],"picked":"Hologram","floor":32.0},{"not_picked":["Storm of Steel","Creative AI"],"picked":"Venomology","floor":33.0},{"not_picked":["Leap","Terror"],"picked":"Armaments+1","floor":35.0},{"not_picked":["Flash of Steel","Swift Strike"],"picked":"Mayhem","floor":36.0},{"not_picked":["Dramatic Entrance","Mayhem"],"picked":"Blind","floor":36.0},{"not_picked":["Darkness+1","Havoc+1"],"picked":"Auto Shields","floor":37.0},{"not_picked":["Streamline+1","Reflex"],"picked":"Pommel Strike+1","floor":39.0},{"not_picked":["Demon Form","Envenom"],"picked":"Seek","floor":41.0},{"not_picked":["Outmaneuver+1","True Grit"],"picked":"Prepared+1","floor":42.0},{"not_picked":["Seek","Malaise"],"picked":"Wraith Form v2","floor":45.0},{"not_picked":["Melter","Deflect+1"],"picked":"Stack","floor":46.0},{"not_picked":["Burst","Machine Learning"],"picked":"Hyperbeam","floor":48},{"not_picked":["Thunderclap+1","Fusion+1"],"picked":"Force Field+1","floor":49}],"player_experience":496325,"relics_obtained":[{"floor":6.0,"key":"Girya"},{"floor":8.0,"key":"Juzu Bracelet"},{"floor":9.0,"key":"Bronze Scales"},{"floor":10.0,"key":"Vajra"},{"floor":14.0,"key":"Torii"},{"floor":17.0,"key":"Oddly Smooth Stone"},{"floor":17.0,"key":"Shuriken"},{"floor":17.0,"key":"Shovel"},{"floor":23.0,"key":"Dream Catcher"},{"floor":24.0,"key":"Bag of Marbles"},{"floor":25.0,"key":"Omamori"},{"floor":26.0,"key":"Pantograph"},{"floor":39.0,"key":"Pocketwatch"},{"floor":41.0,"key":"Calipers"},{"floor":43.0,"key":"Cables"},{"floor":44.0,"key":"Incense Burner"},{"floor":45.0,"key":"MawBank"},{"floor":47.0,"key":"Anchor"},{"floor":48,"key":"Tiny Chest"}],"event_choices":[{"damage_healed":18.0,"max_hp_gain":0.0,"max_hp_loss":0.0,"gold_gain":0.0,"event_name":"The Cleric","player_choice":"Healed","floor":12.0,"gold_loss":35.0,"damage_taken":0.0},{"damage_healed":0.0,"max_hp_gain":0.0,"max_hp_loss":0.0,"gold_gain":0.0,"event_name":"FaceTrader","player_choice":"Trade","floor":19.0,"gold_loss":0.0,"damage_taken":0.0,"relics_obtained":["GremlinMask"]},{"damage_healed":0.0,"max_hp_gain":0.0,"max_hp_loss":0.0,"gold_gain":0.0,"event_name":"Drug Dealer","player_choice":"Inject Mutagens","floor":20.0,"gold_loss":0.0,"damage_taken":0.0,"relics_obtained":["MutagenicStrength"]},{"cards_removed":["Injury"],"damage_healed":0.0,"max_hp_gain":0.0,"max_hp_loss":0.0,"gold_gain":0.0,"event_name":"Back to Basics","player_choice":"Elegance","floor":29.0,"gold_loss":0.0,"damage_taken":0.0},{"damage_healed":0.0,"max_hp_gain":0.0,"max_hp_loss":0.0,"gold_gain":0.0,"event_name":"Forgotten Altar","player_choice":"Smashed Altar","floor":30.0,"gold_loss":0.0,"damage_taken":0.0,"cards_obtained":["Decay"]},{"damage_healed":0.0,"max_hp_gain":0.0,"max_hp_loss":0.0,"gold_gain":0.0,"event_name":"SensoryStone","player_choice":"Memory 2","floor":36.0,"gold_loss":0.0,"damage_taken":5.0},{"damage_healed":0.0,"max_hp_gain":0.0,"max_hp_loss":0.0,"gold_gain":0.0,"event_name":"Mysterious Sphere","player_choice":"Fight","floor":39.0,"gold_loss":0.0,"damage_taken":0.0}],"is_beta":false,"boss_relics":[{"not_picked":["White Beast Statue","Runic Pyramid"],"picked":"Calling Bell"},{"not_picked":["Velvet Choker","Fusion Hammer"],"picked":"Cursed Key"}],"items_purged_floors":[21],"is_endless":false,"potions_floor_spawned":[1,2,3,13,14,16,18,25,28,37,45],"ascension_level":0}