{"gold_per_floor":[118,118,128,128,93,121,121,153,177,210,225,225,243,269,269,367,367,385,400,420,51,65,96,96,123,148,148,48,147,22,35,35,139,139,157,157,257,70,90,90,124,124,148,168,168],"floor_reached":45,"playtime":2627,"items_purged":["Venomology","Strike_G","Strike_G"],"score":587,"play_id":"9fbd2164-ba56-4ce2-80cd-0ef7236ffcf0","local_time":"20190827004706","is_ascension_mode":true,"campfire_choices":[{"data":"Corpse Explosion","floor":7,"key":"SMITH"},{"floor":12,"key":"REST"},{"floor":15,"key":"REST"},{"floor":24,"key":"REST"},{"floor":32,"key":"REST"},{"floor":40,"key":"RECALL"},{"data":"Catalyst","floor":42,"key":"SMITH"}],"neow_cost":"NONE","seed_source_timestamp":126252358803700,"circlet_count":0,"master_deck":["Strike_G","Defend_G","Defend_G","Defend_G+1","Defend_G","Defend_G","Survivor","Neutralize","Crippling Poison+1","Deadly Poison","Corpse Explosion+1","Predator","Unload","Backflip","Catalyst+1","Bane+1","Noxious Fumes","Backstab+1","Bouncing Flask","Night Terror","Predator+1","Footwork","Deadly Poison"],"relics":["Ring of the Snake","NeowsBlessing","Anchor","Omamori","Bag of Preparation","Ancient Tea Set","Centennial Puzzle","Sozu","Snake Skull","Happy Flower","Potion Belt","Oddly Smooth Stone","Empty Cage","Tingsha","Orichalcum","PreservedInsect","Pen Nib"],"potions_floor_usage":[8,10,16,19],"damage_taken":[{"damage":0,"enemies":"Small Slimes","floor":1,"turns":1},{"damage":0,"enemies":"Cultist","floor":3,"turns":1},{"damage":0,"enemies":"Lagavulin","floor":6,"turns":1},{"damage":10,"enemies":"3 Sentries","floor":8,"turns":4},{"damage":25,"enemies":"Gremlin Nob","floor":10,"turns":6},{"damage":0,"enemies":"2 Louse","floor":11,"turns":1},{"damage":0,"enemies":"Blue Slaver","floor":13,"turns":2},{"damage":4,"enemies":"3 Sentries","floor":14,"turns":4},{"damage":25,"enemies":"The Guardian","floor":16,"turns":7},{"damage":3,"enemies":"Shell Parasite","floor":18,"turns":4},{"damage":18,"enemies":"Spheric Guardian","floor":19,"turns":5},{"damage":0,"enemies":"Cultist and Chosen","floor":20,"turns":3},{"damage":0,"enemies":"Chosen and Byrds","floor":22,"turns":4},{"damage":21,"enemies":"Slavers","floor":23,"turns":3},{"damage":15,"enemies":"Gremlin Leader","floor":25,"turns":5},{"damage":7,"enemies":"Sentry and Sphere","floor":31,"turns":5},{"damage":32,"enemies":"Automaton","floor":33,"turns":5},{"damage":5,"enemies":"3 Shapes","floor":35,"turns":2},{"damage":0,"enemies":"Mind Bloom Boss Battle","floor":37,"turns":3},{"damage":0,"enemies":"Orb Walker","floor":39,"turns":3},{"damage":22,"enemies":"Giant Head","floor":41,"turns":6},{"damage":0,"enemies":"Maw","floor":44,"turns":4},{"damage":47,"enemies":"Nemesis","floor":45,"turns":4}],"seed_played":"-1322780049686182125","potions_obtained":[{"floor":3,"key":"Weak Potion"},{"floor":6,"key":"SkillPotion"},{"floor":10,"key":"FearPotion"},{"floor":16,"key":"Weak Potion"}],"is_trial":false,"path_per_floor":["M","?","M","?","?","E","R","E","T","E","M","R","M","E","R","B",null,"M","M","M","$","M","E","R","E","T","?","$","?","$","M","R","B",null,"M","?","?","$","M","R","E","R","T","M","E"],"character_chosen":"THE_SILENT","items_purchased":["Snake Skull","Happy Flower","Orichalcum","Footwork"],"campfire_rested":4,"item_purchase_floors":[21,21,38,38],"current_hp_per_floor":[70,70,70,56,70,70,70,60,60,35,35,56,56,52,70,45,70,67,49,49,49,49,28,49,34,34,34,34,34,34,27,48,16,70,65,65,65,65,65,65,43,43,43,43,0],"gold":168,"neow_bonus":"THREE_ENEMY_KILL","is_prod":false,"is_daily":false,"chose_seed":false,"campfire_upgraded":2,"win_rate":0,"timestamp":1566859626,"path_taken":["M","?","?","?","?","E","R","E","T","E","M","R","M","E","R","BOSS","M","M","M","$","M","E","R","E","T","?","$","?","?","M","R","BOSS","M","?","?","$","M","R","E","R","T","M","E"],"build_version":"2019-07-17","purchased_purges":3,"victory":false,"max_hp_per_floor":[70,70,70,70,70,70,70,70,70,70,70,70,70,70,70,70,70,70,70,70,70,70,70,70,70,70,70,70,70,70,70,70,70,70,70,66,66,66,66,66,66,66,66,66,66],"card_choices":[{"not_picked":["Poisoned Stab","Dagger Throw"],"picked":"Crippling Poison","floor":1},{"not_picked":["Infinite Blades","Blade Dance"],"picked":"Deadly Poison","floor":3},{"not_picked":["Bouncing Flask","Flechettes"],"picked":"Corpse Explosion","floor":6},{"not_picked":["PiercingWail","Prepared"],"picked":"Predator","floor":8},{"not_picked":["Reflex","Quick Slash"],"picked":"Unload","floor":10},{"not_picked":["Accuracy","Dagger Spray","Blade Dance"],"picked":"SKIP","floor":11},{"not_picked":["Outmaneuver","Cloak And Dagger","Dagger Throw"],"picked":"SKIP","floor":13},{"not_picked":["Cloak And Dagger","Bullet Time"],"picked":"Backflip","floor":14},{"not_picked":["Glass Knife","A Thousand Cuts"],"picked":"Venomology","floor":16},{"not_picked":["Cloak And Dagger","Crippling Poison+1"],"picked":"Catalyst","floor":18},{"not_picked":["Backflip","Distraction"],"picked":"Bane+1","floor":19},{"not_picked":["Outmaneuver","Poisoned Stab"],"picked":"Noxious Fumes","floor":20},{"not_picked":["Eviscerate","Backstab","Blade Dance+1"],"picked":"SKIP","floor":22},{"not_picked":["Reflex","Skewer"],"picked":"Backstab+1","floor":23},{"not_picked":["Masterful Stab","Flying Knee"],"picked":"Bouncing Flask","floor":25},{"not_picked":["Backstab","Sucker Punch","Masterful Stab"],"picked":"SKIP","floor":31},{"not_picked":["Storm of Steel","Bullet Time"],"picked":"Night Terror","floor":33},{"not_picked":["Bane","Distraction+1","Quick Slash+1"],"picked":"SKIP","floor":35},{"not_picked":["Infinite Blades+1","Cloak And Dagger+1"],"picked":"Predator+1","floor":37},{"not_picked":["Quick Slash","Finisher","Prepared"],"picked":"SKIP","floor":39},{"not_picked":["Masterful Stab+1","Endless Agony+1"],"picked":"Deadly Poison","floor":41},{"not_picked":["Slice","Prepared","Underhanded Strike"],"picked":"SKIP","floor":44}],"player_experience":71448,"relics_obtained":[{"floor":6,"key":"Anchor"},{"floor":8,"key":"Omamori"},{"floor":9,"key":"Bag of Preparation"},{"floor":10,"key":"Ancient Tea Set"},{"floor":14,"key":"Centennial Puzzle"},{"floor":23,"key":"Potion Belt"},{"floor":25,"key":"Oddly Smooth Stone"},{"floor":37,"key":"Tingsha"},{"floor":41,"key":"PreservedInsect"},{"floor":43,"key":"Pen Nib"}],"event_choices":[{"damage_healed":0,"gold_gain":0,"player_choice":"Forge","damage_taken":0,"max_hp_gain":0,"max_hp_loss":0,"event_name":"Accursed Blacksmith","floor":2,"gold_loss":0,"cards_upgraded":["Crippling Poison"]},{"damage_healed":0,"gold_gain":0,"player_choice":"Entered Light","damage_taken":14,"max_hp_gain":0,"max_hp_loss":0,"event_name":"Shining Light","floor":4,"gold_loss":0,"cards_upgraded":["Defend_G","Strike_G"]},{"damage_healed":17,"gold_gain":0,"player_choice":"Healed","damage_taken":0,"max_hp_gain":0,"max_hp_loss":0,"event_name":"The Cleric","floor":5,"gold_loss":35},{"damage_healed":0,"gold_gain":0,"player_choice":"Ignored","damage_taken":0,"max_hp_gain":0,"max_hp_loss":0,"event_name":"Vampires","floor":27,"gold_loss":0},{"damage_healed":0,"gold_gain":99,"player_choice":"Stole From Cult","damage_taken":0,"max_hp_gain":0,"max_hp_loss":0,"event_name":"Nest","floor":29,"gold_loss":0},{"damage_healed":0,"gold_gain":0,"player_choice":"Max HP","damage_taken":0,"max_hp_gain":0,"max_hp_loss":4,"event_name":"Winding Halls","floor":36,"gold_loss":0},{"damage_healed":0,"gold_gain":0,"player_choice":"Fight","damage_taken":0,"max_hp_gain":0,"max_hp_loss":0,"event_name":"MindBloom","floor":37,"gold_loss":0}],"is_beta":false,"boss_relics":[{"not_picked":["Velvet Choker","Coffee Dripper"],"picked":"Sozu"},{"not_picked":["Fusion Hammer","Black Star"],"picked":"Empty Cage"}],"items_purged_floors":[21,28,30],"is_endless":false,"potions_floor_spawned":[3,6,10,16,18,20,31,35],"killed_by":"Nemesis","ascension_level":1}