{"gold_per_floor":[215,225,240,251,270,270,304,304,358,358,370,401,476,476,476,476],"floor_reached":16,"playtime":976,"items_purged":[],"score":118,"play_id":"bfff5ac6-cf69-4b01-b377-902a3e551cdd","local_time":"20181006171802","is_ascension_mode":true,"campfire_choices":[{"data":"Crippling Poison","floor":6,"key":"SMITH"},{"floor":8,"key":"REST"},{"floor":10,"key":"REST"},{"floor":15,"key":"REST"}],"neow_cost":"NONE","seed_source_timestamp":244303610482716,"circlet_count":0,"master_deck":["Defend_G","Defend_G","Defend_G","Defend_G","Defend_G","Strike_G","Strike_G","Strike_G","Strike_G","Strike_G","Survivor","Neutralize","Acrobatics","PiercingWail","Quick Slash","Flying Knee","Crippling Poison+1","Poisoned Stab","Poisoned Stab","Prepared","Injury"],"relics":["Ring of the Snake","Sundial","Potion Belt","Kunai","Golden Idol"],"potions_floor_usage":[12,16],"damage_taken":[{"damage":0,"enemies":"Cultist","floor":1,"turns":3},{"damage":9,"enemies":"Jaw Worm","floor":2,"turns":5},{"damage":2,"enemies":"2 Louse","floor":3,"turns":4},{"damage":1,"enemies":"Blue Slaver","floor":4,"turns":5},{"damage":7,"enemies":"Looter","floor":5,"turns":4},{"damage":27,"enemies":"Gremlin Nob","floor":7,"turns":5},{"damage":12,"enemies":"Gremlin Gang","floor":11,"turns":2},{"damage":22,"enemies":"3 Sentries","floor":12,"turns":7},{"damage":44,"enemies":"Slime Boss","floor":16,"turns":8}],"seed_played":"-2186833105999548466","potions_obtained":[{"floor":2,"key":"LiquidBronze"},{"floor":5,"key":"GhostInAJar"},{"floor":12,"key":"Ancient Potion"}],"is_trial":false,"path_per_floor":["M","M","M","M","M","R","E","R","T","R","M","E","?","?","R"],"character_chosen":"THE_SILENT","items_purchased":[],"campfire_rested":3,"item_purchase_floors":[],"current_hp_per_floor":[70,61,59,58,51,51,24,45,45,66,54,32,21,21,42,0],"gold":476,"neow_bonus":"HUNDRED_GOLD","is_prod":false,"is_daily":false,"chose_seed":false,"campfire_upgraded":1,"win_rate":0,"timestamp":1538871482,"path_taken":["M","M","M","M","M","R","E","R","T","R","M","E","?","?","R","BOSS"],"build_version":"2018-10-04v2","purchased_purges":0,"victory":false,"max_hp_per_floor":[70,70,70,70,70,70,70,70,70,70,70,70,70,70,70,70],"card_choices":[{"not_picked":["Slice","Prepared"],"picked":"Acrobatics","floor":1},{"not_picked":["Blade Dance","Flechettes"],"picked":"PiercingWail","floor":2},{"not_picked":["Deflect","Backflip"],"picked":"Quick Slash","floor":3},{"not_picked":["Terror","Blade Dance"],"picked":"Flying Knee","floor":4},{"not_picked":["Masterful Stab","Reflex"],"picked":"Crippling Poison","floor":5},{"not_picked":["Bullet Time","Well Laid Plans"],"picked":"Poisoned Stab","floor":7},{"not_picked":["Deflect","Escape Plan"],"picked":"Poisoned Stab","floor":11},{"not_picked":["Bouncing Flask","Quick Slash"],"picked":"Prepared","floor":12}],"player_experience":146296,"relics_obtained":[{"floor":7,"key":"Sundial"},{"floor":9,"key":"Potion Belt"},{"floor":12,"key":"Kunai"}],"event_choices":[{"event_name":"World of Goop","player_choice":"Gather Gold","floor":13,"damage_taken":0},{"event_name":"Golden Idol","player_choice":"Take Wound","floor":14,"damage_taken":0}],"is_beta":false,"boss_relics":[],"items_purged_floors":[],"is_endless":false,"potions_floor_spawned":[2,5,12],"killed_by":"Slime Boss","ascension_level":1}