{"gold_per_floor":[114,114,129,147,49,74,74,93,93,113,0,11,11,28,28,130,130,145,145,105,125,125,125,158,257,257,257,257,270,270,96,96,195,195,206,206,226,244,262,46,63,81,81,95,95,121,121,140,140,140],"floor_reached":51,"playtime":3715,"items_purged":["Strike_B","Strike_B+1"],"score":1048,"play_id":"16f936dc-9777-4da7-8416-4e6d6404fba8","local_time":"20190813035744","is_ascension_mode":true,"campfire_choices":[{"data":"Dualcast","floor":7,"key":"SMITH"},{"data":"Zap","floor":15,"key":"SMITH"},{"data":"Seek","floor":23,"key":"SMITH"},{"data":"Capacitor","floor":27,"key":"SMITH"},{"data":"Echo Form","floor":30,"key":"SMITH"},{"data":"Consume","floor":32,"key":"SMITH"},{"floor":45,"key":"REST"},{"data":"Defragment","floor":47,"key":"SMITH"},{"floor":49,"key":"REST"}],"neow_cost":"NONE","seed_source_timestamp":215741779317800,"circlet_count":0,"master_deck":["AscendersBane","Strike_B+1","Defend_B+1","Defend_B+1","Defend_B+1","Defend_B+1","Zap+1","Dualcast+1","Consume+1","Capacitor+1","Leap","Cold Snap","Glacier","Glacier","Genetic Algorithm","Double Energy","Cold Snap","Seek+1","Gash","Gash","Melter+1","Echo Form+1","Skim+1","Defragment+1","Reboot","Tempest+1","Defragment"],"relics":["Cracked Core","NeowsBlessing","Lantern","Pantograph","Sozu","Bird Faced Urn","Dodecahedron","Busted Crown","Happy Flower","Bottled Flame","Smiling Mask"],"potions_floor_usage":[6,10],"damage_taken":[{"damage":0,"enemies":"Small Slimes","floor":1,"turns":1},{"damage":0,"enemies":"Cultist","floor":3,"turns":1},{"damage":0,"enemies":"Jaw Worm","floor":4,"turns":1},{"damage":31,"enemies":"Lagavulin","floor":6,"turns":5},{"damage":10,"enemies":"Large Slime","floor":8,"turns":6},{"damage":3,"enemies":"Exordium Thugs","floor":10,"turns":5},{"damage":2,"enemies":"2 Fungi Beasts","floor":12,"turns":3},{"damage":8,"enemies":"Large Slime","floor":14,"turns":10},{"damage":29,"enemies":"The Guardian","floor":16,"turns":17},{"damage":0,"enemies":"Shell Parasite","floor":18,"turns":9},{"damage":3,"enemies":"Spheric Guardian","floor":21,"turns":6},{"damage":0,"enemies":"Book of Stabbing","floor":24,"turns":10},{"damage":25,"enemies":"Chosen and Byrds","floor":29,"turns":8},{"damage":20,"enemies":"Collector","floor":33,"turns":13},{"damage":1,"enemies":"Orb Walker","floor":35,"turns":4},{"damage":18,"enemies":"3 Darklings","floor":37,"turns":5},{"damage":29,"enemies":"Sphere and 2 Shapes","floor":38,"turns":3},{"damage":12,"enemies":"Writhing Mass","floor":39,"turns":10},{"damage":12,"enemies":"3 Darklings","floor":41,"turns":6},{"damage":0,"enemies":"Maw","floor":42,"turns":10},{"damage":23,"enemies":"4 Shapes","floor":44,"turns":9},{"damage":5,"enemies":"Nemesis","floor":46,"turns":9},{"damage":0,"enemies":"3 Darklings","floor":48,"turns":7},{"damage":43,"enemies":"Awakened One","floor":50,"turns":22}],"seed_played":"8282601061709349645","potions_obtained":[{"floor":4,"key":"LiquidBronze"},{"floor":6,"key":"Strength Potion"}],"is_trial":false,"path_per_floor":["M","?","M","M","$","E","R","M","T","M","$","M","$","M","R","B",null,"M","?","?","M","?","R","E","?","T","R","?","M","R","$","R","B",null,"M","?","M","M","M","$","M","M","T","M","R","E","R","M","R","B",null],"character_chosen":"DEFECT","items_purchased":["Leap","Genetic Algorithm","Double Energy","Defragment","Happy Flower","Defragment"],"campfire_rested":2,"item_purchase_floors":[5,11,11,31,40,40],"current_hp_per_floor":[68,73,73,73,73,42,42,32,32,29,29,27,27,19,19,15,60,60,60,60,57,57,57,57,57,57,57,57,36,36,36,36,49,69,74,74,59,32,26,26,22,34,34,25,47,54,54,60,75,40],"gold":140,"neow_bonus":"THREE_ENEMY_KILL","is_prod":false,"is_daily":false,"chose_seed":false,"campfire_upgraded":7,"win_rate":0,"timestamp":1565636264,"path_taken":["M","?","?","M","$","E","R","M","T","M","$","M","?","M","R","BOSS","M","?","?","?","?","R","E","?","T","R","?","?","R","?","R","BOSS","M","?","M","M","M","$","M","?","T","M","R","E","R","M","R","BOSS"],"build_version":"2019-07-17","purchased_purges":2,"victory":true,"max_hp_per_floor":[75,75,75,75,75,75,75,75,75,75,75,75,75,75,75,75,75,75,75,75,75,75,75,75,75,75,75,75,75,75,75,75,75,75,75,75,75,75,75,75,75,75,75,75,75,75,75,75,75,75],"card_choices":[{"not_picked":["Barrage","Turbo"],"picked":"Coolheaded","floor":1},{"not_picked":["Stack","Hologram"],"picked":"Consume","floor":3},{"not_picked":["Melter","Gash"],"picked":"Capacitor","floor":4},{"not_picked":["Sweeping Beam","Stack"],"picked":"Cold Snap","floor":6},{"not_picked":["Go for the Eyes","Gash"],"picked":"Glacier","floor":8},{"not_picked":["Beam Cell","Genetic Algorithm"],"picked":"Glacier","floor":10},{"not_picked":["Meteor Strike","Barrage","Storm"],"picked":"SKIP","floor":12},{"not_picked":["Turbo","Rebound"],"picked":"Cold Snap","floor":14},{"not_picked":["All For One","Meteor Strike"],"picked":"Seek","floor":16},{"not_picked":["Leap+1","Force Field"],"picked":"Gash","floor":18},{"not_picked":["Ball Lightning","Static Discharge"],"picked":"Gash","floor":21},{"not_picked":["Beam Cell","Lockon+1"],"picked":"Melter+1","floor":24},{"not_picked":["Steam+1","Stack+1"],"picked":"Skim+1","floor":29},{"not_picked":["Creative AI","All For One"],"picked":"Reboot","floor":33},{"not_picked":[],"picked":"Tempest+1","floor":35},{"not_picked":["Sweeping Beam+1"],"picked":"SKIP","floor":37},{"not_picked":["White Noise"],"picked":"SKIP","floor":38},{"not_picked":["Fusion"],"picked":"SKIP","floor":39},{"not_picked":["Turbo"],"picked":"SKIP","floor":41},{"not_picked":["Reprogram"],"picked":"SKIP","floor":42},{"not_picked":["Streamline"],"picked":"SKIP","floor":44},{"not_picked":["Streamline"],"picked":"SKIP","floor":46},{"not_picked":["Melter"],"picked":"SKIP","floor":48}],"player_experience":694029,"relics_obtained":[{"floor":6,"key":"Lantern"},{"floor":9,"key":"Pantograph"},{"floor":24,"key":"Bird Faced Urn"},{"floor":26,"key":"Dodecahedron"},{"floor":43,"key":"Bottled Flame"},{"floor":46,"key":"Smiling Mask"}],"event_choices":[{"cards_removed":["Coolheaded"],"damage_healed":5,"gold_gain":0,"player_choice":"Offered Common","damage_taken":0,"max_hp_gain":0,"max_hp_loss":0,"event_name":"Bonfire Elementals","floor":2,"gold_loss":0},{"cards_removed":["Coolheaded"],"damage_healed":5,"gold_gain":0,"player_choice":"Offered Special","damage_taken":0,"max_hp_gain":0,"max_hp_loss":0,"event_name":"Bonfire Elementals","floor":2,"gold_loss":0},{"damage_healed":0,"gold_gain":0,"player_choice":"Ignored","damage_taken":0,"max_hp_gain":0,"max_hp_loss":0,"event_name":"The Mausoleum","floor":19,"gold_loss":0},{"damage_healed":0,"gold_gain":0,"player_choice":"Bought 3 Potions","damage_taken":0,"max_hp_gain":0,"max_hp_loss":0,"event_name":"The Woman in Blue","floor":20,"gold_loss":0},{"damage_healed":0,"gold_gain":0,"player_choice":"Simplicity","damage_taken":0,"max_hp_gain":0,"max_hp_loss":0,"event_name":"Back to Basics","floor":22,"gold_loss":0,"cards_upgraded":["Strike_B","Strike_B","Strike_B","Defend_B","Defend_B","Defend_B","Defend_B"]},{"damage_healed":0,"gold_gain":99,"player_choice":"Stole From Cult","damage_taken":0,"max_hp_gain":0,"max_hp_loss":0,"event_name":"Nest","floor":25,"gold_loss":0},{"damage_healed":0,"gold_gain":0,"player_choice":"1 cards matched","damage_taken":0,"max_hp_gain":0,"max_hp_loss":0,"event_name":"Match and Keep!","floor":28,"gold_loss":0,"cards_obtained":["Echo Form"]},{"damage_healed":0,"gold_gain":0,"player_choice":"1 cards matched","damage_taken":0,"max_hp_gain":0,"max_hp_loss":0,"event_name":"Match and Keep!","floor":28,"gold_loss":0,"cards_obtained":["Echo Form"]},{"cards_removed":["Strike_B"],"damage_healed":0,"gold_gain":0,"player_choice":"Purged","damage_taken":0,"max_hp_gain":0,"max_hp_loss":0,"event_name":"Purifier","floor":36,"gold_loss":0}],"is_beta":false,"boss_relics":[{"not_picked":["Runic Pyramid","FrozenCore"],"picked":"Sozu"},{"not_picked":["Runic Dome","Coffee Dripper"],"picked":"Busted Crown"}],"items_purged_floors":[5,31],"is_endless":false,"potions_floor_spawned":[4,6,24,29,35,38,39,44,46],"ascension_level":11}