{"gold_per_floor":[114,189,204,220,220,220,248,248,248,277,31,45,60,75,75,172,172,192,192,167,190,205,205,215,165,191,191,205,205,215,215,215,215],"floor_reached":33,"playtime":2033,"items_purged":[],"score":360,"play_id":"832463fb-2478-4ea0-a16a-d1e0b24b4136","local_time":"20190106101934","is_ascension_mode":true,"campfire_choices":[{"data":"True Grit","floor":6,"key":"SMITH"},{"data":"Perfected Strike","floor":8,"key":"SMITH"},{"floor":15,"key":"REST"},{"floor":23,"key":"REST"},{"floor":29,"key":"REST"},{"floor":32,"key":"REST"}],"neow_cost":"NONE","seed_source_timestamp":606918938000287,"circlet_count":0,"master_deck":["Strike_R","Strike_R","Strike_R","Strike_R","Strike_R","Defend_R","Defend_R","Defend_R","Bash","Thunderclap","True Grit+1","Armaments","Perfected Strike+1","Intimidate","Shrug It Off","Evolve","Immolate","Impervious","Body Slam+1","Iron Wave","Shrug It Off","Inflame","Shrug It Off","Cleave","J.A.X.","Twin Strike"],"relics":["Burning Blood","NeowsBlessing","Mummified Hand","Blue Candle","Juzu Bracelet","ClockworkSouvenir","Runic Pyramid","Bag of Preparation","Oddly Smooth Stone","Omamori"],"potions_floor_usage":[7,16,16,33,33],"damage_taken":[{"damage":0,"enemies":"Small Slimes","floor":1,"turns":1},{"damage":0,"enemies":"Jaw Worm","floor":3,"turns":1},{"damage":0,"enemies":"Cultist","floor":4,"turns":1},{"damage":14,"enemies":"Gremlin Nob","floor":7,"turns":4},{"damage":31,"enemies":"3 Sentries","floor":10,"turns":8},{"damage":3,"enemies":"Exordium Thugs","floor":12,"turns":4},{"damage":26,"enemies":"Lots of Slimes","floor":13,"turns":6},{"damage":19,"enemies":"Large Slime","floor":14,"turns":7},{"damage":27,"enemies":"Slime Boss","floor":16,"turns":8},{"damage":47,"enemies":"Shell Parasite","floor":18,"turns":13},{"damage":16,"enemies":"3 Byrds","floor":22,"turns":7},{"damage":18,"enemies":"Snecko","floor":24,"turns":6},{"damage":0,"enemies":"Cultist and Chosen","floor":28,"turns":6},{"damage":3,"enemies":"3 Cultists","floor":30,"turns":3},{"damage":89,"enemies":"Champ","floor":33,"turns":15}],"seed_played":"-7636459750306783255","potions_obtained":[{"floor":1,"key":"AttackPotion"},{"floor":5,"key":"SteroidPotion"},{"floor":5,"key":"Ancient Potion"},{"floor":5,"key":"FearPotion"},{"floor":10,"key":"GamblersBrew"},{"floor":16,"key":"Dexterity Potion"},{"floor":18,"key":"GamblersBrew"},{"floor":24,"key":"AttackPotion"}],"is_trial":false,"path_per_floor":["M","?","M","M","?","R","E","R","T","E","$","M","M","M","R","B",null,"M","?","$","T","M","R","M","$","T","?","M","R","M","?","R","B"],"character_chosen":"IRONCLAD","items_purchased":["Shrug It Off","ClockworkSouvenir","Shrug It Off","Cleave"],"campfire_rested":4,"item_purchase_floors":[11,11,20,25],"current_hp_per_floor":[78,67,73,79,79,79,71,71,71,46,46,49,29,16,40,19,65,24,24,24,24,14,38,26,26,26,26,32,56,59,59,80,0],"gold":215,"neow_bonus":"THREE_ENEMY_KILL","is_prod":false,"is_daily":false,"chose_seed":false,"campfire_upgraded":2,"win_rate":0,"timestamp":1546737574,"path_taken":["M","?","M","M","?","R","E","R","T","E","$","M","M","M","R","BOSS","M","?","$","?","M","R","M","$","T","?","M","R","M","?","R","BOSS"],"build_version":"2019-01-03v4","purchased_purges":0,"victory":false,"max_hp_per_floor":[80,80,80,80,80,80,80,80,80,80,80,80,80,80,80,80,80,80,80,80,80,80,80,80,80,80,80,80,80,80,80,80,80],"card_choices":[{"not_picked":["Hemokinesis","Warcry"],"picked":"Thunderclap","floor":1},{"not_picked":["Anger","Perfected Strike"],"picked":"True Grit","floor":3},{"not_picked":["True Grit","Brutality"],"picked":"Armaments","floor":4},{"not_picked":["Rupture","Havoc"],"picked":"Perfected Strike","floor":7},{"not_picked":["Iron Wave","Havoc"],"picked":"Intimidate","floor":10},{"not_picked":["Warcry","Carnage"],"picked":"Evolve","floor":12},{"not_picked":["Heavy Blade","Carnage","Thunderclap"],"picked":"SKIP","floor":13},{"not_picked":["Havoc","Iron Wave"],"picked":"Immolate","floor":14},{"not_picked":["Juggernaut","Dark Embrace"],"picked":"Impervious","floor":16},{"not_picked":["Reckless Charge+1","Shrug It Off"],"picked":"Body Slam+1","floor":18},{"not_picked":["Headbutt","Clash+1"],"picked":"Inflame","floor":22},{"not_picked":["Reckless Charge","Warcry"],"picked":"Shrug It Off","floor":24},{"not_picked":["Reckless Charge+1","Carnage+1"],"picked":"Twin Strike","floor":28},{"not_picked":["Rage","Clash","True Grit"],"picked":"SKIP","floor":30}],"player_experience":164942,"relics_obtained":[{"floor":7,"key":"Mummified Hand"},{"floor":9,"key":"Blue Candle"},{"floor":10,"key":"Juzu Bracelet"},{"floor":21,"key":"Bag of Preparation"},{"floor":26,"key":"Oddly Smooth Stone"},{"floor":31,"key":"Omamori"}],"event_choices":[{"damage_healed":0,"gold_gain":75,"player_choice":"Gather Gold","damage_taken":11,"max_hp_gain":0,"max_hp_loss":0,"event_name":"World of Goop","floor":2,"gold_loss":0},{"damage_healed":0,"gold_gain":0,"player_choice":"Got Potions","damage_taken":0,"max_hp_gain":0,"max_hp_loss":0,"event_name":"Lab","floor":5,"gold_loss":0},{"damage_healed":0,"gold_gain":0,"cards_transformed":["Defend_R"],"player_choice":"Transformed","damage_taken":0,"max_hp_gain":0,"max_hp_loss":0,"event_name":"Transmorgrifier","floor":19,"gold_loss":0,"cards_obtained":["Iron Wave"]},{"damage_healed":0,"gold_gain":0,"player_choice":"Obtain J.A.X.","damage_taken":0,"max_hp_gain":0,"max_hp_loss":0,"event_name":"Drug Dealer","floor":27,"gold_loss":0,"cards_obtained":["J.A.X."]},{"damage_healed":0,"gold_gain":0,"player_choice":"Relic","damage_taken":0,"max_hp_gain":0,"max_hp_loss":0,"event_name":"Wheel of Change","floor":31,"gold_loss":0}],"is_beta":false,"boss_relics":[{"not_picked":["Coffee Dripper","Runic Dome"],"picked":"Runic Pyramid"}],"items_purged_floors":[],"is_endless":false,"potions_floor_spawned":[1,10,12,16,18,24],"killed_by":"Champ","ascension_level":8}