{"gold_per_floor":[112,37,49,49,49,84,84,109,109,123,134,134,150,170,170,245,245,255,255,268,284,36,36,67,0,0,0,24,34,34,34,34,34],"floor_reached":33,"playtime":2083,"items_purged":[],"score":540,"play_id":"e356bd5b-88e3-4831-b8ac-84daf7da02c9","local_time":"20190804030303","is_ascension_mode":true,"campfire_choices":[{"data":"Footwork","floor":7,"key":"SMITH"},{"data":"Neutralize","floor":12,"key":"SMITH"},{"floor":15,"key":"REST"},{"floor":23,"key":"REST"},{"data":"Noxious Fumes","floor":27,"key":"SMITH"},{"floor":30,"key":"REST"},{"data":"Well Laid Plans","floor":32,"key":"SMITH"}],"neow_cost":"NONE","seed_source_timestamp":91087454233600,"circlet_count":0,"master_deck":["AscendersBane","Strike_G","Strike_G","Strike_G","Strike_G","Defend_G","Defend_G","Defend_G","Defend_G","Defend_G","Survivor","Neutralize+1","Footwork+1","Riddle With Holes+1","Predator","Escape Plan","Escape Plan","Dagger Spray+1","Well Laid Plans+1","Deadly Poison","Blur","After Image","Backflip","Bouncing Flask","Noxious Fumes+1","Blur","Backstab+1"],"relics":["Ring of the Snake","NeowsBlessing","Mummified Hand","Centennial Puzzle","Regal Pillow","Black Star","Whetstone","PreservedInsect","Frozen Egg 2","Bag of Preparation"],"potions_floor_usage":[8,14,16,16,24,33],"damage_taken":[{"damage":0,"enemies":"Jaw Worm","floor":1,"turns":1},{"damage":0,"enemies":"Cultist","floor":3,"turns":1},{"damage":0,"enemies":"Gremlin Nob","floor":6,"turns":1},{"damage":26,"enemies":"3 Sentries","floor":8,"turns":13},{"damage":0,"enemies":"2 Louse","floor":10,"turns":2},{"damage":0,"enemies":"Blue Slaver","floor":11,"turns":5},{"damage":1,"enemies":"2 Fungi Beasts","floor":13,"turns":3},{"damage":7,"enemies":"Exordium Thugs","floor":14,"turns":4},{"damage":39,"enemies":"Slime Boss","floor":16,"turns":14},{"damage":7,"enemies":"3 Byrds","floor":18,"turns":6},{"damage":14,"enemies":"Chosen","floor":20,"turns":6},{"damage":7,"enemies":"Shelled Parasite and Fungi","floor":21,"turns":10},{"damage":12,"enemies":"Book of Stabbing","floor":24,"turns":10},{"damage":26,"enemies":"3 Cultists","floor":29,"turns":7},{"damage":65,"enemies":"Collector","floor":33,"turns":10}],"seed_played":"8228213701508166345","potions_obtained":[{"floor":1,"key":"PowerPotion"},{"floor":6,"key":"Swift Potion"},{"floor":10,"key":"Energy Potion"},{"floor":14,"key":"Energy Potion"},{"floor":21,"key":"Explosive Potion"}],"is_trial":false,"path_per_floor":["M","$","M","?","?","E","R","E","T","M","M","R","M","M","R","B",null,"M","?","M","M","$","R","E","?","T","R","T","M","R","$","R","B"],"character_chosen":"THE_SILENT","items_purchased":["Footwork","Noxious Fumes","Blur","Regen Potion"],"campfire_rested":3,"item_purchase_floors":[2,22,22,22],"current_hp_per_floor":[59,59,59,59,59,59,59,33,33,33,33,33,32,25,59,20,55,48,48,34,27,27,61,49,49,49,49,49,23,57,57,57,7],"gold":34,"neow_bonus":"THREE_ENEMY_KILL","is_prod":false,"is_daily":false,"chose_seed":false,"campfire_upgraded":4,"win_rate":0,"timestamp":1564855383,"path_taken":["M","$","M","?","?","E","R","E","T","M","M","R","?","M","R","BOSS","M","?","M","?","?","R","E","?","T","R","?","M","R","$","R","BOSS"],"build_version":"2019-07-17","purchased_purges":0,"victory":false,"max_hp_per_floor":[66,66,66,66,66,66,66,66,66,66,66,66,66,66,66,66,66,66,66,66,66,66,66,66,66,66,66,66,66,66,66,66,66],"card_choices":[{"not_picked":["PiercingWail","Poisoned Stab","Slice"],"picked":"SKIP","floor":1},{"not_picked":["Underhanded Strike","Terror"],"picked":"Riddle With Holes","floor":3},{"not_picked":["Slice","Setup"],"picked":"Escape Plan","floor":6},{"not_picked":["Dagger Throw","Eviscerate"],"picked":"Escape Plan","floor":8},{"not_picked":["PiercingWail","Masterful Stab"],"picked":"Dagger Spray","floor":10},{"not_picked":["Acrobatics","Eviscerate"],"picked":"Well Laid Plans","floor":11},{"not_picked":["Setup","Skewer"],"picked":"Deadly Poison","floor":13},{"not_picked":["Backstab","Skewer"],"picked":"Blur","floor":14},{"not_picked":["Night Terror","Unload"],"picked":"After Image","floor":16},{"not_picked":["Endless Agony","Poisoned Stab"],"picked":"Backflip","floor":20},{"not_picked":["Escape Plan","Distraction"],"picked":"Bouncing Flask","floor":21},{"not_picked":["Flechettes+1","Backflip","Dagger Spray"],"picked":"SKIP","floor":24},{"not_picked":["Terror+1","Bane"],"picked":"Backstab+1","floor":29}],"player_experience":558258,"relics_obtained":[{"floor":6,"key":"Mummified Hand"},{"floor":8,"key":"Centennial Puzzle"},{"floor":9,"key":"Regal Pillow"},{"floor":24,"key":"Whetstone"},{"floor":24,"key":"PreservedInsect"},{"floor":26,"key":"Frozen Egg 2"},{"floor":28,"key":"Bag of Preparation"}],"event_choices":[{"damage_healed":0,"gold_gain":0,"player_choice":"Ignored","damage_taken":0,"max_hp_gain":0,"max_hp_loss":0,"event_name":"Liars Game","floor":4,"gold_loss":0},{"damage_healed":0,"gold_gain":0,"player_choice":"1 cards matched","damage_taken":0,"max_hp_gain":0,"max_hp_loss":0,"event_name":"Match and Keep!","floor":5,"gold_loss":0,"cards_obtained":["Predator"]},{"cards_removed":["Strike_G"],"damage_healed":0,"gold_gain":0,"player_choice":"Purged","damage_taken":0,"max_hp_gain":0,"max_hp_loss":0,"event_name":"Purifier","floor":19,"gold_loss":0},{"damage_healed":0,"gold_gain":0,"player_choice":"Paid Fearfully","damage_taken":0,"max_hp_gain":0,"max_hp_loss":0,"event_name":"Masked Bandits","floor":25,"gold_loss":67}],"is_beta":false,"boss_relics":[{"not_picked":["Coffee Dripper","HoveringKite"],"picked":"Black Star"}],"items_purged_floors":[],"is_endless":false,"potions_floor_spawned":[1,6,10,11,14,21],"killed_by":"Collector","ascension_level":16}