{"gold_per_floor":[115,132,132,132,10,10,30,30,79,95,113,74,89,108,108,205,205,218,43,133,147,22,22,0,18,41,41,41,41,52,63,63,168,168,180,30,0,0,10,10,23,23,23,47,64,80,90,102,102,102],"floor_reached":51,"playtime":12257,"items_purged":["Defend_G","Defend_G","Strike_G","Strike_G"],"score":593,"play_id":"c0562535-871c-40c9-8368-8202312b3527","local_time":"20190827132233","is_ascension_mode":false,"campfire_choices":[{"data":"Survivor","floor":6,"key":"SMITH"},{"floor":8,"key":"REST"},{"data":"Infinite Blades","floor":15,"key":"SMITH"},{"data":"Blade Dance","floor":23,"key":"SMITH"},{"floor":28,"key":"REST"},{"floor":32,"key":"REST"},{"floor":40,"key":"REST"},{"floor":42,"key":"REST"},{"floor":49,"key":"REST"}],"neow_cost":"NONE","seed_source_timestamp":318132744654483,"circlet_count":0,"master_deck":["Strike_G","Strike_G+1","Defend_G","Defend_G","Defend_G","Survivor+1","Neutralize+1","Leg Sweep","Backstab+1","Acrobatics","Backflip","Infinite Blades+1","Terror","Deflect","PiercingWail","Blade Dance+1","Prepared","Adrenaline","Well Laid Plans","Dagger Spray","Outmaneuver+1","Prepared+1","Infinite Blades","Blade Dance","Prepared+1","Backflip+1","Adrenaline","Underhanded Strike+1"],"relics":["Ring of the Snake","Paper Crane","Oddly Smooth Stone","Lizard Tail","Blood Vial","Orrery","Red Mask","Bottled Lightning","Pen Nib"],"potions_floor_usage":[33,33,33,50,50,50],"damage_taken":[{"damage":0,"enemies":"Small Slimes","floor":1,"turns":4},{"damage":5,"enemies":"2 Louse","floor":2,"turns":3},{"damage":0,"enemies":"Jaw Worm","floor":7,"turns":3},{"damage":5,"enemies":"Exordium Thugs","floor":10,"turns":5},{"damage":0,"enemies":"3 Louse","floor":11,"turns":3},{"damage":1,"enemies":"Blue Slaver","floor":13,"turns":3},{"damage":0,"enemies":"Exordium Wildlife","floor":14,"turns":6},{"damage":9,"enemies":"The Guardian","floor":16,"turns":13},{"damage":2,"enemies":"Chosen","floor":18,"turns":6},{"damage":0,"enemies":"Shell Parasite","floor":21,"turns":5},{"damage":21,"enemies":"Sentry and Sphere","floor":25,"turns":18},{"damage":5,"enemies":"Snake Plant","floor":30,"turns":6},{"damage":4,"enemies":"Chosen and Byrds","floor":31,"turns":8},{"damage":61,"enemies":"Collector","floor":33,"turns":22},{"damage":11,"enemies":"Orb Walker","floor":35,"turns":4},{"damage":24,"enemies":"3 Shapes","floor":39,"turns":14},{"damage":11,"enemies":"Transient","floor":41,"turns":5},{"damage":32,"enemies":"Jaw Worm Horde","floor":45,"turns":5},{"damage":14,"enemies":"3 Darklings","floor":46,"turns":7},{"damage":13,"enemies":"Transient","floor":47,"turns":5},{"damage":7,"enemies":"Spire Growth","floor":48,"turns":6},{"damage":44,"enemies":"Awakened One","floor":50,"turns":18}],"seed_played":"1611399423187722612","potions_obtained":[{"floor":2,"key":"Block Potion"},{"floor":7,"key":"FearPotion"},{"floor":13,"key":"Strength Potion"},{"floor":30,"key":"Regen Potion"},{"floor":45,"key":"Strength Potion"},{"floor":46,"key":"Strength Potion"},{"floor":48,"key":"AttackPotion"}],"is_trial":false,"path_per_floor":["M","M","?","?","$","R","M","R","T","M","M","$","M","M","R","B",null,"M","$","?","M","$","R","?","M","T","$","R","$","M","M","R","B",null,"M","$","?","?","M","R","M","R","T","T","M","M","M","M","R","B",null],"character_chosen":"THE_SILENT","items_purchased":["Acrobatics","Terror","Blade Dance","Prepared"],"campfire_rested":6,"item_purchase_floors":[5,12,19,19],"current_hp_per_floor":[70,65,51,48,48,48,48,69,69,64,64,64,63,63,63,54,70,68,68,54,54,54,54,54,33,33,33,54,54,51,49,70,21,70,59,59,59,59,37,58,49,70,70,70,38,26,15,10,31,29],"gold":102,"neow_bonus":"UPGRADE_CARD","is_prod":false,"is_daily":false,"chose_seed":false,"campfire_upgraded":3,"win_rate":0.0,"timestamp":1566901353,"path_taken":["M","M","?","?","$","R","M","R","T","M","M","$","M","M","R","BOSS","M","$","?","M","?","R","?","M","T","?","R","$","?","M","R","BOSS","M","$","?","?","?","R","M","R","T","?","M","M","?","M","R","BOSS"],"build_version":"2019-07-17","purchased_purges":4,"victory":true,"max_hp_per_floor":[70,70,70,70,70,70,70,70,70,70,70,70,70,70,70,70,70,70,70,70,70,70,70,70,70,70,70,70,70,70,70,70,70,70,70,70,70,70,70,70,70,70,70,70,70,70,70,70,70,70],"card_choices":[{"not_picked":["Underhanded Strike","Dagger Spray"],"picked":"Leg Sweep","floor":1},{"not_picked":["Flying Knee","A Thousand Cuts"],"picked":"Backstab","floor":2},{"not_picked":["Slice","Dagger Throw","Caltrops"],"picked":"SKIP","floor":7},{"not_picked":["Poisoned Stab","Underhanded Strike"],"picked":"Backflip","floor":10},{"not_picked":["Outmaneuver","Accuracy"],"picked":"Infinite Blades","floor":11},{"not_picked":["Dodge and Roll","Sucker Punch"],"picked":"Deflect","floor":13},{"not_picked":["Sucker Punch","Acrobatics","Deflect"],"picked":"SKIP","floor":14},{"not_picked":["Prepared","Bane"],"picked":"PiercingWail","floor":18},{"not_picked":["Distraction","Crippling Poison+1","Acrobatics"],"picked":"SKIP","floor":21},{"not_picked":["Flechettes","Quick Slash","Outmaneuver"],"picked":"SKIP","floor":25},{"not_picked":["Slice","Underhanded Strike","Poisoned Stab"],"picked":"SKIP","floor":30},{"not_picked":["Outmaneuver","A Thousand Cuts","Bouncing Flask"],"picked":"SKIP","floor":31},{"not_picked":["Envenom","Tools of the Trade"],"picked":"Adrenaline","floor":33},{"not_picked":["Distraction+1","Slice"],"picked":"Well Laid Plans","floor":34},{"not_picked":["Acrobatics","Outmaneuver"],"picked":"Dagger Spray","floor":34},{"not_picked":["Dash+1","PiercingWail"],"picked":"Outmaneuver+1","floor":34},{"not_picked":["Expertise","Sucker Punch+1"],"picked":"Prepared+1","floor":35},{"not_picked":["Flying Knee+1","Predator"],"picked":"Infinite Blades","floor":39},{"not_picked":["Prepared","Catalyst"],"picked":"Blade Dance","floor":41},{"not_picked":["Flying Knee+1","Sucker Punch"],"picked":"Prepared+1","floor":45},{"not_picked":["Quick Slash","Reflex+1"],"picked":"Backflip+1","floor":46},{"not_picked":["Leg Sweep+1","Sucker Punch"],"picked":"Adrenaline","floor":47},{"not_picked":["Prepared","Caltrops"],"picked":"Underhanded Strike+1","floor":48}],"player_experience":64233,"relics_obtained":[{"floor":9,"key":"Oddly Smooth Stone"},{"floor":26,"key":"Blood Vial"},{"floor":43,"key":"Bottled Lightning"},{"floor":44,"key":"Pen Nib"}],"event_choices":[{"damage_healed":0,"gold_gain":0,"player_choice":"Entered Light","damage_taken":14,"max_hp_gain":0,"max_hp_loss":0,"event_name":"Shining Light","floor":3,"gold_loss":0,"cards_upgraded":["Strike_G","Backstab"]},{"damage_healed":0,"gold_gain":0,"player_choice":"Success","damage_taken":3,"relics_obtained":["Paper Crane"],"max_hp_gain":0,"max_hp_loss":0,"event_name":"Scrap Ooze","floor":4,"gold_loss":0},{"damage_healed":0,"gold_gain":90,"player_choice":"GOLD ","damage_taken":14,"max_hp_gain":0,"max_hp_loss":0,"event_name":"Knowing Skull","floor":20,"potions_obtained":[],"gold_loss":0,"cards_obtained":[]},{"damage_healed":0,"gold_gain":0,"player_choice":"Paid Fearfully","damage_taken":0,"max_hp_gain":0,"max_hp_loss":0,"event_name":"Masked Bandits","floor":24,"gold_loss":22},{"damage_healed":0,"gold_gain":0,"player_choice":"Paid","damage_taken":0,"relics_obtained":["Red Mask"],"max_hp_gain":0,"max_hp_loss":0,"event_name":"Tomb of Lord Red Mask","floor":37,"gold_loss":30},{"cards_removed":["Strike_G"],"damage_healed":0,"gold_gain":0,"player_choice":"Removed Attack","damage_taken":0,"max_hp_gain":0,"max_hp_loss":0,"event_name":"Falling","floor":38,"gold_loss":0}],"is_beta":false,"boss_relics":[{"not_picked":["Runic Pyramid","Empty Cage"],"picked":"Lizard Tail"},{"not_picked":["Coffee Dripper","Cursed Key"],"picked":"Orrery"}],"items_purged_floors":[5,19,22,36],"is_endless":false,"potions_floor_spawned":[2,7,13,16,21,30,45,46,48],"ascension_level":0}