{"gold_per_floor":[119,131,131,146,146,174,174,174,174,174,184,204,230,246,246,347,347,366,20,31,48,48,82,101,101,101,101,101,101,135,151,151,251,251,264,284,301,313,5,5,5,20,20,20,37,37,63,79,79,79],"floor_reached":50,"playtime":5133,"items_purged":["Second Wind"],"score":551,"play_id":"83c52a19-de66-4189-87dd-78184975e75a","local_time":"20190810181750","is_ascension_mode":false,"campfire_choices":[{"data":"Infernal Blade","floor":8.0,"key":"SMITH"},{"data":"Intimidate","floor":10.0,"key":"SMITH"},{"floor":15,"key":"REST"},{"data":"Bludgeon","floor":27,"key":"SMITH"},{"data":"Armaments","floor":29,"key":"SMITH"},{"floor":32,"key":"REST"},{"floor":40,"key":"REST"},{"floor":44,"key":"REST"},{"floor":46,"key":"REST"},{"floor":49,"key":"REST"}],"neow_cost":"NONE","seed_source_timestamp":0,"circlet_count":0,"master_deck":["Strike_R","Strike_R+1","Strike_R+1","Strike_R","Strike_R","Defend_R","Defend_R","Defend_R","Defend_R","Bash","Infernal Blade+1","Intimidate+1","Seeing Red","Perfected Strike","Anger","Bludgeon+1","Uppercut","Impervious","Pommel Strike","Armaments+1","Demon Form+1","Perfected Strike","Cleave","Heavy Blade","Hemokinesis","Cleave","Uppercut+1","Sever Soul","Bloodletting","Flex","Fiend Fire","Rage","Pommel Strike+1","Twin Strike+1","Flame Barrier","Dark Shackles","Metallicize","Thunderclap","Pummel+1","Clothesline+1","Perfected Strike+1","Whirlwind+1","Impervious+1","Blood for Blood","Entrench+1"],"special_seed":0,"relics":["Burning Blood","PreservedInsect","Shuriken","Bag of Marbles","Dream Catcher","Busted Crown","Magic Flower","Mummified Hand","Darkstone Periapt","Mark of Pain","Whetstone","Toxic Egg 2","Dodecahedron"],"potions_floor_usage":[21,24,33,33,37,45,50],"damage_taken":[{"damage":16.0,"enemies":"Jaw Worm","floor":1.0,"turns":5.0},{"damage":2.0,"enemies":"Small Slimes","floor":2.0,"turns":4.0},{"damage":5.0,"enemies":"Cultist","floor":4.0,"turns":4.0},{"damage":26.0,"enemies":"3 Sentries","floor":6.0,"turns":7.0},{"damage":13.0,"enemies":"Exordium Thugs","floor":11.0,"turns":4.0},{"damage":0,"enemies":"2 Fungi Beasts","floor":12,"turns":3},{"damage":18,"enemies":"Lagavulin","floor":13,"turns":3},{"damage":1,"enemies":"Lots of Slimes","floor":14,"turns":4},{"damage":12,"enemies":"Slime Boss","floor":16,"turns":7},{"damage":5,"enemies":"Chosen","floor":18,"turns":3},{"damage":14,"enemies":"Shell Parasite","floor":20,"turns":3},{"damage":24,"enemies":"Centurion and Healer","floor":21,"turns":4},{"damage":26,"enemies":"Book of Stabbing","floor":23,"turns":4},{"damage":3,"enemies":"Chosen and Byrds","floor":24,"turns":4},{"damage":14,"enemies":"Slavers","floor":30,"turns":3},{"damage":23,"enemies":"Shelled Parasite and Fungi","floor":31,"turns":4},{"damage":65,"enemies":"Collector","floor":33,"turns":9},{"damage":12,"enemies":"3 Shapes","floor":35,"turns":4},{"damage":13,"enemies":"Orb Walker","floor":36,"turns":3},{"damage":40,"enemies":"Transient","floor":37,"turns":5},{"damage":18,"enemies":"Writhing Mass","floor":38,"turns":3},{"damage":20,"enemies":"4 Shapes","floor":42,"turns":3},{"damage":20,"enemies":"Transient","floor":45,"turns":5},{"damage":22,"enemies":"Giant Head","floor":47,"turns":6},{"damage":30,"enemies":"Writhing Mass","floor":48,"turns":3},{"damage":81,"enemies":"Awakened One","floor":50,"turns":5}],"seed_played":"3224610703662280439","potions_obtained":[{"floor":4.0,"key":"SpeedPotion"},{"floor":11.0,"key":"Regen Potion"},{"floor":16,"key":"Dexterity Potion"},{"floor":21,"key":"Regen Potion"},{"floor":24,"key":"FearPotion"},{"floor":33,"key":"SneckoOil"},{"floor":35,"key":"EssenceOfSteel"},{"floor":42,"key":"Block Potion"},{"floor":45,"key":"AttackPotion"}],"is_trial":false,"path_per_floor":["M","M","?","M","?","E","?","R","T","R","M","M","E","M","R","B",null,"M","$","M","M","?","E","M","?","T","R","?","R","E","M","R","B",null,"M","M","M","M","$","R","?","M","T","R","M","R","E","M","R","B"],"character_chosen":"IRONCLAD","items_purchased":["Armaments","Demon Form","Perfected Strike","Cleave","Whetstone","Dark Shackles","Metallicize"],"campfire_rested":6,"item_purchase_floors":[19,19,19,19,39,39,39],"current_hp_per_floor":[70,74,79,80,80,60,60,60,60,60,53,59,47,52,77,71,85,85,85,77,64,64,44,69,69,69,69,74,74,69,55,80,24,85,82,78,47,38,38,63,63,52,52,77,66,85,72,51,76,0],"gold":79,"neow_bonus":"RANDOM_COMMON_RELIC","is_prod":false,"is_daily":false,"chose_seed":false,"campfire_upgraded":4,"win_rate":0.0,"timestamp":1565453870,"path_taken":["M","M","?","M","?","E","?","R","T","R","M","?","E","M","R","BOSS","M","$","M","M","?","E","M","?","T","R","?","R","E","M","R","BOSS","M","M","?","M","$","R","?","M","T","R","M","R","E","?","R","BOSS"],"build_version":"2019-07-17","purchased_purges":1,"victory":false,"max_hp_per_floor":[80,80,85,85,85,85,85,85,85,85,85,85,85,85,85,85,85,85,85,85,85,85,85,85,85,85,85,85,85,85,85,85,85,85,85,85,85,85,85,85,85,85,85,85,85,85,85,85,85,85],"card_choices":[{"not_picked":["Shrug It Off","Sever Soul"],"picked":"Infernal Blade","floor":1.0},{"not_picked":["Headbutt","Twin Strike"],"picked":"Intimidate","floor":2.0},{"not_picked":["Shrug It Off","True Grit"],"picked":"Headbutt","floor":4.0},{"not_picked":["Fire Breathing","Burning Pact"],"picked":"Second Wind","floor":6.0},{"not_picked":["Iron Wave","Heavy Blade"],"picked":"Perfected Strike","floor":11.0},{"not_picked":["Clothesline","True Grit"],"picked":"Anger","floor":12},{"not_picked":["Warcry","Perfected Strike"],"picked":"Bludgeon","floor":13},{"not_picked":["True Grit","Body Slam"],"picked":"Uppercut","floor":14},{"not_picked":["Seeing Red","Body Slam"],"picked":"Armaments","floor":15},{"not_picked":["Dark Embrace","Feed"],"picked":"Impervious","floor":16},{"not_picked":[],"picked":"Pommel Strike","floor":18},{"not_picked":[],"picked":"Heavy Blade","floor":20},{"not_picked":[],"picked":"Hemokinesis","floor":21},{"not_picked":[],"picked":"Cleave","floor":23},{"not_picked":[],"picked":"Uppercut+1","floor":24},{"not_picked":[],"picked":"Sever Soul","floor":30},{"not_picked":[],"picked":"Bloodletting","floor":31},{"not_picked":[],"picked":"Flex","floor":32},{"not_picked":[],"picked":"Fiend Fire","floor":33},{"not_picked":[],"picked":"Rage","floor":35},{"not_picked":[],"picked":"Pommel Strike+1","floor":36},{"not_picked":[],"picked":"Twin Strike+1","floor":37},{"not_picked":[],"picked":"Flame Barrier","floor":38},{"not_picked":[],"picked":"Thunderclap","floor":40},{"not_picked":[],"picked":"Pummel+1","floor":42},{"not_picked":[],"picked":"Clothesline+1","floor":44},{"not_picked":[],"picked":"Perfected Strike+1","floor":45},{"not_picked":[],"picked":"Whirlwind+1","floor":46},{"not_picked":[],"picked":"Impervious+1","floor":47},{"not_picked":[],"picked":"Blood for Blood","floor":48},{"not_picked":[],"picked":"Entrench+1","floor":49}],"player_experience":9425,"relics_obtained":[{"floor":6.0,"key":"Shuriken"},{"floor":9.0,"key":"Bag of Marbles"},{"floor":13,"key":"Dream Catcher"},{"floor":23,"key":"Magic Flower"},{"floor":26,"key":"Mummified Hand"},{"floor":30,"key":"Darkstone Periapt"},{"floor":43,"key":"Toxic Egg 2"},{"floor":47,"key":"Dodecahedron"}],"event_choices":[{"damage_healed":0.0,"max_hp_gain":5.0,"max_hp_loss":0.0,"gold_gain":0.0,"event_name":"Big Fish","player_choice":"Donut","floor":3.0,"gold_loss":0.0,"damage_taken":0.0},{"damage_healed":0.0,"max_hp_gain":0.0,"max_hp_loss":0.0,"gold_gain":0.0,"event_name":"Liars Game","player_choice":"Ignored","floor":5.0,"gold_loss":0.0,"damage_taken":0.0},{"damage_healed":0.0,"max_hp_gain":0.0,"max_hp_loss":0.0,"gold_gain":0.0,"cards_transformed":["Headbutt"],"event_name":"Transmorgrifier","player_choice":"Transformed","floor":7.0,"gold_loss":0.0,"damage_taken":0.0,"cards_obtained":["Seeing Red"]},{"damage_healed":0,"gold_gain":0,"player_choice":"Ignored","damage_taken":0,"max_hp_gain":0,"max_hp_loss":0,"event_name":"Vampires","floor":25,"gold_loss":0},{"cards_removed":["Armaments"],"damage_healed":5,"gold_gain":0,"player_choice":"Offered Common","damage_taken":0,"max_hp_gain":0,"max_hp_loss":0,"event_name":"Bonfire Elementals","floor":28,"gold_loss":0},{"cards_removed":["Armaments"],"damage_healed":5,"gold_gain":0,"player_choice":"Offered Special","damage_taken":0,"max_hp_gain":0,"max_hp_loss":0,"event_name":"Bonfire Elementals","floor":28,"gold_loss":0},{"damage_healed":0,"gold_gain":0,"player_choice":"Forge","damage_taken":0,"max_hp_gain":0,"max_hp_loss":0,"event_name":"Accursed Blacksmith","floor":41,"gold_loss":0,"cards_upgraded":["Demon Form"]}],"is_beta":false,"boss_relics":[{"not_picked":["Lizard Tail","Runic Pyramid"],"picked":"Busted Crown"},{"not_picked":["Cursed Key","Orrery"],"picked":"Mark of Pain"}],"items_purged_floors":[19],"is_endless":false,"potions_floor_spawned":[4,11,16,21,24,33,35,42,45],"killed_by":"Awakened One","ascension_level":0}