{"gold_per_floor":[110,110,17,17,17,17,50,50,50,50,77,89,89,103,103,203,203,218,143,158,220,238,238,255,285,308,335,353,403,403],"floor_reached":30,"playtime":2351,"items_purged":["Strike_G"],"score":371,"play_id":"953cb3a6-08ef-41dc-9fce-1a9eb75bb450","local_time":"20190826202522","is_ascension_mode":true,"campfire_choices":[{"data":"Cloak And Dagger","floor":6,"key":"SMITH"},{"data":"Footwork","floor":8,"key":"SMITH"},{"floor":10,"key":"RECALL"},{"data":"Noxious Fumes","floor":13,"key":"SMITH"},{"data":"Predator","floor":15,"key":"SMITH"},{"floor":23,"key":"REST"}],"neow_cost":"NONE","seed_source_timestamp":110827523737600,"circlet_count":0,"master_deck":["Strike_G","Strike_G","Strike_G","Strike_G","Defend_G+1","Defend_G","Defend_G","Defend_G","Defend_G","Survivor","Neutralize+1","Predator+1","Cloak And Dagger+1","Noxious Fumes+1","Footwork+1","Dodge and Roll+1","Predator","Flechettes","Envenom","PiercingWail+1","Accuracy+1","Dagger Spray","Burst+1","Deadly Poison+1","Blade Dance+1","Blur+1"],"relics":["Ring of the Snake","NeowsBlessing","SsserpentHead","Toxic Egg 2","Du-Vu Doll","Snecko Eye","Ancient Tea Set","Boot","Darkstone Periapt"],"potions_floor_usage":[16,20,22,25,27,30,30,30],"damage_taken":[{"damage":0,"enemies":"2 Louse","floor":1,"turns":1},{"damage":0,"enemies":"Gremlin Nob","floor":7,"turns":1},{"damage":0,"enemies":"3 Sentries","floor":11,"turns":1},{"damage":0,"enemies":"Cultist","floor":12,"turns":3},{"damage":0,"enemies":"Small Slimes","floor":14,"turns":3},{"damage":25,"enemies":"Slime Boss","floor":16,"turns":11},{"damage":25,"enemies":"3 Byrds","floor":18,"turns":4},{"damage":1,"enemies":"Spheric Guardian","floor":20,"turns":5},{"damage":7,"enemies":"3 Cultists","floor":21,"turns":5},{"damage":12,"enemies":"Cultist and Chosen","floor":22,"turns":5},{"damage":0,"enemies":"Centurion and Healer","floor":24,"turns":7},{"damage":0,"enemies":"Gremlin Leader","floor":25,"turns":6},{"damage":32,"enemies":"Slavers","floor":27,"turns":5},{"damage":0,"enemies":"Sentry and Sphere","floor":28,"turns":3},{"damage":14,"enemies":"Gremlin Leader","floor":30,"turns":5}],"seed_played":"-5747355363416784379","potions_obtained":[{"floor":7,"key":"EssenceOfSteel"},{"floor":16,"key":"Poison Potion"},{"floor":18,"key":"Fire Potion"},{"floor":20,"key":"Explosive Potion"},{"floor":22,"key":"SpeedPotion"},{"floor":29,"key":"GhostInAJar"},{"floor":29,"key":"SpeedPotion"},{"floor":29,"key":"EssenceOfSteel"}],"is_trial":false,"path_per_floor":["M","?","$","?","$","R","E","R","T","R","E","M","R","M","R","B",null,"M","$","M","M","M","R","M","E","T","E","M","?","E"],"character_chosen":"THE_SILENT","items_purchased":["Cloak And Dagger","Noxious Fumes"],"campfire_rested":1,"item_purchase_floors":[3,3],"current_hp_per_floor":[70,56,56,56,56,56,56,56,56,56,56,56,56,56,56,31,70,45,45,44,37,25,46,46,46,46,14,14,14,0],"gold":403,"neow_bonus":"THREE_ENEMY_KILL","is_prod":false,"is_daily":false,"chose_seed":false,"campfire_upgraded":4,"win_rate":0,"timestamp":1566843922,"path_taken":["M","?","$","?","$","R","E","R","T","R","E","M","R","M","R","BOSS","M","$","M","?","M","R","M","E","T","E","M","?","E"],"build_version":"2019-07-17","purchased_purges":1,"victory":false,"max_hp_per_floor":[70,70,70,70,70,70,70,70,70,70,70,70,70,70,70,70,70,70,70,70,70,70,70,70,70,70,70,70,70,70],"card_choices":[{"not_picked":["Dodge and Roll","Outmaneuver"],"picked":"Predator","floor":1},{"not_picked":["Dagger Throw","Deflect"],"picked":"Footwork","floor":7},{"not_picked":["Unload","Deflect+1"],"picked":"Dodge and Roll+1","floor":11},{"not_picked":["Deflect+1","Endless Agony"],"picked":"Predator","floor":12},{"not_picked":["Sucker Punch","Acrobatics+1"],"picked":"Flechettes","floor":14},{"not_picked":["Doppelganger+1","Malaise+1"],"picked":"Envenom","floor":16},{"not_picked":["Predator","Acrobatics+1"],"picked":"PiercingWail+1","floor":18},{"not_picked":["Deflect+1","Poisoned Stab"],"picked":"Accuracy+1","floor":20},{"not_picked":["Backstab","PiercingWail+1"],"picked":"Dagger Spray","floor":21},{"not_picked":["Well Laid Plans","Escape Plan+1","Caltrops+1"],"picked":"SKIP","floor":22},{"not_picked":["Caltrops","Sucker Punch+1"],"picked":"Burst+1","floor":24},{"not_picked":["Accuracy","Cloak And Dagger+1"],"picked":"Deadly Poison+1","floor":25},{"not_picked":["Prepared+1","Accuracy"],"picked":"Blade Dance+1","floor":27},{"not_picked":["Sucker Punch","Reflex+1"],"picked":"Blur+1","floor":28}],"player_experience":67863,"relics_obtained":[{"floor":7,"key":"Toxic Egg 2"},{"floor":11,"key":"Du-Vu Doll"},{"floor":25,"key":"Ancient Tea Set"},{"floor":26,"key":"Boot"},{"floor":27,"key":"Darkstone Periapt"}],"event_choices":[{"damage_healed":0,"gold_gain":0,"player_choice":"Entered Light","damage_taken":14,"max_hp_gain":0,"max_hp_loss":0,"event_name":"Shining Light","floor":2,"gold_loss":0,"cards_upgraded":["Defend_G","Neutralize"]},{"damage_healed":0,"gold_gain":0,"player_choice":"Trade","damage_taken":0,"relics_obtained":["SsserpentHead"],"max_hp_gain":0,"max_hp_loss":0,"event_name":"FaceTrader","floor":4,"gold_loss":0},{"damage_healed":0,"gold_gain":0,"player_choice":"Got Potions","damage_taken":0,"max_hp_gain":0,"max_hp_loss":0,"event_name":"Lab","floor":29,"gold_loss":0}],"is_beta":false,"boss_relics":[{"not_picked":["Black Star","Runic Dome"],"picked":"Snecko Eye"}],"items_purged_floors":[19],"is_endless":false,"potions_floor_spawned":[7,16,18,20,22],"killed_by":"Gremlin Leader","ascension_level":1}