{"gold_per_floor":[111,131,143,143,143,143,143,183,262,13,13,74,36,59,59,59],"floor_reached":16,"playtime":760,"items_purged":[],"score":98,"play_id":"f6cdc5bf-268d-4cb9-9c92-7a0be0b07cc5","local_time":"20190810212228","is_ascension_mode":false,"campfire_choices":[{"data":"Whirlwind","floor":6,"key":"SMITH"},{"floor":11,"key":"REST"},{"data":"Impervious","floor":15,"key":"SMITH"}],"neow_cost":"NONE","seed_source_timestamp":549765368012700,"circlet_count":0,"master_deck":["Strike_R","Strike_R","Strike_R","Strike_R","Strike_R","Defend_R+1","Defend_R","Defend_R","Defend_R+1","Bash","Heavy Blade+1","Uppercut","Whirlwind+1","Power Through","Ghostly Armor","Clash","Blood for Blood","Impervious+1"],"relics":["Burning Blood","War Paint","Golden Idol","Blood Vial","Matryoshka","Anchor"],"potions_floor_usage":[16,16,16],"damage_taken":[{"damage":1,"enemies":"Cultist","floor":1,"turns":4},{"damage":3,"enemies":"2 Louse","floor":2,"turns":3},{"damage":0,"enemies":"Small Slimes","floor":3,"turns":3},{"damage":45,"enemies":"3 Sentries","floor":8,"turns":6},{"damage":2,"enemies":"Looter","floor":14,"turns":3},{"damage":58,"enemies":"Slime Boss","floor":16,"turns":10}],"seed_played":"-5111135512289530234","potions_obtained":[{"floor":3,"key":"Poison Potion"},{"floor":8,"key":"PowerPotion"},{"floor":14,"key":"Swift Potion"}],"is_trial":false,"path_per_floor":["M","M","M","?","?","R","?","E","T","$","R","?","$","M","R","B"],"character_chosen":"IRONCLAD","items_purchased":["Anchor","Ghostly Armor","Clash","Blood for Blood"],"campfire_rested":1,"item_purchase_floors":[10,10,10,13],"current_hp_per_floor":[80,80,80,80,60,60,60,21,21,21,45,45,45,51,51,0],"gold":59,"neow_bonus":"RANDOM_COMMON_RELIC","is_prod":false,"is_daily":false,"chose_seed":false,"campfire_upgraded":2,"win_rate":0.0,"timestamp":1565464948,"path_taken":["M","M","M","?","?","R","?","E","T","$","R","?","?","M","R","BOSS"],"build_version":"2019-07-17","purchased_purges":0,"victory":false,"max_hp_per_floor":[80,80,80,80,80,80,80,80,80,80,80,80,80,80,80,80],"card_choices":[{"not_picked":["Sword Boomerang","Reckless Charge"],"picked":"Heavy Blade","floor":1},{"not_picked":["Battle Trance","Metallicize"],"picked":"Uppercut","floor":2},{"not_picked":["Second Wind","Iron Wave"],"picked":"Whirlwind","floor":3},{"not_picked":["Cleave","Clothesline"],"picked":"Power Through","floor":8},{"not_picked":["Headbutt","Ghostly Armor"],"picked":"Impervious","floor":14}],"player_experience":23792,"relics_obtained":[{"floor":8,"key":"Blood Vial"},{"floor":9,"key":"Matryoshka"}],"event_choices":[{"damage_healed":0,"gold_gain":0,"player_choice":"Leave","damage_taken":0,"max_hp_gain":0,"max_hp_loss":0,"event_name":"The Cleric","floor":4,"gold_loss":0},{"damage_healed":0,"gold_gain":0,"player_choice":"Take Damage","damage_taken":20,"relics_obtained":["Golden Idol"],"max_hp_gain":0,"max_hp_loss":0,"event_name":"Golden Idol","floor":5,"gold_loss":0},{"damage_healed":0,"gold_gain":0,"player_choice":"Grow","damage_taken":0,"max_hp_gain":0,"max_hp_loss":0,"event_name":"Living Wall","floor":7,"gold_loss":0,"cards_upgraded":["Heavy Blade"]},{"damage_healed":0,"gold_gain":61,"player_choice":"Gained Gold","damage_taken":0,"max_hp_gain":0,"max_hp_loss":0,"event_name":"Golden Wing","floor":12,"gold_loss":0}],"is_beta":false,"boss_relics":[],"items_purged_floors":[],"is_endless":false,"potions_floor_spawned":[3,8,14],"killed_by":"Slime Boss","ascension_level":0}