{"gold_per_floor":[11,26,39,56,21,21,35,68,92,111,141,141,153,209,209,288,288,299,150,166,346,363,363,66,80,104,104,138,151,163,179,179,252,252,272,272,292,310,310,310,343,77,77,87,101,117,130,45,45,45,45],"floor_reached":52,"playtime":3936,"items_purged":["Strike_B"],"score":2154,"play_id":"bc7d59a1-f524-4cec-95a1-25342b3f94d6","local_time":"20190825042618","is_ascension_mode":true,"campfire_choices":[{"data":"Streamline","floor":6,"key":"SMITH"},{"floor":12,"key":"REST"},{"floor":15,"key":"REST"},{"floor":23,"key":"REST"},{"data":"Defragment","floor":27,"key":"SMITH"},{"data":"Coolheaded","floor":32,"key":"SMITH"},{"data":"Hologram","floor":40,"key":"SMITH"},{"data":"Biased Cognition","floor":49,"key":"SMITH"}],"neow_cost":"NO_GOLD","seed_source_timestamp":334749408162100,"circlet_count":0,"master_deck":["AscendersBane","Strike_B","Strike_B","Strike_B","Defend_B","Defend_B","Defend_B","Defend_B","Zap","Dualcast","Ball Lightning","Reinforced Body","Streamline+1","Defragment+1","Genetic Algorithm","Conserve Battery","Conserve Battery","Reinforced Body","Biased Cognition","Hologram+1","Electrodynamics","Coolheaded+1","Hologram","Rebound+1","Coolheaded+1","Biased Cognition+1","Fusion+1","Go for the Eyes+1","Go for the Eyes+1"],"relics":["FrozenCore","FossilizedHelix","Cables","DataDisk","Anchor","Happy Flower","Inserter","ClockworkSouvenir","Omamori","Red Mask","Molten Egg 2","OrangePellets","StoneCalendar"],"potions_floor_usage":[4,8,10,11,11,25,28,28,33,50,51],"damage_taken":[{"damage":0,"enemies":"Jaw Worm","floor":1,"turns":4},{"damage":0,"enemies":"Small Slimes","floor":2,"turns":2},{"damage":0,"enemies":"Cultist","floor":3,"turns":2},{"damage":30,"enemies":"Gremlin Gang","floor":4,"turns":4},{"damage":0,"enemies":"Looter","floor":7,"turns":2},{"damage":10,"enemies":"3 Sentries","floor":8,"turns":5},{"damage":7,"enemies":"Exordium Wildlife","floor":10,"turns":3},{"damage":13,"enemies":"Lagavulin","floor":11,"turns":5},{"damage":7,"enemies":"Exordium Thugs","floor":13,"turns":4},{"damage":28,"enemies":"Gremlin Nob","floor":14,"turns":4},{"damage":10,"enemies":"Slime Boss","floor":16,"turns":8},{"damage":0,"enemies":"Chosen","floor":18,"turns":4},{"damage":0,"enemies":"Spheric Guardian","floor":20,"turns":5},{"damage":0,"enemies":"Cultist and Chosen","floor":22,"turns":4},{"damage":0,"enemies":"Centurion and Healer","floor":25,"turns":5},{"damage":0,"enemies":"Masked Bandits","floor":28,"turns":3},{"damage":0,"enemies":"Snake Plant","floor":29,"turns":3},{"damage":0,"enemies":"Chosen and Byrds","floor":30,"turns":5},{"damage":0,"enemies":"Cultist and Chosen","floor":31,"turns":3},{"damage":0,"enemies":"Automaton","floor":33,"turns":8},{"damage":0,"enemies":"3 Shapes","floor":35,"turns":6},{"damage":0,"enemies":"Orb Walker","floor":37,"turns":5},{"damage":0,"enemies":"Spire Growth","floor":38,"turns":9},{"damage":0,"enemies":"Reptomancer","floor":41,"turns":6},{"damage":0,"enemies":"4 Shapes","floor":44,"turns":4},{"damage":0,"enemies":"Sphere and 2 Shapes","floor":45,"turns":3},{"damage":0,"enemies":"Jaw Worm Horde","floor":46,"turns":6},{"damage":0,"enemies":"Maw","floor":47,"turns":8},{"damage":0,"enemies":"Awakened One","floor":50,"turns":15},{"damage":0,"enemies":"Donu and Deca","floor":51,"turns":9}],"seed_played":"-5189436110142134868","potions_obtained":[{"floor":1,"key":"Poison Potion"},{"floor":4,"key":"Fire Potion"},{"floor":7,"key":"Dexterity Potion"},{"floor":8,"key":"Dexterity Potion"},{"floor":10,"key":"SkillPotion"},{"floor":14,"key":"SpeedPotion"},{"floor":22,"key":"Fire Potion"},{"floor":25,"key":"Swift Potion"},{"floor":31,"key":"PowerPotion"},{"floor":33,"key":"SpeedPotion"},{"floor":37,"key":"SkillPotion"},{"floor":38,"key":"LiquidBronze"}],"is_trial":false,"path_per_floor":["M","M","M","M","?","R","M","E","T","M","E","R","M","?","R","B",null,"M","$","M","?","M","R","$","M","T","R","?","M","M","M","R","B",null,"M","?","M","M","?","R","E","$","T","M","M","M","M","$","R","B","B",null],"character_chosen":"DEFECT","items_purchased":["Electrodynamics","ClockworkSouvenir","OrangePellets","Swift Potion","FocusPotion"],"campfire_rested":3,"item_purchase_floors":[19,24,42,42,48],"current_hp_per_floor":[64,64,64,34,51,51,51,41,41,34,21,42,35,7,28,18,58,58,58,58,37,37,58,58,58,58,58,58,58,58,58,58,58,68,68,67,67,67,67,67,67,67,67,67,67,67,67,67,67,67,67],"gold":45,"neow_bonus":"ONE_RARE_RELIC","is_prod":false,"is_daily":false,"chose_seed":false,"campfire_upgraded":5,"win_rate":0,"timestamp":1566674778,"path_taken":["M","M","M","M","?","R","M","E","T","M","E","R","M","?","R","BOSS","M","$","M","?","?","R","$","?","T","R","?","M","M","M","R","BOSS","M","?","M","M","?","R","E","?","T","?","M","M","?","$","R","BOSS","BOSS"],"build_version":"2019-07-17","purchased_purges":1,"victory":true,"max_hp_per_floor":[71,71,71,71,71,71,71,71,71,71,71,71,71,71,71,71,71,71,71,71,71,71,71,71,71,71,71,71,71,71,71,71,71,71,71,67,67,67,67,67,67,67,67,67,67,67,67,67,67,67,67],"card_choices":[{"not_picked":["Capacitor","Sweeping Beam"],"picked":"Ball Lightning","floor":1},{"not_picked":["Consume","Turbo"],"picked":"FTL","floor":2},{"not_picked":["Redo","Heatsinks"],"picked":"Reinforced Body","floor":3},{"not_picked":["Barrage","Rebound"],"picked":"Streamline","floor":4},{"not_picked":["Undo","Compile Driver"],"picked":"Defragment","floor":7},{"not_picked":["Skim","Barrage","Aggregate"],"picked":"SKIP","floor":8},{"not_picked":["Double Energy","Rebound"],"picked":"Genetic Algorithm","floor":10},{"not_picked":["Steam","Reprogram"],"picked":"Conserve Battery","floor":11},{"not_picked":["Thunder Strike","Compile Driver"],"picked":"Conserve Battery","floor":13},{"not_picked":["Leap","Cold Snap"],"picked":"Reinforced Body","floor":14},{"not_picked":["Echo Form","Hyperbeam"],"picked":"Biased Cognition","floor":16},{"not_picked":["Turbo","Stack"],"picked":"Hologram","floor":18},{"not_picked":["Rip and Tear","Blizzard","Static Discharge+1"],"picked":"SKIP","floor":20},{"not_picked":["Redo","Static Discharge","Sweeping Beam"],"picked":"SKIP","floor":22},{"not_picked":["Compile Driver","Streamline+1","Rebound"],"picked":"SKIP","floor":25},{"not_picked":["Defragment","Heatsinks"],"picked":"Coolheaded+1","floor":28},{"not_picked":["Compile Driver+1","Double Energy"],"picked":"Hologram","floor":29},{"not_picked":["Turbo","Thunder Strike"],"picked":"Rebound+1","floor":30},{"not_picked":["Go for the Eyes","Hologram"],"picked":"Coolheaded","floor":31},{"not_picked":["Creative AI","Fission"],"picked":"Biased Cognition","floor":33},{"not_picked":["Leap","Redo"],"picked":"Fusion+1","floor":35},{"not_picked":["Steam","Darkness","Hologram"],"picked":"SKIP","floor":37},{"not_picked":["Cold Snap","Redo+1","Lockon"],"picked":"SKIP","floor":38},{"not_picked":["Self Repair","Tempest"],"picked":"Go for the Eyes","floor":41},{"not_picked":["Redo+1","Streamline+1"],"picked":"Go for the Eyes+1","floor":44},{"not_picked":["Reinforced Body","Gash+1","Redo"],"picked":"SKIP","floor":45},{"not_picked":["Sweeping Beam+1","Thunder Strike+1","Go for the Eyes+1"],"picked":"SKIP","floor":46},{"not_picked":["Ball Lightning+1","Reinforced Body","Leap"],"picked":"SKIP","floor":47}],"player_experience":817229,"relics_obtained":[{"floor":8,"key":"Cables"},{"floor":9,"key":"DataDisk"},{"floor":11,"key":"Anchor"},{"floor":14,"key":"Happy Flower"},{"floor":26,"key":"Omamori"},{"floor":28,"key":"Red Mask"},{"floor":41,"key":"Molten Egg 2"},{"floor":43,"key":"StoneCalendar"}],"event_choices":[{"damage_healed":17,"gold_gain":0,"player_choice":"Healed","damage_taken":0,"max_hp_gain":0,"max_hp_loss":0,"event_name":"The Cleric","floor":5,"gold_loss":35},{"damage_healed":0,"gold_gain":0,"player_choice":"Searched \u00271\u0027 times","damage_taken":0,"max_hp_gain":0,"max_hp_loss":0,"event_name":"Dead Adventurer","floor":14,"gold_loss":0},{"damage_healed":0,"gold_gain":180,"player_choice":"GOLD GOLD ","damage_taken":21,"max_hp_gain":0,"max_hp_loss":0,"event_name":"Knowing Skull","floor":21,"potions_obtained":[],"gold_loss":0,"cards_obtained":[]},{"damage_healed":0,"gold_gain":0,"player_choice":"Fought Bandits","damage_taken":0,"max_hp_gain":0,"max_hp_loss":0,"event_name":"Masked Bandits","floor":28,"gold_loss":0},{"damage_healed":0,"gold_gain":0,"player_choice":"Max HP","damage_taken":0,"max_hp_gain":0,"max_hp_loss":4,"event_name":"Winding Halls","floor":36,"gold_loss":0},{"cards_removed":["FTL"],"damage_healed":0,"gold_gain":0,"player_choice":"Removed Attack","damage_taken":0,"max_hp_gain":0,"max_hp_loss":0,"event_name":"Falling","floor":39,"gold_loss":0}],"is_beta":false,"boss_relics":[{"not_picked":["Ectoplasm","Busted Crown"],"picked":"Inserter"},{"not_picked":["Empty Cage","Nuclear Battery"],"picked":"FrozenCore"}],"items_purged_floors":[24],"is_endless":false,"potions_floor_spawned":[1,4,7,8,10,14,22,25,31,33,37,38,41],"ascension_level":20}