{"gold_per_floor":[114,114,133,208,208,233,72,72,72,72,89,99,99,116,116,190,190,203,81,81,98,0,33,33,33,57,57,57],"floor_reached":28,"playtime":1228,"items_purged":["Strike_G"],"score":505,"play_id":"d2c40948-2f08-47de-afe0-f9fb9ed6f002","local_time":"20190807042326","is_ascension_mode":true,"campfire_choices":[{"data":"Well Laid Plans","floor":8,"key":"SMITH"},{"data":"Distraction","floor":10,"key":"SMITH"},{"data":"Neutralize","floor":13,"key":"SMITH"},{"floor":15,"key":"REST"},{"floor":25,"key":"REST"},{"data":"Ghostly","floor":27,"key":"SMITH"}],"neow_cost":"NONE","seed_source_timestamp":355969272877900,"circlet_count":0,"master_deck":["AscendersBane","Strike_G+1","Strike_G+1","Strike_G","Strike_G+1","Defend_G","Defend_G","Defend_G","Defend_G","Defend_G","Survivor+1","Neutralize+1","Distraction+1","Blur","Well Laid Plans+1","Predator+1","Quick Slash+1","Dagger Spray+1","Adrenaline","Predator+1","All Out Attack+1","PiercingWail","Sucker Punch+1","Deadly Poison+1","Riddle With Holes+1","Adrenaline+1","Acrobatics","Die Die Die+1","Ghostly","Ghostly+1","Ghostly+1"],"relics":["Ring of the Snake","NeowsBlessing","WingedGreaves","Molten Egg 2","Orrery","Whetstone","War Paint"],"potions_floor_usage":[14,18,21,23],"damage_taken":[{"damage":0,"enemies":"Small Slimes","floor":1,"turns":1},{"damage":0,"enemies":"Jaw Worm","floor":3,"turns":1},{"damage":0,"enemies":"Gremlin Nob","floor":6,"turns":1},{"damage":0,"enemies":"2 Louse","floor":11,"turns":4},{"damage":3,"enemies":"Large Slime","floor":12,"turns":4},{"damage":0,"enemies":"Looter","floor":14,"turns":2},{"damage":7,"enemies":"The Guardian","floor":16,"turns":17},{"damage":0,"enemies":"Chosen","floor":18,"turns":3},{"damage":19,"enemies":"Spheric Guardian","floor":21,"turns":6},{"damage":36,"enemies":"Book of Stabbing","floor":23,"turns":9},{"damage":0,"enemies":"Centurion and Healer","floor":28,"turns":1}],"seed_played":"1167337520671293839","potions_obtained":[{"floor":1,"key":"Poison Potion"},{"floor":6,"key":"PowerPotion"},{"floor":11,"key":"Block Potion"},{"floor":16,"key":"FearPotion"},{"floor":21,"key":"Explosive Potion"}],"is_trial":false,"path_per_floor":["M","?","M","?","$","E","$","R","T","R","M","M","R","M","R","B",null,"M","$","?","M","?","E","?","R","T","R","M"],"character_chosen":"THE_SILENT","items_purchased":["Well Laid Plans","Riddle With Holes+1","GhostInAJar"],"campfire_rested":2,"item_purchase_floors":[7,19,19],"current_hp_per_floor":[59,39,39,28,28,28,28,28,28,28,28,25,25,25,44,37,59,59,59,59,40,40,4,4,13,13,13,13],"gold":57,"neow_bonus":"THREE_ENEMY_KILL","is_prod":false,"is_daily":false,"chose_seed":false,"campfire_upgraded":4,"win_rate":0,"timestamp":1565119406,"path_taken":["M","?","M","?","$","E","$","R","T","R","M","M","R","M","R","BOSS","M","$","?","M","?","E","?","R","T","R","M"],"build_version":"2019-07-17","purchased_purges":1,"victory":false,"max_hp_per_floor":[66,66,66,66,66,66,66,66,66,66,66,66,66,66,66,66,66,66,66,66,66,66,66,33,33,33,33,33],"card_choices":[{"not_picked":["Endless Agony","Prepared","Deadly Poison"],"picked":"SKIP","floor":1},{"not_picked":["Skewer","Escape Plan"],"picked":"Distraction","floor":3},{"not_picked":["Infinite Blades","Cloak And Dagger"],"picked":"Blur","floor":6},{"not_picked":["Deflect","Outmaneuver"],"picked":"Predator+1","floor":11},{"not_picked":["Infinite Blades","Poisoned Stab+1"],"picked":"Quick Slash+1","floor":12},{"not_picked":["Underhanded Strike+1","Slice+1"],"picked":"Dagger Spray+1","floor":14},{"not_picked":["Night Terror","A Thousand Cuts"],"picked":"Adrenaline","floor":16},{"not_picked":["Accuracy","Acrobatics"],"picked":"Predator+1","floor":17},{"not_picked":["Outmaneuver","Flying Knee+1"],"picked":"All Out Attack+1","floor":17},{"not_picked":["Slice+1","Blade Dance"],"picked":"PiercingWail","floor":17},{"not_picked":["Backflip","Quick Slash+1"],"picked":"Sucker Punch+1","floor":17},{"not_picked":["Poisoned Stab+1","Dodge and Roll"],"picked":"Deadly Poison+1","floor":18},{"not_picked":["Distraction","Underhanded Strike+1"],"picked":"Acrobatics","floor":21},{"not_picked":["Caltrops","All Out Attack+1"],"picked":"Die Die Die+1","floor":23}],"player_experience":608236,"relics_obtained":[{"floor":6,"key":"WingedGreaves"},{"floor":9,"key":"Molten Egg 2"},{"floor":23,"key":"Whetstone"},{"floor":26,"key":"War Paint"}],"event_choices":[{"damage_healed":0,"gold_gain":0,"player_choice":"Entered Light","damage_taken":20,"max_hp_gain":0,"max_hp_loss":0,"event_name":"Shining Light","floor":2,"gold_loss":0,"cards_upgraded":["Survivor","Strike_G"]},{"damage_healed":0,"gold_gain":75,"player_choice":"Gather Gold","damage_taken":11,"max_hp_gain":0,"max_hp_loss":0,"event_name":"World of Goop","floor":4,"gold_loss":0},{"damage_healed":0,"gold_gain":0,"player_choice":"Read","damage_taken":0,"max_hp_gain":0,"max_hp_loss":0,"event_name":"The Library","floor":20,"gold_loss":0,"cards_obtained":["Adrenaline"]},{"damage_healed":0,"gold_gain":0,"player_choice":"Paid Fearfully","damage_taken":0,"max_hp_gain":0,"max_hp_loss":0,"event_name":"Masked Bandits","floor":22,"gold_loss":98},{"damage_healed":0,"gold_gain":0,"player_choice":"Became a Ghost","damage_taken":0,"max_hp_gain":0,"max_hp_loss":33,"event_name":"Ghosts","floor":24,"gold_loss":0,"cards_obtained":["Ghostly","Ghostly","Ghostly"]}],"is_beta":false,"boss_relics":[{"not_picked":["Empty Cage","Lizard Tail"],"picked":"Orrery"}],"items_purged_floors":[7],"is_endless":false,"potions_floor_spawned":[1,6,11,16,21],"killed_by":"Centurion and Healer","ascension_level":19}