{"path_per_floor":["M","M","M","?","M","R","M","R","T","?","$","E","R","M","R","B",null,"M","?","M","M","M","E","R","E","T","M","R","M","E","M","R","B",null,"M","?","M","M","$","E","M","M","T","R","E","M","M","?","R","B"],"character_chosen":"IRONCLAD","items_purchased":["Limit Break","Toolbox","Exhume","Flash of Steel"],"gold_per_floor":[114,129,144,144,159,159,174,174,174,231,86,116,116,131,131,231,231,246,171,186,201,216,246,246,276,276,291,291,306,336,351,351,451,451,466,466,481,496,52,82,97,112,187,187,217,232,247,0,0,0],"floor_reached":51,"campfire_rested":3,"playtime":2061,"current_hp_per_floor":[80,77,80,85,79,79,74,74,74,70,70,60,60,64,64,70,85,78,78,80,84,85,61,61,24,24,27,52,55,54,58,83,84,85,85,85,88,70,70,52,57,66,66,94,94,94,94,94,94,76],"items_purged":["Strike_R"],"gold":0,"score":900,"play_id":"464c4952-0448-48d3-9628-17bbf49c56ff","local_time":"20180502045640","daily_mods":["Diverse","Time Dilation","Lethality"],"is_prod":false,"is_daily":true,"chose_seed":false,"is_ascension_mode":false,"campfire_upgraded":6,"timestamp":1525204600,"path_taken":["M","M","M","?","M","R","M","R","T","?","?","E","R","M","R","BOSS","M","?","M","M","M","E","R","E","T","M","R","M","E","M","R","BOSS","M","?","M","?","$","E","M","M","T","R","E","M","M","?","R","BOSS"],"build_version":"2018-04-26","seed_source_timestamp":0,"purchased_purges":1,"victory":true,"master_deck":["Strike_R","Strike_R","Strike_R","Defend_R","Defend_R","Defend_R","Defend_R","Bash","Cleave","Shockwave","Hemokinesis+1","Clothesline","Armaments+1","Infernal Blade+1","Limit Break+1","Burning Pact+1","Flex+1","Immolate+1","Hemokinesis+1","Shrug It Off+1","Bloodletting+1","Disarm+1","Shrug It Off+1","Pummel+1","Pummel+1","Reckless Charge","Heavy Blade+1","Feed","Pummel","Reaper","Second Wind+1","Fire Breathing+1","Exhume+1","Flash of Steel","Corruption+1","Battle Trance+1","Shockwave+1","Cleave","Headbutt+1","Dark Embrace+1"],"max_hp_per_floor":[80,80,80,85,85,85,85,85,85,85,85,85,85,85,85,85,85,85,85,85,85,85,85,85,85,85,85,85,85,85,85,85,85,85,88,88,88,88,88,91,91,94,94,94,94,94,94,94,94,94],"relics":["Burning Blood","Mummified Hand","Prayer Wheel","Toxic Egg 2","Black Star","Lantern","Orichalcum","Bag of Preparation","Pen Nib","Self Forming Clay","The Courier","Bottled Flame","Sozu","Toolbox","Bronze Scales","Vajra","Bottled Tornado","Blood Vial","Ancient Tea Set","Red Mask"],"card_choices":[{"not_picked":["Armaments","Ghostly Armor"],"picked":"Cleave","floor":1},{"not_picked":["Warcry","Rampage"],"picked":"Shockwave","floor":2},{"not_picked":["Body Slam","Metallicize"],"picked":"Hemokinesis","floor":3},{"not_picked":["Wild Strike","Metallicize"],"picked":"Clothesline","floor":5},{"not_picked":["Wild Strike","Headbutt"],"picked":"Armaments","floor":7},{"not_picked":["Wild Strike","Iron Wave"],"picked":"Infernal Blade","floor":10},{"not_picked":["Thunderclap","Armaments"],"picked":"Burning Pact","floor":12},{"not_picked":["Shrug It Off","Entrench"],"picked":"Flex","floor":14},{"not_picked":["Berserk","Juggernaut"],"picked":"Immolate","floor":16},{"not_picked":["Flex","Sentinel"],"picked":"Hemokinesis","floor":18},{"not_picked":["Entrench","Perfected Strike"],"picked":"Shrug It Off","floor":20},{"not_picked":["Anger","Pommel Strike"],"picked":"Bloodletting","floor":21},{"not_picked":["Headbutt","Cleave"],"picked":"Disarm","floor":22},{"not_picked":["Flex","Armaments"],"picked":"Shrug It Off","floor":23},{"not_picked":["Intimidate","Sword Boomerang"],"picked":"Pummel","floor":25},{"not_picked":["Havoc","Burning Pact"],"picked":"Pummel","floor":26},{"not_picked":["Flame Barrier","Body Slam"],"picked":"Reckless Charge","floor":27},{"not_picked":["Armaments","Flex"],"picked":"Heavy Blade","floor":29},{"not_picked":["Warcry","Clash"],"picked":"Feed","floor":30},{"not_picked":["Perfected Strike","Wild Strike"],"picked":"Pummel","floor":31},{"not_picked":["Feed","Berserk"],"picked":"Reaper","floor":33},{"not_picked":["Sever Soul","Cleave"],"picked":"Flex","floor":35},{"not_picked":["Fire Breathing","Heavy Blade"],"picked":"Second Wind","floor":37},{"not_picked":["Clash","Armaments"],"picked":"Fire Breathing","floor":38},{"not_picked":["Reckless Charge","Pommel Strike"],"picked":"Corruption","floor":40},{"not_picked":["Shrug It Off","Reckless Charge"],"picked":"Battle Trance","floor":41},{"not_picked":["Sword Boomerang","Perfected Strike"],"picked":"Shockwave","floor":42},{"not_picked":["Wild Strike","Clash"],"picked":"Cleave","floor":43},{"not_picked":["Uppercut","Iron Wave"],"picked":"Headbutt","floor":45},{"not_picked":["Anger","Iron Wave"],"picked":"Dark Embrace","floor":47}],"player_experience":489456,"potions_floor_usage":[12,18,22,23,23,25,27],"damage_taken":[{"damage":0,"enemies":"2 Louse","floor":1,"turns":2},{"damage":9,"enemies":"Jaw Worm","floor":2,"turns":2},{"damage":0,"enemies":"Small Slimes","floor":3,"turns":2},{"damage":12,"enemies":"Exordium Wildlife","floor":5,"turns":2},{"damage":11,"enemies":"Blue Slaver","floor":7,"turns":2},{"damage":10,"enemies":"3 Sentries","floor":10,"turns":4},{"damage":16,"enemies":"Gremlin Nob","floor":12,"turns":4},{"damage":2,"enemies":"Large Slime","floor":14,"turns":3},{"damage":0,"enemies":"Slime Boss","floor":16,"turns":5},{"damage":13,"enemies":"2 Thieves","floor":18,"turns":2},{"damage":4,"enemies":"Spheric Guardian","floor":20,"turns":2},{"damage":2,"enemies":"Centurion and Healer","floor":21,"turns":3},{"damage":4,"enemies":"Snake Plant","floor":22,"turns":2},{"damage":30,"enemies":"Book of Stabbing","floor":23,"turns":4},{"damage":43,"enemies":"Slavers","floor":25,"turns":4},{"damage":3,"enemies":"Slaver and Parasite","floor":27,"turns":3},{"damage":3,"enemies":"Sentry and Sphere","floor":29,"turns":3},{"damage":7,"enemies":"Book of Stabbing","floor":30,"turns":4},{"damage":2,"enemies":"Cultist and Chosen","floor":31,"turns":1},{"damage":5,"enemies":"Champ","floor":33,"turns":6},{"damage":9,"enemies":"Orb Walker","floor":35,"turns":2},{"damage":0,"enemies":"3 Darklings","floor":37,"turns":1},{"damage":24,"enemies":"Maw","floor":38,"turns":5},{"damage":28,"enemies":"Nemesis","floor":40,"turns":5},{"damage":2,"enemies":"Sphere and 2 Shapes","floor":41,"turns":1},{"damage":0,"enemies":"4 Shapes","floor":42,"turns":1},{"damage":0,"enemies":"2 Orb Walkers","floor":45,"turns":1},{"damage":0,"enemies":"3 Darklings","floor":46,"turns":1},{"damage":0,"enemies":"Sphere and 2 Shapes","floor":47,"turns":1},{"damage":42,"enemies":"Awakened One","floor":50,"turns":5}],"event_choices":[{"event_name":"Big Fish","player_choice":"Donut","floor":4,"damage_taken":0},{"event_name":"Dead Adventurer","player_choice":"Searched \u00272\u0027 times","floor":10,"damage_taken":0},{"event_name":"Beggar","player_choice":"Gave Gold","floor":19,"damage_taken":0},{"event_name":"Tomb of Lord Red Mask","player_choice":"Paid","floor":48,"damage_taken":0}],"boss_relics":[{"not_picked":["Lizard Tail","Ectoplasm"],"picked":"Black Star"},{"not_picked":["Snecko Eye","Astrolabe"],"picked":"Sozu"}],"potions_floor_spawned":[3,7,10,12,14,21,22,25,33,37,45,46,47],"seed_played":"5608395613026536580","ascension_level":0,"is_trial":false}