{"gold_per_floor":[119,119,44,44,44,44,60,135,184,213,3,17,28,44,44,148,148,163,63,74,74,84,84,84,101,101,101,101,133,133,26,26,123,123,141,1140,1140,363,378,378,228,228],"floor_reached":42,"playtime":3186,"items_purged":["Strike_G","Regret","Normality","Normality"],"score":571,"play_id":"84191fb8-075d-4a98-9ebf-92b11d9974ca","local_time":"20190707223529","is_ascension_mode":true,"campfire_choices":[{"data":"Neutralize","floor":6,"key":"SMITH"},{"data":"Apotheosis","floor":15,"key":"SMITH"},{"floor":23,"key":"REST"},{"data":"Burst","floor":28,"key":"SMITH"},{"floor":30,"key":"REST"},{"data":"Footwork","floor":32,"key":"SMITH"},{"floor":40,"key":"REST"}],"neow_cost":"NONE","seed_source_timestamp":555036711010800,"circlet_count":0,"master_deck":["Strike_G+1","Strike_G+1","Strike_G+1","Defend_G+1","Defend_G+1","Defend_G+1","Defend_G+1","Defend_G+1","Survivor","Neutralize+1","Well Laid Plans","Footwork+1","Sucker Punch","Apotheosis+1","Deadly Poison","Caltrops","Crippling Poison","Acrobatics","Burst+1","Leg Sweep","Backflip","Footwork","Catalyst","Storm of Steel","Calculated Gamble+1","Acrobatics+1","Noxious Fumes","Panacea"],"relics":["Ring of the Snake","NeowsBlessing","Oddly Smooth Stone","Bag of Marbles","Lantern","Busted Crown","CultistMask","Singing Bowl","Dodecahedron","Orrery","Torii","ClockworkSouvenir"],"potions_floor_usage":[16,25,27,33,39,42,42],"damage_taken":[{"damage":0,"enemies":"Jaw Worm","floor":1,"turns":1},{"damage":0,"enemies":"2 Louse","floor":7,"turns":1},{"damage":3,"enemies":"3 Sentries","floor":10,"turns":2},{"damage":2,"enemies":"Cultist","floor":12,"turns":4},{"damage":5,"enemies":"Blue Slaver","floor":13,"turns":4},{"damage":3,"enemies":"Large Slime","floor":14,"turns":6},{"damage":12,"enemies":"Hexaghost","floor":16,"turns":9},{"damage":1,"enemies":"Shell Parasite","floor":18,"turns":6},{"damage":10,"enemies":"3 Byrds","floor":20,"turns":4},{"damage":2,"enemies":"3 Cultists","floor":22,"turns":6},{"damage":13,"enemies":"Cultist and Chosen","floor":25,"turns":7},{"damage":0,"enemies":"Colosseum Slavers","floor":27,"turns":4},{"damage":24,"enemies":"Gremlin Leader","floor":29,"turns":8},{"damage":2,"enemies":"Automaton","floor":33,"turns":12},{"damage":5,"enemies":"Orb Walker","floor":35,"turns":7},{"damage":42,"enemies":"3 Darklings","floor":39,"turns":6},{"damage":61,"enemies":"Transient","floor":42,"turns":5}],"seed_played":"2211406803676420581","potions_obtained":[{"floor":10,"key":"SteroidPotion"},{"floor":13,"key":"SpeedPotion"},{"floor":14,"key":"SteroidPotion"},{"floor":16,"key":"Energy Potion"},{"floor":18,"key":"Swift Potion"},{"floor":29,"key":"Dexterity Potion"},{"floor":33,"key":"EssenceOfSteel"},{"floor":35,"key":"EssenceOfSteel"}],"is_trial":false,"path_per_floor":["M","?","$","?","$","R","M","?","T","E","$","M","M","M","R","B",null,"M","$","M","?","M","R","?","M","T","?","R","E","R","$","R","B",null,"M","?","?","$","M","R","$","M"],"character_chosen":"THE_SILENT","items_purchased":["Apotheosis","Deadly Poison","Footwork","Catalyst","Noxious Fumes","Torii","ClockworkSouvenir","Panacea"],"campfire_rested":3,"item_purchase_floors":[11,11,31,31,38,38,38,38],"current_hp_per_floor":[70,63,63,63,63,63,63,52,52,49,49,47,42,39,39,27,59,58,58,48,48,46,67,67,54,54,54,54,30,51,51,51,49,71,68,68,68,68,26,48,48,0],"gold":228,"neow_bonus":"THREE_ENEMY_KILL","is_prod":false,"is_daily":false,"chose_seed":false,"campfire_upgraded":4,"win_rate":0,"timestamp":1562506529,"path_taken":["M","?","$","?","?","R","?","?","T","E","$","M","M","M","R","BOSS","M","$","M","?","M","R","?","?","T","?","R","E","R","?","R","BOSS","M","?","?","$","M","R","$","M"],"build_version":"2019-07-05","purchased_purges":4,"victory":false,"max_hp_per_floor":[70,70,70,70,70,70,70,70,70,70,70,70,70,70,70,70,70,70,70,70,70,70,70,70,70,70,70,70,70,70,70,70,70,76,78,78,74,74,74,74,74,74],"card_choices":[{"not_picked":["PiercingWail","Backflip"],"picked":"Well Laid Plans","floor":1},{"not_picked":["Deflect","Outmaneuver"],"picked":"Footwork","floor":7},{"not_picked":["Distraction","Concentrate"],"picked":"Sucker Punch","floor":10},{"not_picked":["Dagger Throw","Flying Knee"],"picked":"Caltrops","floor":12},{"not_picked":["Dodge and Roll","Distraction"],"picked":"Crippling Poison","floor":13},{"not_picked":["Endless Agony","Deadly Poison"],"picked":"Acrobatics","floor":14},{"not_picked":["Tools of the Trade","A Thousand Cuts"],"picked":"Burst","floor":16},{"not_picked":["Cloak And Dagger"],"picked":"SKIP","floor":18},{"not_picked":["Prepared"],"picked":"SKIP","floor":20},{"not_picked":[],"picked":"Leg Sweep","floor":22},{"not_picked":["Cloak And Dagger"],"picked":"SKIP","floor":25},{"not_picked":[],"picked":"Backflip","floor":29},{"not_picked":[],"picked":"Storm of Steel","floor":33},{"not_picked":["Slice"],"picked":"Singing Bowl","floor":34},{"not_picked":["Flying Knee+1"],"picked":"Singing Bowl","floor":34},{"not_picked":[],"picked":"Calculated Gamble+1","floor":34},{"not_picked":[],"picked":"Acrobatics+1","floor":34},{"not_picked":["Dodge and Roll+1"],"picked":"Singing Bowl","floor":34},{"not_picked":["Outmaneuver+1"],"picked":"Singing Bowl","floor":35},{"not_picked":["Acrobatics+1"],"picked":"SKIP","floor":39}],"player_experience":298034,"relics_obtained":[{"floor":9,"key":"Bag of Marbles"},{"floor":10,"key":"Lantern"},{"floor":26,"key":"Singing Bowl"},{"floor":29,"key":"Dodecahedron"}],"event_choices":[{"cards_removed":["Strike_G"],"damage_healed":0,"gold_gain":0,"player_choice":"Card Removal","damage_taken":7,"max_hp_gain":0,"max_hp_loss":0,"event_name":"Golden Wing","floor":2,"gold_loss":0},{"damage_healed":0,"gold_gain":0,"player_choice":"Box","damage_taken":0,"relics_obtained":["Oddly Smooth Stone"],"max_hp_gain":0,"max_hp_loss":0,"event_name":"Big Fish","floor":4,"gold_loss":0,"cards_obtained":["Regret"]},{"damage_healed":0,"gold_gain":75,"player_choice":"Gather Gold","damage_taken":11,"max_hp_gain":0,"max_hp_loss":0,"event_name":"World of Goop","floor":8,"gold_loss":0},{"damage_healed":0,"gold_gain":0,"player_choice":"Simplicity","damage_taken":0,"max_hp_gain":0,"max_hp_loss":0,"event_name":"Back to Basics","floor":21,"gold_loss":0,"cards_upgraded":["Strike_G","Strike_G","Strike_G","Defend_G","Defend_G","Defend_G","Defend_G","Defend_G"]},{"damage_healed":0,"gold_gain":0,"player_choice":"Trade","damage_taken":0,"relics_obtained":["CultistMask"],"max_hp_gain":0,"max_hp_loss":0,"event_name":"FaceTrader","floor":24,"gold_loss":0},{"damage_healed":0,"gold_gain":0,"player_choice":"Fight","damage_taken":0,"max_hp_gain":0,"max_hp_loss":0,"event_name":"Colosseum","floor":27,"gold_loss":0},{"damage_healed":0,"gold_gain":0,"player_choice":"Fled From Nobs","damage_taken":0,"max_hp_gain":0,"max_hp_loss":0,"event_name":"Colosseum","floor":27,"gold_loss":0},{"damage_healed":0,"gold_gain":999,"player_choice":"Gold","damage_taken":0,"max_hp_gain":0,"max_hp_loss":0,"event_name":"MindBloom","floor":36,"gold_loss":0,"cards_obtained":["Normality","Normality"]},{"damage_healed":0,"gold_gain":0,"player_choice":"Max HP","damage_taken":0,"max_hp_gain":0,"max_hp_loss":4,"event_name":"Winding Halls","floor":37,"gold_loss":0}],"is_beta":false,"boss_relics":[{"not_picked":["Velvet Choker","Runic Pyramid"],"picked":"Busted Crown"},{"not_picked":["Fusion Hammer","Pandora\u0027s Box"],"picked":"Orrery"}],"items_purged_floors":[3,19,38,41],"is_endless":false,"potions_floor_spawned":[10,13,14,16,18,27,29,33,35],"killed_by":"Transient","ascension_level":5}