{"gold_per_floor":[117,117,127,142,142,142,171,171,196,207,226,226,241,270,270,367,367,377,377,377,404,404,404,416,435,435,534,149,149,149,165,165,267,267,285,285,92,92,105,105,117,117,141,160,160,160,35,50,50,50],"floor_reached":51,"playtime":1492,"items_purged":["Strike_B+1","Strike_B+1","Defend_B+1"],"score":983,"play_id":"dd9be27e-c581-4ee1-a60d-c4869c82e989","local_time":"20190819002313","is_ascension_mode":true,"campfire_choices":[{"data":"Dualcast","floor":6,"key":"SMITH"},{"floor":8,"key":"REST"},{"data":"Chill","floor":12,"key":"SMITH"},{"data":"Hello World","floor":15,"key":"SMITH"},{"data":"Buffer","floor":23,"key":"SMITH"},{"data":"Ball Lightning","floor":30,"key":"SMITH"},{"data":"Rebound","floor":32,"key":"SMITH"},{"data":"Meteor Strike","floor":40,"key":"SMITH"},{"data":"Conserve Battery","floor":42,"key":"SMITH"},{"data":"Ball Lightning","floor":46,"key":"SMITH"},{"data":"Meteor Strike","floor":49,"key":"SMITH"}],"neow_cost":"TEN_PERCENT_HP_LOSS","seed_source_timestamp":6484032909270,"circlet_count":0,"master_deck":["AscendersBane","Strike_B+1","Strike_B+1","Defend_B+1","Defend_B+1","Defend_B+1","Zap+1","Dualcast+1","Ball Lightning+1","Chill+1","Conserve Battery+1","Cold Snap","Compile Driver","Ball Lightning+1","Hello World+1","Cold Snap","Buffer+1","Conserve Battery+1","Auto Shields+1","Rebound+1","Meteor Strike+1","Compile Driver","Compile Driver","FTL","Beam Cell+1","Steam+1","Ball Lightning","Meteor Strike+1"],"special_seed":0,"relics":["Cracked Core","Mango","Regal Pillow","Potion Belt","Strawberry","DataDisk","Coffee Dripper","Enchiridion","Anchor","Ornamental Fan","Peace Pipe","Runic Dome","Art of War"],"potions_floor_usage":[7,33,50,50,50,50],"damage_taken":[{"damage":1.0,"enemies":"2 Louse","floor":1.0,"turns":2.0},{"damage":0.0,"enemies":"Cultist","floor":3.0,"turns":3.0},{"damage":4.0,"enemies":"Small Slimes","floor":4.0,"turns":4.0},{"damage":37,"enemies":"Gremlin Nob","floor":7,"turns":4},{"damage":2,"enemies":"Exordium Wildlife","floor":10,"turns":4},{"damage":1,"enemies":"Blue Slaver","floor":11,"turns":3},{"damage":1,"enemies":"2 Fungi Beasts","floor":13,"turns":3},{"damage":20,"enemies":"Lagavulin","floor":14,"turns":6},{"damage":24,"enemies":"Slime Boss","floor":16,"turns":7},{"damage":0,"enemies":"3 Byrds","floor":18,"turns":5},{"damage":0,"enemies":"Spheric Guardian","floor":24,"turns":4},{"damage":8,"enemies":"Snake Plant","floor":25,"turns":4},{"damage":0,"enemies":"Snecko","floor":31,"turns":4},{"damage":12,"enemies":"Automaton","floor":33,"turns":11},{"damage":0,"enemies":"Orb Walker","floor":35,"turns":4},{"damage":8,"enemies":"3 Shapes","floor":39,"turns":5},{"damage":0,"enemies":"3 Darklings","floor":41,"turns":5},{"damage":0,"enemies":"Sphere and 2 Shapes","floor":44,"turns":5},{"damage":0,"enemies":"Jaw Worm Horde","floor":48,"turns":4},{"damage":3,"enemies":"Awakened One","floor":50,"turns":13}],"seed_played":"-725398680900560103","potions_obtained":[{"floor":1.0,"key":"PowerPotion"},{"floor":4.0,"key":"FearPotion"},{"floor":10,"key":"LiquidBronze"},{"floor":16,"key":"FocusPotion"},{"floor":24,"key":"Block Potion"},{"floor":25,"key":"FocusPotion"},{"floor":33,"key":"GamblersBrew"},{"floor":39,"key":"Block Potion"},{"floor":41,"key":"Swift Potion"},{"floor":48,"key":"FocusPotion"}],"is_trial":false,"path_per_floor":["M","?","M","M","?","R","E","R","T","M","M","R","M","E","R","B",null,"M","?","?","T","?","R","M","M","T","?","$","?","R","M","R","B",null,"M","?","$","?","M","R","M","R","T","M","?","R","$","M","R","B",null],"character_chosen":"DEFECT","items_purchased":["Peace Pipe","Compile Driver","FTL"],"campfire_rested":1,"item_purchase_floors":[28,37,37],"current_hp_per_floor":[81,81,81,77,77,77,40,79,86,84,83,83,82,62,62,38,76,76,60,60,60,89,89,89,81,81,81,81,64,64,64,64,52,84,84,84,84,84,76,76,76,76,76,76,76,76,76,76,76,73],"gold":50,"neow_bonus":"ONE_RARE_RELIC","is_prod":false,"is_daily":false,"chose_seed":false,"campfire_upgraded":10,"win_rate":0,"timestamp":1566195793,"path_taken":["M","?","?","M","?","R","E","R","T","M","M","R","?","E","R","BOSS","M","?","?","?","?","R","M","?","T","?","$","?","R","M","R","BOSS","M","?","$","?","M","R","?","R","T","M","?","R","$","M","R","BOSS"],"build_version":"2019-07-17","purchased_purges":3,"victory":true,"max_hp_per_floor":[82,82,82,82,82,82,82,82,89,89,89,89,89,89,89,89,89,89,89,89,89,89,89,89,89,89,89,89,94,94,94,94,94,94,94,94,94,89,89,89,89,89,89,89,89,89,89,89,89,89],"card_choices":[{"not_picked":["Melter","Conserve Battery"],"picked":"Ball Lightning","floor":1.0},{"not_picked":["Skim","Compile Driver"],"picked":"Chill","floor":3.0},{"not_picked":["Beam Cell","Compile Driver"],"picked":"Conserve Battery","floor":4.0},{"not_picked":["Rebound","Hologram"],"picked":"Cold Snap","floor":7},{"not_picked":["Storm","Go for the Eyes"],"picked":"Compile Driver","floor":10},{"not_picked":["Cold Snap","Tempest"],"picked":"Ball Lightning","floor":11},{"not_picked":["Loop","Skim"],"picked":"Hello World","floor":13},{"not_picked":["Amplify","Turbo"],"picked":"Cold Snap","floor":14},{"not_picked":["Machine Learning","Meteor Strike"],"picked":"Buffer","floor":16},{"not_picked":["Beam Cell","Consume"],"picked":"Conserve Battery+1","floor":18},{"not_picked":["Turbo","Skim","Barrage+1"],"picked":"SKIP","floor":24},{"not_picked":["BootSequence","Redo+1"],"picked":"Auto Shields+1","floor":25},{"not_picked":["Steam+1","Genetic Algorithm"],"picked":"Rebound","floor":31},{"not_picked":["Reboot","Fission"],"picked":"Meteor Strike","floor":33},{"not_picked":["Lockon","Redo"],"picked":"Compile Driver","floor":35},{"not_picked":["Ball Lightning","Streamline+1"],"picked":"Beam Cell+1","floor":39},{"not_picked":["Streamline","Stack"],"picked":"Steam+1","floor":41},{"not_picked":["Scrape","Auto Shields"],"picked":"Ball Lightning","floor":44},{"not_picked":["Aggregate","Melter+1"],"picked":"Meteor Strike","floor":48}],"player_experience":1685492,"relics_obtained":[{"floor":7,"key":"Potion Belt"},{"floor":9,"key":"Strawberry"},{"floor":14,"key":"DataDisk"},{"floor":19,"key":"Enchiridion"},{"floor":21,"key":"Anchor"},{"floor":26,"key":"Ornamental Fan"},{"floor":43,"key":"Art of War"}],"event_choices":[{"damage_healed":0.0,"max_hp_gain":0.0,"max_hp_loss":0.0,"gold_gain":0.0,"event_name":"WeMeetAgain","player_choice":"Gave Potion","floor":2.0,"gold_loss":0.0,"damage_taken":0.0,"relics_obtained":["Regal Pillow"]},{"damage_healed":0.0,"max_hp_gain":0.0,"max_hp_loss":0.0,"gold_gain":0.0,"event_name":"Accursed Blacksmith","player_choice":"Forge","floor":5.0,"gold_loss":0.0,"damage_taken":0.0,"cards_upgraded":["Zap"]},{"damage_healed":0,"gold_gain":0,"player_choice":"Obtained Book","damage_taken":16,"max_hp_gain":0,"max_hp_loss":0,"event_name":"Cursed Tome","floor":19,"gold_loss":0},{"damage_healed":0,"gold_gain":0,"player_choice":"Simplicity","damage_taken":0,"max_hp_gain":0,"max_hp_loss":0,"event_name":"Back to Basics","floor":20,"gold_loss":0,"cards_upgraded":["Strike_B","Strike_B","Strike_B","Strike_B","Defend_B","Defend_B","Defend_B","Defend_B"]},{"damage_healed":29,"gold_gain":0,"player_choice":"Heal","damage_taken":0,"max_hp_gain":0,"max_hp_loss":0,"event_name":"The Library","floor":22,"gold_loss":0},{"damage_healed":0,"gold_gain":99,"player_choice":"Stole From Cult","damage_taken":0,"max_hp_gain":0,"max_hp_loss":0,"event_name":"Nest","floor":27,"gold_loss":0},{"damage_healed":0,"gold_gain":0,"player_choice":"Shed Blood","damage_taken":22,"max_hp_gain":5,"max_hp_loss":0,"event_name":"Forgotten Altar","floor":29,"gold_loss":0},{"damage_healed":0,"gold_gain":0,"player_choice":"Ignored","damage_taken":0,"max_hp_gain":0,"max_hp_loss":0,"event_name":"Mysterious Sphere","floor":36,"gold_loss":0},{"damage_healed":0,"gold_gain":0,"player_choice":"Max HP","damage_taken":0,"max_hp_gain":0,"max_hp_loss":5,"event_name":"Winding Halls","floor":38,"gold_loss":0},{"damage_healed":0,"gold_gain":0,"player_choice":"Ignored","damage_taken":0,"max_hp_gain":0,"max_hp_loss":0,"event_name":"Tomb of Lord Red Mask","floor":45,"gold_loss":0}],"is_beta":false,"boss_relics":[{"not_picked":["Inserter","Black Star"],"picked":"Coffee Dripper"},{"not_picked":["Velvet Choker","Nuclear Battery"],"picked":"Runic Dome"}],"items_purged_floors":[28,37,47],"is_endless":false,"potions_floor_spawned":[1,4,10,16,24,25,33,39,41,48],"ascension_level":10}