{"gold_per_floor":[112,112,69,144,144,172,172,198,198,223,237,34,34,48,48,125,125,144,144,160,92,104,104,104,404,428,428,428,7,27,37,37,108,108,124,124,124,0,100,100,118,118,118,118,133,133,150,150,150,150],"floor_reached":50,"playtime":2714,"items_purged":["Strike_B"],"score":1033,"play_id":"de6ff602-622b-4d7f-8749-5fec4e219506","local_time":"20190824024746","is_ascension_mode":true,"campfire_choices":[{"data":"Zap","floor":7,"key":"SMITH"},{"data":"Ball Lightning","floor":15,"key":"SMITH"},{"data":"Seek","floor":23,"key":"SMITH"},{"floor":24,"key":"DIG"},{"floor":25,"key":"DIG"},{"floor":27,"key":"DIG"},{"floor":32,"key":"DIG"},{"floor":40,"key":"DIG"},{"floor":42,"key":"DIG"},{"floor":46,"key":"DIG"},{"floor":49,"key":"DIG"}],"neow_cost":"NONE","seed_source_timestamp":243801113355500,"circlet_count":0,"master_deck":["AscendersBane","Defend_B","Defend_B","Defend_B","Defend_B","Zap+1","Dualcast","Conserve Battery+1","Genetic Algorithm","Steam","Reinforced Body","Ball Lightning","Genetic Algorithm","Ball Lightning+1","Self Repair","Redo","Electrodynamics","Leap","Seek+1","Biased Cognition","Steam+1","Conserve Battery","Hologram","Tempest","Leap+1","Core Surge","Tempest+1","Self Repair+1","Skim+1","Shame","Secret Weapon","Hologram","Conserve Battery+1","Glacier"],"relics":["Cracked Core","NeowsBlessing","Turnip","WingedGreaves","Shovel","The Courier","Orichalcum","Cursed Key","Prayer Wheel","Old Coin","Ancient Tea Set","Art of War","Membership Card","Juzu Bracelet","DataDisk","Potion Belt","PreservedInsect","Nuclear Battery","Red Mask","Ginger","Smiling Mask","Pantograph","Pear","Kunai","Ornamental Fan"],"potions_floor_usage":[10,11,33,33,50,50,50,50],"damage_taken":[{"damage":0,"enemies":"Small Slimes","floor":1,"turns":1},{"damage":0,"enemies":"Lagavulin","floor":6,"turns":1},{"damage":0,"enemies":"Gremlin Nob","floor":8,"turns":1},{"damage":31,"enemies":"Lagavulin","floor":10,"turns":8},{"damage":3,"enemies":"2 Louse","floor":11,"turns":4},{"damage":1,"enemies":"Cultist","floor":14,"turns":4},{"damage":25,"enemies":"Slime Boss","floor":16,"turns":10},{"damage":26,"enemies":"Shell Parasite","floor":18,"turns":7},{"damage":15,"enemies":"2 Thieves","floor":20,"turns":3},{"damage":8,"enemies":"Sentry and Sphere","floor":22,"turns":6},{"damage":10,"enemies":"Snake Plant","floor":30,"turns":4},{"damage":3,"enemies":"Centurion and Healer","floor":31,"turns":5},{"damage":20,"enemies":"Automaton","floor":33,"turns":10},{"damage":0,"enemies":"3 Shapes","floor":35,"turns":2},{"damage":1,"enemies":"Mind Bloom Boss Battle","floor":39,"turns":7},{"damage":0,"enemies":"3 Darklings","floor":41,"turns":1},{"damage":0,"enemies":"Sphere and 2 Shapes","floor":45,"turns":3},{"damage":0,"enemies":"Spire Growth","floor":47,"turns":4},{"damage":98,"enemies":"Awakened One","floor":50,"turns":21}],"seed_played":"7526871236959810388","potions_obtained":[{"floor":6,"key":"Weak Potion"},{"floor":11,"key":"Fruit Juice"},{"floor":22,"key":"AttackPotion"},{"floor":33,"key":"SpeedPotion"},{"floor":45,"key":"FearPotion"},{"floor":47,"key":"SteroidPotion"}],"is_trial":false,"path_per_floor":["M","?","$","?","?","E","R","E","T","E","M","$","?","M","R","B",null,"M","?","M","$","M","R","R","R","T","R","?","$","M","M","R","B",null,"M","?","?","?","?","R","M","R","T","?","M","R","M","?","R","B"],"character_chosen":"DEFECT","items_purchased":["Self Repair","Genetic Algorithm","Ball Lightning","Self Repair","Conserve Battery","Swift Potion","Membership Card","Juzu Bracelet","DataDisk","Potion Belt","FocusPotion","Hologram"],"campfire_rested":0,"item_purchase_floors":[3,12,12,12,21,21,29,29,29,29,29,29],"current_hp_per_floor":[64,57,57,46,46,53,53,53,53,29,38,38,38,51,51,40,67,55,55,40,40,46,46,46,46,46,46,46,46,50,61,61,55,71,71,71,71,71,76,76,76,76,86,76,86,86,86,86,86,0],"gold":150,"neow_bonus":"THREE_ENEMY_KILL","is_prod":false,"is_daily":false,"chose_seed":false,"campfire_upgraded":3,"win_rate":0,"timestamp":1566582466,"path_taken":["M","?","$","?","?","E","R","E","T","E","?","$","?","M","R","BOSS","M","?","M","$","M","R","R","R","T","R","?","$","M","M","R","BOSS","M","?","?","?","?","R","M","R","T","?","M","R","M","?","R","BOSS"],"build_version":"2019-07-17","purchased_purges":1,"victory":false,"max_hp_per_floor":[71,71,71,71,71,71,71,71,71,71,76,76,76,76,76,76,76,76,76,76,76,76,76,76,76,76,76,76,76,76,76,76,76,76,76,76,76,76,76,76,76,76,86,86,86,86,86,86,86,86],"card_choices":[{"not_picked":["Skim","Compile Driver"],"picked":"Conserve Battery","floor":1},{"not_picked":["Rebound","Turbo"],"picked":"Genetic Algorithm","floor":6},{"not_picked":["Barrage","Cold Snap"],"picked":"Steam","floor":8},{"not_picked":["Storm","White Noise"],"picked":"Reinforced Body","floor":10},{"not_picked":["Sweeping Beam","Hologram"],"picked":"Ball Lightning","floor":11},{"not_picked":["Cold Snap","Barrage"],"picked":"Redo","floor":14},{"not_picked":["Multi-Cast","Thunder Strike"],"picked":"Electrodynamics","floor":16},{"not_picked":["Sweeping Beam","Double Energy"],"picked":"Leap","floor":18},{"not_picked":["Steam Power","Darkness"],"picked":"Steam+1","floor":20},{"not_picked":["Conserve Battery","Beam Cell","Stack"],"picked":"SKIP","floor":22},{"not_picked":["Scrape","Redo"],"picked":"Tempest","floor":30},{"not_picked":["Redo","Hyperbeam","Recycle"],"picked":"SKIP","floor":30},{"not_picked":["Sweeping Beam","Hologram"],"picked":"Leap+1","floor":31},{"not_picked":["Aggregate","Rebound","Compile Driver"],"picked":"SKIP","floor":31},{"not_picked":["Amplify","Fission"],"picked":"Core Surge","floor":33},{"not_picked":["Streamline","Rebound"],"picked":"Tempest+1","floor":35},{"not_picked":["Go for the Eyes","Barrage+1"],"picked":"Self Repair+1","floor":35},{"not_picked":["Hyperbeam","Stack"],"picked":"Skim","floor":39},{"not_picked":["Force Field","Barrage","Stack"],"picked":"SKIP","floor":41},{"not_picked":["Loop","Gash","Doom and Gloom+1"],"picked":"SKIP","floor":41},{"not_picked":["Mind Blast","Forethought"],"picked":"Secret Weapon","floor":44},{"not_picked":["Steam","Force Field"],"picked":"Hologram","floor":45},{"not_picked":["Steam","Genetic Algorithm+1","Coolheaded"],"picked":"SKIP","floor":45},{"not_picked":["Steam Power","Beam Cell+1"],"picked":"Conserve Battery+1","floor":47},{"not_picked":["Hologram","Steam Power"],"picked":"Glacier","floor":47}],"player_experience":780722,"relics_obtained":[{"floor":5,"key":"Turnip"},{"floor":6,"key":"WingedGreaves"},{"floor":8,"key":"Shovel"},{"floor":9,"key":"The Courier"},{"floor":10,"key":"Orichalcum"},{"floor":24,"key":"Prayer Wheel"},{"floor":25,"key":"Old Coin"},{"floor":26,"key":"Ancient Tea Set"},{"floor":27,"key":"Art of War"},{"floor":32,"key":"PreservedInsect"},{"floor":39,"key":"Ginger"},{"floor":40,"key":"Smiling Mask"},{"floor":42,"key":"Pantograph"},{"floor":43,"key":"Pear"},{"floor":46,"key":"Kunai"},{"floor":49,"key":"Ornamental Fan"}],"event_choices":[{"cards_removed":["Strike_B"],"damage_healed":0,"gold_gain":0,"player_choice":"Card Removal","damage_taken":7,"max_hp_gain":0,"max_hp_loss":0,"event_name":"Golden Wing","floor":2,"gold_loss":0},{"damage_healed":0,"gold_gain":75,"player_choice":"Gather Gold","damage_taken":11,"max_hp_gain":0,"max_hp_loss":0,"event_name":"World of Goop","floor":4,"gold_loss":0},{"damage_healed":0,"gold_gain":0,"player_choice":"Relic","damage_taken":0,"max_hp_gain":0,"max_hp_loss":0,"event_name":"Wheel of Change","floor":5,"gold_loss":0},{"damage_healed":0,"gold_gain":0,"player_choice":"Grow","damage_taken":0,"max_hp_gain":0,"max_hp_loss":0,"event_name":"Living Wall","floor":13,"gold_loss":0,"cards_upgraded":["Conserve Battery"]},{"damage_healed":0,"gold_gain":0,"cards_transformed":["Strike_B","Strike_B"],"player_choice":"Became Test Subject","damage_taken":0,"max_hp_gain":0,"max_hp_loss":0,"event_name":"Drug Dealer","floor":19,"gold_loss":0,"cards_obtained":["Seek","Biased Cognition"]},{"cards_removed":["Regret"],"damage_healed":0,"gold_gain":0,"player_choice":"Purged","damage_taken":0,"max_hp_gain":0,"max_hp_loss":0,"event_name":"Purifier","floor":28,"gold_loss":0},{"cards_removed":["Self Repair"],"damage_healed":0,"gold_gain":0,"player_choice":"Removed Power","damage_taken":0,"max_hp_gain":0,"max_hp_loss":0,"event_name":"Falling","floor":36,"gold_loss":0},{"damage_healed":0,"gold_gain":0,"player_choice":"Ignored","damage_taken":0,"max_hp_gain":0,"max_hp_loss":0,"event_name":"Mysterious Sphere","floor":37,"gold_loss":0},{"damage_healed":0,"gold_gain":0,"player_choice":"Paid","damage_taken":0,"relics_obtained":["Red Mask"],"max_hp_gain":0,"max_hp_loss":0,"event_name":"Tomb of Lord Red Mask","floor":38,"gold_loss":124},{"damage_healed":0,"gold_gain":0,"player_choice":"Fight","damage_taken":0,"max_hp_gain":0,"max_hp_loss":0,"event_name":"MindBloom","floor":39,"gold_loss":0},{"damage_healed":0,"gold_gain":0,"player_choice":"Memory 3","damage_taken":10,"max_hp_gain":0,"max_hp_loss":0,"event_name":"SensoryStone","floor":44,"gold_loss":0},{"damage_healed":0,"gold_gain":0,"player_choice":"Upgraded","damage_taken":0,"max_hp_gain":0,"max_hp_loss":0,"event_name":"Upgrade Shrine","floor":48,"gold_loss":0,"cards_upgraded":["Skim"]}],"is_beta":false,"boss_relics":[{"not_picked":["Eternal Feather","Calling Bell"],"picked":"Cursed Key"},{"not_picked":["Busted Crown","Snecko Eye"],"picked":"Nuclear Battery"}],"items_purged_floors":[12],"is_endless":false,"potions_floor_spawned":[6,11,22,33,45,47],"killed_by":"Awakened One","ascension_level":19}