{"gold_per_floor":[116,132,132,148,3,37,47,47,47,57,57,84,95,95,95,200,200,218,218,218,218,231,231,26,52,79,79,95,95,130,141,141,245,245,264,282,328,113,113,113,131,31,102,102,118,118,135,0,0,0,0,0,0,25,25],"floor_reached":56,"playtime":4389,"items_purged":[],"score":1225,"play_id":"e7aadab6-0c7d-48a2-854f-837c2f27c3da","local_time":"20181201061149","is_ascension_mode":false,"campfire_choices":[{"data":"Shockwave","floor":8.0,"key":"SMITH"},{"data":"Bash","floor":11.0,"key":"SMITH"},{"data":"Shrug It Off","floor":15.0,"key":"SMITH"},{"data":"Battle Trance","floor":23.0,"key":"SMITH"},{"data":"Corruption","floor":32.0,"key":"SMITH"},{"floor":40.0,"key":"DIG"},{"floor":44.0,"key":"DIG"},{"floor":46.0,"key":"RECALL"},{"floor":49.0,"key":"DIG"},{"floor":52.0,"key":"DIG"}],"neow_cost":"NONE","seed_source_timestamp":281537415702100,"circlet_count":0,"master_deck":["Strike_R+1","Strike_R+1","Strike_R+1","Strike_R+1","Defend_R+1","Defend_R+1","Defend_R+1","Defend_R+1","Bash+1","Cleave","Shockwave+1","Cleave","Shrug It Off+1","Limit Break","Seeing Red","Heavy Blade+1","Shockwave","Anger+1","Bludgeon+1","Pommel Strike+1","Dropkick+1","Battle Trance+1","Hemokinesis+1","Ghostly Armor","Spot Weakness","Hemokinesis+1","Armaments+1","Corruption+1","Headbutt+1","Power Through+1","Reaper+1","Warcry+1","Disarm","Shrug It Off+1","Rupture","Battle Trance+1","Blood for Blood+1","Armaments","Body Slam+1","True Grit+1","Impervious"],"special_seed":0,"relics":["Black Blood","Omamori","Blue Candle","Molten Egg 2","Paper Frog","Orrery","Bag of Preparation","Sling","Matryoshka","Darkstone Periapt","Lantern","Nloth\u0027s Gift","The Courier","Shovel","Medical Kit","Meat on the Bone","Centennial Puzzle","Red Skull","Red Mask","Bottled Tornado","Letter Opener","Self Forming Clay"],"potions_floor_usage":[55,55,55],"damage_taken":[{"damage":0.0,"enemies":"2 Louse","floor":1.0,"turns":3.0},{"damage":1.0,"enemies":"Cultist","floor":2.0,"turns":4.0},{"damage":3.0,"enemies":"Jaw Worm","floor":4.0,"turns":4.0},{"damage":14.0,"enemies":"3 Sentries","floor":6.0,"turns":6.0},{"damage":7.0,"enemies":"Large Slime","floor":7.0,"turns":6.0},{"damage":10.0,"enemies":"3 Louse","floor":10.0,"turns":2.0},{"damage":33.0,"enemies":"Gremlin Nob","floor":12.0,"turns":5.0},{"damage":0.0,"enemies":"Exordium Wildlife","floor":13.0,"turns":3.0},{"damage":47.0,"enemies":"Hexaghost","floor":16.0,"turns":10.0},{"damage":2.0,"enemies":"Chosen","floor":18.0,"turns":3.0},{"damage":4.0,"enemies":"Spheric Guardian","floor":22.0,"turns":3.0},{"damage":17.0,"enemies":"Book of Stabbing","floor":25.0,"turns":5.0},{"damage":2.0,"enemies":"3 Cultists","floor":28.0,"turns":3.0},{"damage":18.0,"enemies":"Slavers","floor":30.0,"turns":3.0},{"damage":10.0,"enemies":"Snecko","floor":31.0,"turns":3.0},{"damage":64.0,"enemies":"Champ","floor":33.0,"turns":11.0},{"damage":9.0,"enemies":"3 Shapes","floor":35.0,"turns":5.0},{"damage":12.0,"enemies":"Orb Walker","floor":36.0,"turns":2.0},{"damage":29.0,"enemies":"2 Orb Walkers","floor":37.0,"turns":6.0},{"damage":13.0,"enemies":"Sphere and 2 Shapes","floor":41.0,"turns":5.0},{"damage":38.0,"enemies":"Maw","floor":45.0,"turns":6.0},{"damage":9.0,"enemies":"3 Darklings","floor":47.0,"turns":4.0},{"damage":53.0,"enemies":"Time Eater","floor":50.0,"turns":8.0},{"damage":2.0,"enemies":"Shield and Spear","floor":54.0,"turns":4.0},{"damage":89,"enemies":"The Heart","floor":55,"turns":8}],"seed_played":"1638147458699907087","potions_obtained":[{"floor":0.0,"key":"Swift Potion"},{"floor":0.0,"key":"GamblersBrew"},{"floor":0.0,"key":"Dexterity Potion"},{"floor":1.0,"key":"FearPotion"},{"floor":4.0,"key":"Explosive Potion"},{"floor":12.0,"key":"Ancient Potion"},{"floor":16.0,"key":"Fire Potion"},{"floor":25.0,"key":"FairyPotion"},{"floor":30.0,"key":"LiquidBronze"},{"floor":33.0,"key":"SkillPotion"},{"floor":36.0,"key":"Ancient Potion"},{"floor":47.0,"key":"Energy Potion"}],"is_trial":false,"path_per_floor":["M","M","?","M","$","E","M","R","T","M","R","E","M","?","R","B",null,"M","?","?","?","M","R","$","E","T","?","M","?","E","M","R","B",null,"M","M","?","$","?","R","M","$","T","R","M","R","M","?","R","B",null,"R","$","E","B",null],"character_chosen":"IRONCLAD","items_purchased":["Omamori","Sling","Medical Kit","Rupture","GamblersBrew","Armaments"],"campfire_rested":0,"item_purchase_floors":[5,24,38,38,42,42],"current_hp_per_floor":[80,80,80,80,80,72,71,71,71,67,67,40,46,53,53,12,87,87,87,87,87,87,87,87,76,76,76,80,80,68,64,64,14,87,87,85,66,66,66,66,77,77,77,77,61,61,87,87,87,62,87,87,87,87,41],"gold":25,"neow_bonus":"THREE_SMALL_POTIONS","is_prod":false,"is_daily":false,"chose_seed":false,"campfire_upgraded":5,"win_rate":0,"timestamp":1543612309,"path_taken":["M","M","?","?","$","E","M","R","T","M","R","E","M","?","R","BOSS","M","?","?","?","?","R","$","E","T","?","M","?","E","M","R","BOSS","M","M","?","$","?","R","?","?","T","R","M","R","M","?","R","BOSS","R","$","E","BOSS"],"build_version":"2018-11-15","purchased_purges":0,"victory":true,"max_hp_per_floor":[80,80,80,80,80,80,80,80,80,80,80,80,80,87,87,87,87,87,87,87,87,87,87,87,87,87,87,87,87,87,87,87,87,87,87,87,87,87,87,87,87,87,87,87,87,87,87,87,87,87,87,87,87,87,87],"card_choices":[{"not_picked":["Sword Boomerang","Pummel"],"picked":"Cleave","floor":1.0},{"not_picked":["Uppercut","True Grit"],"picked":"Shockwave","floor":2.0},{"not_picked":["Fire Breathing","Pommel Strike"],"picked":"Shrug It Off","floor":4.0},{"not_picked":["Thunderclap","Corruption"],"picked":"Limit Break","floor":6.0},{"not_picked":["Warcry","Twin Strike"],"picked":"Seeing Red","floor":7.0},{"not_picked":["Havoc","Second Wind"],"picked":"Heavy Blade+1","floor":10.0},{"not_picked":["Thunderclap+1","Flex"],"picked":"Shockwave","floor":12.0},{"not_picked":["Havoc","Reckless Charge+1"],"picked":"Anger+1","floor":13.0},{"not_picked":["Offering","Berserk"],"picked":"Bludgeon+1","floor":16.0},{"not_picked":["Anger+1","Perfected Strike+1"],"picked":"Pommel Strike+1","floor":17.0},{"not_picked":["Combust","Sword Boomerang+1"],"picked":"Dropkick+1","floor":17.0},{"not_picked":["Metallicize","Clash+1"],"picked":"Battle Trance","floor":17.0},{"not_picked":["Headbutt+1","Perfected Strike+1"],"picked":"Hemokinesis+1","floor":17.0},{"not_picked":["Sever Soul+1","Iron Wave+1"],"picked":"Ghostly Armor","floor":18.0},{"not_picked":["Rampage+1","Clash+1"],"picked":"Hemokinesis+1","floor":22.0},{"not_picked":["Exhume","Anger+1"],"picked":"Armaments+1","floor":25.0},{"not_picked":["Havoc","Sentinel"],"picked":"Corruption","floor":28.0},{"not_picked":["Rampage+1","Perfected Strike+1"],"picked":"Headbutt+1","floor":30.0},{"not_picked":["Twin Strike+1","Thunderclap+1"],"picked":"Power Through+1","floor":31.0},{"not_picked":["Limit Break","Bludgeon+1"],"picked":"Reaper+1","floor":33.0},{"not_picked":["Body Slam+1","Bludgeon+1"],"picked":"Warcry+1","floor":35.0},{"not_picked":["Anger+1","Clash+1"],"picked":"Disarm","floor":36.0},{"not_picked":["Blood for Blood+1","Clothesline+1"],"picked":"Shrug It Off+1","floor":37.0},{"not_picked":["Wild Strike+1","Perfected Strike+1"],"picked":"Blood for Blood+1","floor":41.0},{"not_picked":["Rampage+1","Warcry"],"picked":"Body Slam+1","floor":45.0},{"not_picked":["Clothesline+1","Body Slam+1"],"picked":"True Grit+1","floor":47.0},{"not_picked":["Headbutt+1","Cleave+1"],"picked":"Impervious","floor":54.0}],"player_experience":560934,"relics_obtained":[{"floor":6.0,"key":"Blue Candle"},{"floor":9.0,"key":"Molten Egg 2"},{"floor":12.0,"key":"Paper Frog"},{"floor":25.0,"key":"Matryoshka"},{"floor":26.0,"key":"Darkstone Periapt"},{"floor":26.0,"key":"Lantern"},{"floor":30.0,"key":"The Courier"},{"floor":37.0,"key":"Shovel"},{"floor":40.0,"key":"Meat on the Bone"},{"floor":43.0,"key":"Centennial Puzzle"},{"floor":44.0,"key":"Red Skull"},{"floor":49.0,"key":"Bottled Tornado"},{"floor":52.0,"key":"Letter Opener"},{"floor":54.0,"key":"Self Forming Clay"}],"event_choices":[{"damage_healed":0.0,"max_hp_gain":0.0,"max_hp_loss":0.0,"gold_gain":0.0,"cards_transformed":["Strike_R"],"event_name":"Transmorgrifier","player_choice":"Transformed","floor":3.0,"gold_loss":0.0,"damage_taken":0.0,"cards_obtained":["Cleave"]},{"damage_healed":0.0,"max_hp_gain":0.0,"max_hp_loss":0.0,"gold_gain":0.0,"event_name":"Big Fish","player_choice":"Box","floor":14.0,"gold_loss":0.0,"damage_taken":0.0,"relics_obtained":["Strawberry"],"cards_obtained":["Regret"]},{"damage_healed":0.0,"max_hp_gain":0.0,"max_hp_loss":0.0,"gold_gain":0.0,"event_name":"The Library","player_choice":"Read","floor":19.0,"gold_loss":0.0,"damage_taken":0.0,"cards_obtained":["Spot Weakness"]},{"damage_healed":0.0,"max_hp_gain":0.0,"max_hp_loss":0.0,"gold_gain":0.0,"event_name":"Back to Basics","player_choice":"Simplicity","floor":20.0,"gold_loss":0.0,"damage_taken":0.0,"cards_upgraded":["Strike_R","Strike_R","Strike_R","Strike_R","Defend_R","Defend_R","Defend_R","Defend_R"]},{"damage_healed":0.0,"max_hp_gain":0.0,"max_hp_loss":0.0,"gold_gain":0.0,"event_name":"Addict","player_choice":"Stole Relic","floor":21.0,"gold_loss":0.0,"damage_taken":0.0,"relics_obtained":["Bag of Preparation"],"cards_obtained":["Shame"]},{"damage_healed":0.0,"max_hp_gain":0.0,"max_hp_loss":0.0,"gold_gain":0.0,"event_name":"Ghosts","player_choice":"Ignored","floor":27.0,"gold_loss":0.0,"damage_taken":0.0},{"damage_healed":0.0,"max_hp_gain":0.0,"max_hp_loss":0.0,"gold_gain":0.0,"event_name":"N\u0027loth","player_choice":"Traded Relic","floor":29.0,"relics_lost":["Strawberry"],"gold_loss":0.0,"damage_taken":0.0,"relics_obtained":["Nloth\u0027s Gift"]},{"damage_healed":0.0,"max_hp_gain":0.0,"max_hp_loss":0.0,"gold_gain":0.0,"event_name":"Mysterious Sphere","player_choice":"Fight","floor":37.0,"gold_loss":0.0,"damage_taken":0.0},{"damage_healed":0.0,"max_hp_gain":0.0,"max_hp_loss":0.0,"gold_gain":0.0,"event_name":"Duplicator","player_choice":"Copied","floor":39.0,"gold_loss":0.0,"damage_taken":0.0,"cards_obtained":["Battle Trance"]},{"damage_healed":0.0,"max_hp_gain":0.0,"max_hp_loss":0.0,"gold_gain":0.0,"event_name":"Tomb of Lord Red Mask","player_choice":"Paid","floor":48.0,"gold_loss":135.0,"damage_taken":0.0,"relics_obtained":["Red Mask"]}],"is_beta":false,"boss_relics":[{"not_picked":["Coffee Dripper","Tiny House"],"picked":"Orrery"},{"not_picked":["Runic Cube","Sozu"],"picked":"Black Blood"}],"items_purged_floors":[],"is_endless":false,"potions_floor_spawned":[1,4,12,16,22,25,30,33,36,45,47],"ascension_level":0}