{"gold_per_floor":[145,159,33,50,61,61,15,15,38,50,50,12,12,38,38,138,188,199,209,229,229,245,245,258,277,303,303,14,33,33,44,44,149,149,168,68,84,84,44,44,64,64,64,64,75,95,110,0,0,0],"floor_reached":51,"playtime":3595,"items_purged":["Strike_B","Strike_B"],"score":749,"play_id":"5e8288af-9257-4a73-8afc-bdc0cb8baac6","local_time":"20190103121127","is_ascension_mode":true,"campfire_choices":[{"data":"Zap","floor":6,"key":"SMITH"},{"data":"Dualcast","floor":8,"key":"SMITH"},{"data":"Streamline","floor":11,"key":"SMITH"},{"data":"Go for the Eyes","floor":15,"key":"SMITH"},{"data":"Electrodynamics","floor":23,"key":"SMITH"},{"floor":27,"key":"REST"},{"data":"Chaos","floor":32,"key":"SMITH"},{"data":"Creative AI","floor":40,"key":"SMITH"},{"floor":42,"key":"REST"},{"floor":44,"key":"REST"},{"floor":49,"key":"REST"}],"neow_cost":"NONE","seed_source_timestamp":352074675575342,"circlet_count":0,"master_deck":["Strike_B","Defend_B","Defend_B","Defend_B","Defend_B","Zap+1","Dualcast+1","Streamline+1","Genetic Algorithm","Go for the Eyes+1","BootSequence","Auto Shields+1","Cold Snap","Sweeping Beam","FTL","Biased Cognition+1","Electrodynamics+1","Glacier","Turbo","Machine Learning+1","Chill","Cold Snap","Blind","Skim","Chaos+1","Creative AI+1","Writhe","Hologram"],"relics":["Cracked Core","Tiny Chest","Happy Flower","Dream Catcher","Tiny House","Anchor","ClockworkSouvenir","Cursed Key","Bottled Tornado","Red Mask"],"potions_floor_usage":[22,24,31,33,41,50],"damage_taken":[{"damage":2,"enemies":"2 Louse","floor":1,"turns":2},{"damage":1,"enemies":"Cultist","floor":2,"turns":3},{"damage":6,"enemies":"Jaw Worm","floor":4,"turns":3},{"damage":0,"enemies":"Blue Slaver","floor":5,"turns":3},{"damage":0,"enemies":"2 Fungi Beasts","floor":10,"turns":2},{"damage":5,"enemies":"3 Sentries","floor":14,"turns":6},{"damage":49,"enemies":"Slime Boss","floor":16,"turns":12},{"damage":0,"enemies":"Chosen","floor":18,"turns":5},{"damage":0,"enemies":"3 Byrds","floor":19,"turns":3},{"damage":17,"enemies":"Sentry and Sphere","floor":20,"turns":4},{"damage":0,"enemies":"3 Cultists","floor":22,"turns":5},{"damage":0,"enemies":"Chosen and Byrds","floor":24,"turns":4},{"damage":8,"enemies":"Shelled Parasite and Fungi","floor":25,"turns":9},{"damage":0,"enemies":"Centurion and Healer","floor":29,"turns":2},{"damage":3,"enemies":"Snake Plant","floor":31,"turns":5},{"damage":83,"enemies":"Champ","floor":33,"turns":20},{"damage":2,"enemies":"3 Shapes","floor":35,"turns":2},{"damage":0,"enemies":"Orb Walker","floor":37,"turns":3},{"damage":65,"enemies":"Maw","floor":41,"turns":11},{"damage":0,"enemies":"3 Darklings","floor":45,"turns":5},{"damage":4,"enemies":"Sphere and 2 Shapes","floor":46,"turns":5},{"damage":10,"enemies":"4 Shapes","floor":47,"turns":6},{"damage":45,"enemies":"Time Eater","floor":50,"turns":14}],"seed_played":"4822061888127076410","potions_obtained":[{"floor":1,"key":"FearPotion"},{"floor":4,"key":"LiquidBronze"},{"floor":14,"key":"Regen Potion"},{"floor":17,"key":"SneckoOil"},{"floor":22,"key":"Fire Potion"},{"floor":25,"key":"Energy Potion"},{"floor":35,"key":"SkillPotion"},{"floor":41,"key":"Fire Potion"},{"floor":45,"key":"FocusPotion"},{"floor":47,"key":"Swift Potion"}],"is_trial":false,"path_per_floor":["M","M","$","M","M","R","$","R","T","M","R","$","?","E","R","B",null,"M","M","M","?","M","R","M","M","T","R","$","M","$","M","R","B",null,"M","$","M","?","?","R","M","R","T","R","M","M","M","?","R","B",null],"character_chosen":"DEFECT","items_purchased":["Go for the Eyes","Cold Snap","FTL","Blind","ClockworkSouvenir"],"campfire_rested":4,"item_purchase_floors":[3,7,12,28,28],"current_hp_per_floor":[73,72,72,66,66,66,66,66,66,66,66,66,66,61,61,12,80,80,80,63,63,63,63,63,55,55,79,79,79,79,76,76,8,80,78,78,78,78,78,78,13,37,37,61,61,57,47,47,71,26],"gold":0,"neow_bonus":"RANDOM_COMMON_RELIC","is_prod":false,"is_daily":false,"chose_seed":false,"campfire_upgraded":7,"win_rate":0,"timestamp":1546485087,"path_taken":["M","M","$","M","M","R","$","R","T","M","R","$","?","E","R","BOSS","M","M","?","?","M","R","M","M","T","R","$","M","?","M","R","BOSS","M","$","M","?","?","R","M","R","T","R","M","M","?","?","R","BOSS"],"build_version":"2018-12-20","purchased_purges":2,"victory":true,"max_hp_per_floor":[75,75,75,75,75,75,75,75,75,75,75,75,75,75,75,75,80,80,80,80,80,80,80,80,80,80,80,80,80,80,80,80,80,80,80,80,80,80,80,80,80,80,80,80,80,80,80,80,80,80],"card_choices":[{"not_picked":["Fusion","Double Energy"],"picked":"Streamline","floor":1},{"not_picked":["Lockon","Barrage"],"picked":"Genetic Algorithm","floor":2},{"not_picked":["Self Repair","Reinforced Body"],"picked":"BootSequence","floor":4},{"not_picked":["Stack","Steam"],"picked":"Auto Shields","floor":5},{"not_picked":["Recycle","Redo"],"picked":"Sweeping Beam","floor":10},{"not_picked":["Force Field","Go for the Eyes"],"picked":"Biased Cognition","floor":14},{"not_picked":["Amplify","Thunder Strike"],"picked":"Electrodynamics","floor":16},{"not_picked":["Loop","Sweeping Beam"],"picked":"Glacier","floor":17},{"not_picked":["Steam Power","Rebound"],"picked":"Turbo","floor":18},{"not_picked":["Loop","Conserve Battery","Sweeping Beam"],"picked":"SKIP","floor":19},{"not_picked":["Leap+1","Double Energy","Steam"],"picked":"SKIP","floor":20},{"not_picked":["Steam","Hello World"],"picked":"Machine Learning","floor":22},{"not_picked":["Steam","Rebound"],"picked":"Chill","floor":24},{"not_picked":["Beam Cell","Stack"],"picked":"Cold Snap","floor":25},{"not_picked":["Auto Shields","Hologram"],"picked":"Skim","floor":29},{"not_picked":["Coolheaded+1","Cold Snap+1"],"picked":"Chaos","floor":31},{"not_picked":["Meteor Strike","Reboot"],"picked":"Creative AI","floor":33},{"not_picked":["Reprogram+1","Conserve Battery+1","Barrage+1"],"picked":"SKIP","floor":35},{"not_picked":["Beam Cell","Chill+1","White Noise+1"],"picked":"SKIP","floor":37},{"not_picked":["Reinforced Body","Barrage+1","White Noise+1"],"picked":"SKIP","floor":41},{"not_picked":["Steam+1","Compile Driver+1"],"picked":"Hologram","floor":44},{"not_picked":["Rip and Tear","Leap+1","Chill"],"picked":"SKIP","floor":45},{"not_picked":["Conserve Battery","Rebound+1","BootSequence"],"picked":"SKIP","floor":46},{"not_picked":["Gash","Core Surge","Barrage"],"picked":"SKIP","floor":47}],"player_experience":122169,"relics_obtained":[{"floor":9,"key":"Happy Flower"},{"floor":14,"key":"Dream Catcher"},{"floor":26,"key":"Anchor"},{"floor":43,"key":"Bottled Tornado"}],"event_choices":[{"cards_removed":["Strike_B"],"damage_healed":0,"gold_gain":0,"player_choice":"Offered Basic","damage_taken":0,"max_hp_gain":0,"max_hp_loss":0,"event_name":"Bonfire Elementals","floor":13,"gold_loss":0},{"damage_healed":0,"gold_gain":0,"player_choice":"Ignored","damage_taken":0,"max_hp_gain":0,"max_hp_loss":0,"event_name":"The Mausoleum","floor":21,"gold_loss":0},{"damage_healed":0,"gold_gain":0,"player_choice":"Memory 1","damage_taken":0,"max_hp_gain":0,"max_hp_loss":0,"event_name":"SensoryStone","floor":38,"gold_loss":0},{"damage_healed":0,"gold_gain":0,"player_choice":"Upgraded Two","damage_taken":0,"max_hp_gain":0,"max_hp_loss":0,"event_name":"Designer","floor":39,"gold_loss":40,"cards_upgraded":["Machine Learning","Auto Shields"]},{"damage_healed":0,"gold_gain":0,"player_choice":"Paid","damage_taken":0,"relics_obtained":["Red Mask"],"max_hp_gain":0,"max_hp_loss":0,"event_name":"Tomb of Lord Red Mask","floor":48,"gold_loss":110}],"is_beta":false,"boss_relics":[{"not_picked":["Runic Pyramid","Eternal Feather"],"picked":"Tiny House"},{"not_picked":["Inserter","Black Star"],"picked":"Cursed Key"}],"items_purged_floors":[3,36],"is_endless":false,"potions_floor_spawned":[1,4,14,16,20,22,25,35,41,45,47],"ascension_level":4}