{"path_per_floor":["M","M","T","M","T","R","E","R","T","E","?","E","R","?","R","B",null,"M","$","?","?","M","R","E","$","T","E"],"character_chosen":"DEFECT","items_purchased":["Matryoshka","Weak Potion","Ball Lightning","Skim"],"gold_per_floor":[114,129,129,144,144,144,174,174,174,204,204,234,234,234,234,334,334,349,3,3,3,18,18,48,24,74,104,104],"floor_reached":28,"campfire_rested":3,"playtime":1524,"current_hp_per_floor":[75,74,80,78,84,84,62,62,68,31,31,20,47,47,74,49,99,83,83,83,89,70,101,71,71,77,22,0],"items_purged":[],"gold":104,"score":419,"play_id":"7febdca6-ea6f-46e7-b1f8-a7645cc4e414","local_time":"20180505193404","daily_mods":["Heirloom","Cursed Run","Elite Swarm"],"is_prod":false,"is_daily":true,"chose_seed":false,"is_ascension_mode":false,"campfire_upgraded":2,"timestamp":1525516444,"path_taken":["M","M","?","M","?","R","E","R","T","E","?","E","R","?","R","BOSS","M","$","?","?","M","R","E","?","T","E","M"],"build_version":"2018-05-03","seed_source_timestamp":0,"purchased_purges":0,"victory":false,"master_deck":["Strike_B","Strike_B","Strike_B","Strike_B","Defend_B","Defend_B+1","Defend_B","Defend_B","Zap+1","Dualcast+1","Coolheaded","FTL","Normality","Recycle+1","All For One+1","Pain","Multi-Cast","Machine Learning+1","Pain","Prime+1","Double Energy","Ball Lightning","Writhe","Glacier","Fission","Skim","Pain","Fusion"],"max_hp_per_floor":[75,75,81,81,87,87,87,87,93,93,93,93,93,93,93,99,99,99,99,99,105,105,105,105,105,111,111,111],"relics":["Cursed Key","Darkstone Periapt","Du-Vu Doll","Emotion Chip","Kunai","Dodecahedron","Peace Pipe","Frozen Egg 2","Happy Flower","Spirit Poop","Lizard Tail","Matryoshka","Nloth\u0027s Gift","Ice Cream","Meat on the Bone","Juzu Bracelet","Blood Vial","War Paint"],"card_choices":[{"not_picked":["Barrage","Capacitor"],"picked":"Coolheaded","floor":1},{"not_picked":["Coolheaded","Amplify"],"picked":"FTL","floor":2},{"not_picked":["Stack","Hologram"],"picked":"Recycle","floor":4},{"not_picked":["Hyperbeam","Nova"],"picked":"All For One","floor":7},{"not_picked":["Fission","Seek"],"picked":"Multi-Cast","floor":10},{"not_picked":["Fusion","Biased Cognition"],"picked":"Machine Learning","floor":12},{"not_picked":["Multi-Cast","Thunder Strike"],"picked":"Prime","floor":16},{"not_picked":["Blizzard","Recycle"],"picked":"Double Energy","floor":18},{"not_picked":["Tempest","Reinforced Body"],"picked":"Glacier","floor":22},{"not_picked":["All For One","Nova"],"picked":"Fission","floor":24},{"not_picked":["Seek","Creative AI"],"picked":"Fusion","floor":27}],"player_experience":515874,"potions_floor_usage":[16,18,24,27],"damage_taken":[{"damage":0,"enemies":"Cultist","floor":1,"turns":4},{"damage":1,"enemies":"Jaw Worm","floor":2,"turns":4},{"damage":2,"enemies":"Small Slimes","floor":4,"turns":4},{"damage":22,"enemies":"Lagavulin","floor":7,"turns":7},{"damage":37,"enemies":"Gremlin Nob","floor":10,"turns":4},{"damage":11,"enemies":"3 Sentries","floor":12,"turns":5},{"damage":46,"enemies":"Hexaghost","floor":16,"turns":11},{"damage":16,"enemies":"3 Byrds","floor":18,"turns":4},{"damage":19,"enemies":"2 Thieves","floor":22,"turns":3},{"damage":30,"enemies":"Gremlin Leader","floor":24,"turns":8},{"damage":129,"enemies":"Slavers","floor":27,"turns":8},{"damage":24,"enemies":"Snake Plant","floor":28,"turns":4}],"event_choices":[{"event_name":"Living Wall","player_choice":"Grow","floor":11,"damage_taken":0},{"event_name":"Bonfire Elementals","player_choice":"CURSE","floor":14,"damage_taken":0},{"event_name":"N\u0027loth","player_choice":"Traded a Sundial","floor":20,"damage_taken":0},{"event_name":"The Mausoleum","player_choice":"Yes","floor":21,"damage_taken":0}],"boss_relics":[{"not_picked":["White Beast Statue","Snecko Eye"],"picked":"Lizard Tail"}],"potions_floor_spawned":[4,12,22,27],"seed_played":"-736207879741980722","killed_by":"Snake Plant","ascension_level":0,"is_trial":false}