{"gold_per_floor":[113,124,135,135,135,161,12,45,45,45,45,73,73,149,149,149],"floor_reached":16,"playtime":1086,"items_purged":[],"score":139,"play_id":"83f996ea-9f94-4ef1-8968-c99d24e10d71","local_time":"20181202110137","is_ascension_mode":true,"campfire_choices":[{"floor":11.0,"key":"REST"},{"floor":13,"key":"REST"},{"data":"Bash","floor":15,"key":"SMITH"}],"neow_cost":"CURSE","seed_source_timestamp":1429623071715019,"circlet_count":0,"master_deck":["Strike_R","Strike_R","Strike_R","Strike_R","Defend_R","Defend_R","Defend_R","Bash+1","Body Slam","Sword Boomerang","Armaments","Armaments","Clothesline","Carnage","Double Tap"],"special_seed":0,"relics":["Burning Blood","Shuriken","Happy Flower","Magic Flower","Champion Belt","Blue Candle"],"potions_floor_usage":[16],"damage_taken":[{"damage":1.0,"enemies":"Cultist","floor":1.0,"turns":4.0},{"damage":7.0,"enemies":"Jaw Worm","floor":2.0,"turns":3.0},{"damage":7.0,"enemies":"Small Slimes","floor":3.0,"turns":4.0},{"damage":34.0,"enemies":"Lagavulin","floor":6.0,"turns":10.0},{"damage":35.0,"enemies":"3 Sentries","floor":8.0,"turns":9.0},{"damage":35,"enemies":"Lagavulin","floor":12,"turns":6},{"damage":52,"enemies":"Slime Boss","floor":16,"turns":13}],"seed_played":"8823560705785744029","potions_obtained":[{"floor":3.0,"key":"Fire Potion"},{"floor":12,"key":"Block Potion"}],"is_trial":false,"path_per_floor":["M","M","M","?","?","E","$","E","T","$","R","E","R","?","R","B"],"character_chosen":"IRONCLAD","items_purchased":["Happy Flower"],"campfire_rested":2,"item_purchase_floors":[7],"current_hp_per_floor":[80,79,78,78,83,55,55,26,26,26,51,25,50,50,50,0],"gold":149,"neow_bonus":"TRANSFORM_TWO_CARDS","is_prod":false,"is_daily":false,"chose_seed":false,"campfire_upgraded":1,"win_rate":0,"timestamp":1543777297,"path_taken":["M","M","M","?","?","E","$","E","T","$","R","E","R","?","R","BOSS"],"build_version":"2018-11-15","purchased_purges":0,"victory":false,"max_hp_per_floor":[80,80,80,80,85,85,85,85,85,85,85,85,85,85,85,85],"card_choices":[{"not_picked":["Perfected Strike","Twin Strike"],"picked":"Armaments","floor":1.0},{"not_picked":["Clash","Intimidate"],"picked":"Armaments","floor":2.0},{"not_picked":["Body Slam","Anger"],"picked":"Clothesline","floor":3.0},{"not_picked":["Entrench","Flex"],"picked":"Carnage","floor":6.0},{"not_picked":["Twin Strike","Searing Blow","Thunderclap"],"picked":"SKIP","floor":8.0},{"not_picked":["Thunderclap","Twin Strike"],"picked":"Double Tap","floor":12}],"player_experience":352012,"relics_obtained":[{"floor":6.0,"key":"Shuriken"},{"floor":8.0,"key":"Magic Flower"},{"floor":9.0,"key":"Champion Belt"},{"floor":12,"key":"Blue Candle"}],"event_choices":[{"cards_removed":["Normality"],"damage_healed":0.0,"max_hp_gain":0.0,"max_hp_loss":0.0,"gold_gain":0.0,"event_name":"Living Wall","player_choice":"Forget","floor":4.0,"gold_loss":0.0,"damage_taken":0.0},{"damage_healed":0.0,"max_hp_gain":5.0,"max_hp_loss":0.0,"gold_gain":0.0,"event_name":"Big Fish","player_choice":"Donut","floor":5.0,"gold_loss":0.0,"damage_taken":0.0},{"damage_healed":0,"gold_gain":76,"player_choice":"Gained Gold","damage_taken":0,"max_hp_gain":0,"max_hp_loss":0,"event_name":"Golden Wing","floor":14,"gold_loss":0}],"is_beta":false,"boss_relics":[],"items_purged_floors":[],"is_endless":false,"potions_floor_spawned":[3,12],"killed_by":"Slime Boss","ascension_level":4}