{"path_per_floor":["M","M","M","M","$","E","R","E","T","$","?","$","M","$","R","B",null,"M","?","M","M","M","E","R","M","T","M","E","$","?","E","R","B",null,"M","M","M","M","$","E","R","E","T","?","$","?","M","M","R","B"],"character_chosen":"IRONCLAD","items_purchased":["Mummified Hand","Turnip","Torii","Limit Break","Matryoshka","Meat on the Bone","Ice Cream","Strawberry","Bird Faced Urn","Kunai","Toy Ornithopter","Energy Potion","Energy Potion","Pantograph","Bottled Tornado","Mercury Hourglass","Apotheosis","Circlet","Mango","Thread and Needle"],"gold_per_floor":[273,512,742,1032,30,494,494,952,979,408,408,98,293,38,38,1478,1508,1765,1680,1940,2109,2409,3051,3051,3359,3359,3600,4011,3037,3037,3530,3530,4766,4766,4979,5238,5411,5674,4766,5237,5237,5665,5690,5741,4361,4361,4592,4794,4794,4794],"floor_reached":51,"campfire_rested":0,"playtime":2247,"current_hp_per_floor":[77,73,67,57,57,55,55,61,61,61,54,54,56,63,63,39,92,92,92,92,92,90,98,98,102,102,102,102,102,102,102,102,102,102,102,102,102,102,102,102,102,102,102,102,116,116,116,116,116,116],"items_purged":["Strike_R","Strike_R","Defend_R","Defend_R","Armaments"],"gold":4794,"score":1329,"play_id":"b88f53fd-c990-4986-b04a-6ae1f536c647","local_time":"20180508191555","is_prod":false,"is_daily":false,"chose_seed":false,"is_ascension_mode":true,"campfire_upgraded":1,"timestamp":1525778155,"path_taken":["M","M","M","M","$","E","R","E","T","$","?","$","M","?","R","BOSS","M","?","M","M","M","E","R","M","T","M","E","$","?","E","R","BOSS","M","M","M","M","$","E","R","E","T","?","$","?","M","M","R","BOSS"],"build_version":"2018-05-03","seed_source_timestamp":13447875020770,"purchased_purges":5,"victory":true,"master_deck":["Brutality","Whirlwind","Flex+1","Cleave","Limit Break","Thunderclap","Flex","Offering+1","Double Tap+1","Limit Break","Limit Break","Inflame+1","Inflame","Battle Trance+1","Seeing Red","Flex+1","Seeing Red","Offering","Offering","Apotheosis+1"],"max_hp_per_floor":[80,80,80,80,80,80,80,80,80,80,80,80,80,87,87,87,92,92,92,92,92,102,102,102,102,102,102,102,102,102,102,102,102,102,102,102,102,102,102,102,102,102,102,102,116,116,116,116,116,116],"relics":["Burning Blood","Omamori","Peace Pipe","Charon\u0027s Ashes","Vajra","Mummified Hand","Turnip","Torii","Lantern","Ancient Tea Set","Sundial","Red Skull","Anchor","Matryoshka","Meat on the Bone","Ice Cream","Bronze Scales","Strawberry","Bag of Marbles","Blood Vial","Happy Flower","Tiny House","Self Forming Clay","War Paint","Orichalcum","Oddly Smooth Stone","Pear","Ginger","Old Coin","Gremlin Horn","Prayer Wheel","Letter Opener","Juzu Bracelet","Regal Pillow","Pen Nib","Bird Faced Urn","Kunai","Toy Ornithopter","Paper Frog","Shuriken","Bottled Lightning","Darkstone Periapt","Toolbox","Magic Flower","Question Card","Bottled Flame","Toxic Egg 2","Pantograph","Bottled Tornado","Mercury Hourglass","Calipers","Champion Belt","Frozen Egg 2","Dodecahedron","Unceasing Top","Shovel","Gambling Chip","Circlet","Mango","Thread and Needle","Circlet","Circlet"],"card_choices":[{"not_picked":["Headbutt","True Grit"],"picked":"Whirlwind","floor":1},{"not_picked":["Sword Boomerang","Dropkick"],"picked":"Flex","floor":1},{"not_picked":["Rage","Rampage"],"picked":"Cleave","floor":3},{"not_picked":["Headbutt","Sever Soul"],"picked":"Thunderclap","floor":6},{"not_picked":["Corruption","Pommel Strike"],"picked":"Flex","floor":6},{"not_picked":["Anger","Combust"],"picked":"Offering","floor":8},{"not_picked":["Bludgeon","Impervious"],"picked":"Double Tap","floor":16},{"not_picked":["Double Tap","Brutality"],"picked":"Limit Break","floor":16},{"not_picked":["Barricade","Impervious"],"picked":"Limit Break","floor":16},{"not_picked":["True Grit","Cleave"],"picked":"Inflame","floor":18},{"not_picked":["Clash","Shockwave"],"picked":"Inflame","floor":18},{"not_picked":["Warcry","Cleave"],"picked":"Battle Trance","floor":23},{"not_picked":["Clothesline","Barricade"],"picked":"Seeing Red","floor":27},{"not_picked":["Carnage","Reckless Charge"],"picked":"Armaments","floor":28},{"not_picked":["Shrug It Off","Cleave"],"picked":"Flex","floor":31},{"not_picked":["Thunderclap","Headbutt"],"picked":"Seeing Red","floor":31},{"not_picked":["Demon Form","Impervious"],"picked":"Offering","floor":33},{"not_picked":["Brutality","Impervious"],"picked":"Offering","floor":33}],"player_experience":28927,"potions_floor_usage":[6,8,8,16,18,23,23,23,28],"damage_taken":[{"damage":9,"enemies":"2 Louse","floor":1,"turns":3},{"damage":10,"enemies":"Small Slimes","floor":2,"turns":3},{"damage":12,"enemies":"Jaw Worm","floor":3,"turns":3},{"damage":16,"enemies":"Blue Slaver","floor":4,"turns":3},{"damage":8,"enemies":"Gremlin Nob","floor":6,"turns":3},{"damage":0,"enemies":"3 Sentries","floor":8,"turns":1},{"damage":4,"enemies":"Looter","floor":13,"turns":2},{"damage":42,"enemies":"The Guardian","floor":16,"turns":5},{"damage":4,"enemies":"Spheric Guardian","floor":18,"turns":1},{"damage":5,"enemies":"Shell Parasite","floor":20,"turns":2},{"damage":4,"enemies":"Cultist and Chosen","floor":21,"turns":1},{"damage":18,"enemies":"Snecko","floor":22,"turns":3},{"damage":0,"enemies":"Slavers","floor":23,"turns":1},{"damage":4,"enemies":"Centurion and Healer","floor":25,"turns":1},{"damage":0,"enemies":"Sentry and Sphere","floor":27,"turns":2},{"damage":0,"enemies":"Book of Stabbing","floor":28,"turns":1},{"damage":4,"enemies":"Slavers","floor":31,"turns":1},{"damage":4,"enemies":"Collector","floor":33,"turns":2},{"damage":4,"enemies":"3 Darklings","floor":35,"turns":1},{"damage":8,"enemies":"3 Shapes","floor":36,"turns":1},{"damage":8,"enemies":"Spire Growth","floor":37,"turns":1},{"damage":8,"enemies":"Maw","floor":38,"turns":1},{"damage":8,"enemies":"Giant Head","floor":40,"turns":1},{"damage":12,"enemies":"Nemesis","floor":42,"turns":1},{"damage":8,"enemies":"…Ò√ÿ‘≤«Ú","floor":44,"turns":1},{"damage":4,"enemies":"3 Darklings","floor":47,"turns":1},{"damage":4,"enemies":"Flame Bruiser 2 Orb","floor":48,"turns":1},{"damage":4,"enemies":"Donu and Deca","floor":50,"turns":1}],"event_choices":[{"event_name":"Golden Wing","player_choice":"Card Removal","floor":11,"damage_taken":0},{"event_name":"Addict","player_choice":"Obtained Relic","floor":19,"damage_taken":0},{"event_name":"Vampires","player_choice":"Ignored","floor":30,"damage_taken":0},{"event_name":"Mysterious Sphere","player_choice":"Fight","floor":44,"damage_taken":0},{"event_name":"Winding Halls","player_choice":"Writhe","floor":46,"damage_taken":0}],"boss_relics":[{"not_picked":["Runic Pyramid","Ectoplasm"],"picked":"Tiny House"},{"not_picked":["Calling Bell","Velvet Choker","Snecko Eye"]}],"potions_floor_spawned":[1,1,2,3,3,4,4,6,6,8,8,13,13,16,18,20,20,21,21,21,22,23,23,23,25,27,27,28,28,28,31,33,33,33,35,36,36,37,37,38,38,40,40,42,42,47,47,47,47],"seed_played":"-7859962454070246917","ascension_level":2,"is_trial":false}