{"gold_per_floor":[110,120,120,45,45,79,79,113,185,185,197,209,223,151,151,250,250,263,263,263,120,139,139,154,15,15,40,52,82,94,134,146,260,272,294,50,50,0,100,129,129,129,129,139,139,158,158,61,61,61],"floor_reached":51,"playtime":2699,"items_purged":["Clumsy"],"score":1021,"play_id":"fb699cf2-33dd-44e8-91a9-77ba343c3d27","local_time":"20190810211907","is_ascension_mode":true,"campfire_choices":[{"floor":7,"key":"REST"},{"data":"Zap","floor":10,"key":"SMITH"},{"floor":15,"key":"REST"},{"data":"White Noise","floor":23,"key":"SMITH"},{"data":"Loop","floor":30,"key":"SMITH"},{"data":"Tempest","floor":32,"key":"SMITH"},{"data":"Apotheosis","floor":41,"key":"SMITH"},{"data":"Defragment","floor":45,"key":"SMITH"},{"data":"Consume","floor":47,"key":"SMITH"},{"data":"Panacea","floor":49,"key":"SMITH"}],"neow_cost":"CURSE","seed_source_timestamp":20038002625200,"circlet_count":0,"master_deck":["Strike_B","Strike_B","Defend_B","Defend_B","Defend_B","Defend_B","Zap+1","Dualcast+1","Loop+1","Tempest+1","Conserve Battery","Double Energy","Rebound","White Noise+1","Streamline","Consume+1","Reinforced Body","Machine Learning","Leap","Ghostly","Ghostly","Ghostly","Ghostly","Ghostly","Panacea+1","Heatsinks+1","Skim","Glacier","Defragment+1","Apotheosis+1","Ball Lightning","Ball Lightning"],"relics":["Cracked Core","Omamori","Pantograph","Letter Opener","Busted Crown","Bird Faced Urn","DataDisk","MawBank","Vajra","Cursed Key","Red Mask","StoneCalendar","Emotion Chip","Happy Flower"],"potions_floor_usage":[6,8,13,16,16,16,33,33,50,50],"damage_taken":[{"damage":5,"enemies":"Small Slimes","floor":1,"turns":4},{"damage":0,"enemies":"Cultist","floor":2,"turns":3},{"damage":35,"enemies":"3 Sentries","floor":6,"turns":7},{"damage":20,"enemies":"Gremlin Nob","floor":8,"turns":3},{"damage":0,"enemies":"2 Louse","floor":11,"turns":2},{"damage":1,"enemies":"Exordium Wildlife","floor":12,"turns":4},{"damage":6,"enemies":"Large Slime","floor":13,"turns":5},{"damage":38,"enemies":"Hexaghost","floor":16,"turns":8},{"damage":20,"enemies":"Spheric Guardian","floor":18,"turns":4},{"damage":3,"enemies":"Shell Parasite","floor":22,"turns":5},{"damage":0,"enemies":"Snecko","floor":24,"turns":4},{"damage":2,"enemies":"Shelled Parasite and Fungi","floor":27,"turns":6},{"damage":13,"enemies":"Snake Plant","floor":29,"turns":4},{"damage":5,"enemies":"Gremlin Leader","floor":31,"turns":7},{"damage":24,"enemies":"Automaton","floor":33,"turns":8},{"damage":2,"enemies":"Orb Walker","floor":35,"turns":4},{"damage":10,"enemies":"Mind Bloom Boss Battle","floor":39,"turns":5},{"damage":0,"enemies":"Giant Head","floor":40,"turns":12},{"damage":4,"enemies":"3 Darklings","floor":44,"turns":4},{"damage":12,"enemies":"Writhing Mass","floor":46,"turns":6},{"damage":10,"enemies":"Time Eater","floor":50,"turns":9}],"seed_played":"-4990735255660068054","potions_obtained":[{"floor":1,"key":"EssenceOfSteel"},{"floor":5,"key":"FocusPotion"},{"floor":5,"key":"Weak Potion"},{"floor":5,"key":"Swift Potion"},{"floor":6,"key":"AttackPotion"},{"floor":11,"key":"Strength Potion"},{"floor":13,"key":"Poison Potion"},{"floor":18,"key":"Weak Potion"},{"floor":22,"key":"EssenceOfSteel"},{"floor":35,"key":"Block Potion"},{"floor":46,"key":"LiquidBronze"}],"is_trial":false,"path_per_floor":["M","M","?","$","?","E","R","E","T","R","M","M","M","$","R","B",null,"M","?","T","$","M","R","M","$","T","M","$","M","R","E","R","B",null,"M","$","?","?","?","E","R","?","T","M","R","M","R","$","R","B",null],"character_chosen":"DEFECT","items_purchased":["Reinforced Body","DataDisk","Panacea","SpeedPotion","Defragment","Apotheosis","Dexterity Potion","Ball Lightning"],"campfire_rested":2,"item_purchase_floors":[14,21,25,25,36,36,48,48],"current_hp_per_floor":[63,63,63,63,63,28,50,30,30,30,30,29,23,23,45,32,64,44,37,37,37,35,35,37,37,37,37,37,27,27,30,30,13,31,37,37,27,27,27,37,37,35,35,31,31,29,29,29,29,31],"gold":61,"neow_bonus":"TRANSFORM_TWO_CARDS","is_prod":false,"is_daily":false,"chose_seed":false,"campfire_upgraded":8,"win_rate":0,"timestamp":1565439547,"path_taken":["M","M","?","$","?","E","R","E","T","R","M","?","M","$","R","BOSS","M","?","?","?","M","R","M","$","T","M","$","M","R","E","R","BOSS","M","$","?","?","?","E","R","?","T","M","R","M","R","$","R","BOSS"],"build_version":"2019-07-17","purchased_purges":1,"victory":true,"max_hp_per_floor":[75,75,75,75,75,75,75,75,75,75,75,75,75,75,75,75,75,75,37,37,37,37,37,37,37,37,37,37,37,37,37,37,37,37,37,37,37,37,37,37,37,35,35,35,35,35,35,35,35,35],"card_choices":[{"not_picked":["Stack","Lockon"],"picked":"Conserve Battery","floor":1},{"not_picked":["Doom and Gloom","Hologram"],"picked":"Double Energy","floor":2},{"not_picked":["Blizzard","Loop"],"picked":"Rebound","floor":6},{"not_picked":["Chaos","Beam Cell"],"picked":"White Noise","floor":8},{"not_picked":["Turbo","Storm","Stack"],"picked":"SKIP","floor":11},{"not_picked":["Reprogram","Fusion"],"picked":"Streamline","floor":12},{"not_picked":["Go for the Eyes","Rebound"],"picked":"Consume","floor":13},{"not_picked":["Buffer","Fission"],"picked":"Machine Learning","floor":16},{"not_picked":[],"picked":"Leap","floor":18},{"not_picked":["Redo"],"picked":"SKIP","floor":22},{"not_picked":["Sunder"],"picked":"SKIP","floor":24},{"not_picked":[],"picked":"Heatsinks+1","floor":27},{"not_picked":["Turbo"],"picked":"SKIP","floor":29},{"not_picked":[],"picked":"Skim","floor":31},{"not_picked":[],"picked":"Glacier","floor":35},{"not_picked":["Turbo+1"],"picked":"SKIP","floor":40},{"not_picked":[],"picked":"Ball Lightning","floor":44},{"not_picked":["Cold Snap+1"],"picked":"SKIP","floor":46}],"player_experience":677741,"relics_obtained":[{"floor":6,"key":"Omamori"},{"floor":8,"key":"Pantograph"},{"floor":9,"key":"Letter Opener"},{"floor":20,"key":"Bird Faced Urn"},{"floor":26,"key":"MawBank"},{"floor":31,"key":"Vajra"},{"floor":39,"key":"StoneCalendar"},{"floor":40,"key":"Emotion Chip"},{"floor":43,"key":"Happy Flower"}],"event_choices":[{"damage_healed":0,"gold_gain":0,"player_choice":"Grow","damage_taken":0,"max_hp_gain":0,"max_hp_loss":0,"event_name":"Living Wall","floor":3,"gold_loss":0,"cards_upgraded":["Dualcast"]},{"damage_healed":0,"gold_gain":0,"player_choice":"Got Potions","damage_taken":0,"max_hp_gain":0,"max_hp_loss":0,"event_name":"Lab","floor":5,"gold_loss":0},{"damage_healed":0,"gold_gain":0,"player_choice":"Became a Ghost","damage_taken":0,"max_hp_gain":0,"max_hp_loss":38,"event_name":"Ghosts","floor":19,"gold_loss":0,"cards_obtained":["Ghostly","Ghostly","Ghostly","Ghostly","Ghostly"]},{"damage_healed":0,"gold_gain":0,"player_choice":"Memory 3","damage_taken":10,"max_hp_gain":0,"max_hp_loss":0,"event_name":"SensoryStone","floor":37,"gold_loss":0},{"damage_healed":0,"gold_gain":0,"player_choice":"Paid","damage_taken":0,"relics_obtained":["Red Mask"],"max_hp_gain":0,"max_hp_loss":0,"event_name":"Tomb of Lord Red Mask","floor":38,"gold_loss":50},{"damage_healed":0,"gold_gain":0,"player_choice":"Fight","damage_taken":0,"max_hp_gain":0,"max_hp_loss":0,"event_name":"MindBloom","floor":39,"gold_loss":0},{"damage_healed":0,"gold_gain":0,"player_choice":"Max HP","damage_taken":0,"max_hp_gain":0,"max_hp_loss":2,"event_name":"Winding Halls","floor":42,"gold_loss":0}],"is_beta":false,"boss_relics":[{"not_picked":["Ectoplasm","Black Star"],"picked":"Busted Crown"},{"not_picked":["Orrery","Runic Dome"],"picked":"Cursed Key"}],"items_purged_floors":[4],"is_endless":false,"potions_floor_spawned":[1,6,11,12,13,18,22,27,35,46],"ascension_level":8}