{"gold_per_floor":[116,11,11,26,26,62,62,93,93,108,128,128,148,182,182,312,312,326,286,306,306,29,29,29,45,45,45,64,64,87,87,87,87],"floor_reached":33,"playtime":1678,"items_purged":[],"score":350,"play_id":"5fec863f-a8f3-4c7d-933c-f50b50fb7168","local_time":"20190809235512","is_ascension_mode":true,"campfire_choices":[{"data":"Consume","floor":7,"key":"SMITH"},{"data":"White Noise","floor":12,"key":"SMITH"},{"floor":15,"key":"REST"},{"data":"Defragment","floor":23,"key":"SMITH"},{"data":"Zap","floor":27,"key":"SMITH"},{"data":"Redo","floor":29,"key":"SMITH"},{"data":"Heatsinks","floor":32,"key":"SMITH"}],"neow_cost":"NONE","seed_source_timestamp":598628222537500,"circlet_count":0,"master_deck":["Strike_B","Strike_B","Strike_B","Strike_B","Defend_B","Defend_B","Defend_B","Defend_B","Zap+1","Dualcast+1","Consume+1","Leap","Undo","White Noise+1","Rip and Tear","Biased Cognition","Reinforced Body","Hologram","Storm","Heatsinks+1","Seek+1","Glacier+1","Defragment+1","Cold Snap","Redo+1","Conserve Battery+1"],"relics":["Cracked Core","NeowsBlessing","Golden Idol","Mummified Hand","Juzu Bracelet","Meat on the Bone","Odd Mushroom","Coffee Dripper","Bottled Lightning","Symbiotic Virus","Bottled Flame","Letter Opener"],"potions_floor_usage":[8,16,16,20,33,33],"damage_taken":[{"damage":0,"enemies":"Cultist","floor":1,"turns":1},{"damage":0,"enemies":"Small Slimes","floor":4,"turns":1},{"damage":0,"enemies":"Lagavulin","floor":6,"turns":1},{"damage":30,"enemies":"3 Sentries","floor":8,"turns":6},{"damage":2,"enemies":"Jaw Worm","floor":10,"turns":2},{"damage":1,"enemies":"Exordium Thugs","floor":11,"turns":4},{"damage":15,"enemies":"Large Slime","floor":13,"turns":3},{"damage":7,"enemies":"The Mushroom Lair","floor":14,"turns":4},{"damage":41,"enemies":"Hexaghost","floor":16,"turns":9},{"damage":12,"enemies":"Shell Parasite","floor":18,"turns":5},{"damage":8,"enemies":"2 Thieves","floor":20,"turns":4},{"damage":1,"enemies":"Snake Plant","floor":25,"turns":3},{"damage":0,"enemies":"Snecko","floor":28,"turns":3},{"damage":5,"enemies":"Shelled Parasite and Fungi","floor":30,"turns":4},{"damage":60,"enemies":"Champ","floor":33,"turns":21}],"seed_played":"4270569912388554750","potions_obtained":[{"floor":1,"key":"PowerPotion"},{"floor":8,"key":"Strength Potion"},{"floor":14,"key":"AttackPotion"},{"floor":19,"key":"PowerPotion"},{"floor":19,"key":"FearPotion"},{"floor":19,"key":"Dexterity Potion"},{"floor":20,"key":"SteroidPotion"},{"floor":25,"key":"Swift Potion"}],"is_trial":false,"path_per_floor":["M","$","?","M","?","E","R","E","T","M","M","R","M","?","R","B",null,"M","?","M","?","$","R","T","M","T","R","M","R","M","?","R","B"],"character_chosen":"DEFECT","items_purchased":["Leap","Undo","Bottled Lightning","Defragment"],"campfire_rested":1,"item_purchase_floors":[2,2,22,22],"current_hp_per_floor":[75,75,57,57,57,57,57,27,27,37,48,48,45,38,60,31,64,52,52,44,44,44,44,44,43,43,43,43,43,38,38,38,0],"gold":87,"neow_bonus":"THREE_ENEMY_KILL","is_prod":false,"is_daily":false,"chose_seed":false,"campfire_upgraded":6,"win_rate":0,"timestamp":1565362512,"path_taken":["M","?","?","M","?","E","R","E","T","M","M","R","M","?","R","BOSS","M","?","M","?","$","R","?","M","T","R","M","R","M","?","R","BOSS"],"build_version":"2019-07-17","purchased_purges":0,"victory":false,"max_hp_per_floor":[75,75,75,75,75,75,75,75,75,75,75,75,75,75,75,75,75,75,75,75,75,75,75,75,75,75,75,75,75,75,75,75,75],"card_choices":[{"not_picked":["Loop","Leap"],"picked":"Consume","floor":1},{"not_picked":["Consume","Go for the Eyes"],"picked":"White Noise","floor":4},{"not_picked":["Cold Snap","Coolheaded"],"picked":"Rip and Tear","floor":6},{"not_picked":["Redo","Coolheaded"],"picked":"Biased Cognition","floor":8},{"not_picked":["Chaos","Steam Power"],"picked":"Reinforced Body","floor":10},{"not_picked":["Stack","Barrage"],"picked":"Hologram","floor":11},{"not_picked":["Doom and Gloom","Gash"],"picked":"Storm","floor":13},{"not_picked":["Static Discharge","Rip and Tear"],"picked":"Heatsinks","floor":14},{"not_picked":["Electrodynamics","Rainbow"],"picked":"Seek","floor":16},{"not_picked":["Steam","Stack"],"picked":"Glacier+1","floor":18},{"not_picked":["Lockon","Stack","Rebound"],"picked":"SKIP","floor":20},{"not_picked":["Coolheaded","Steam"],"picked":"Cold Snap","floor":25},{"not_picked":["Doom and Gloom+1","Coolheaded"],"picked":"Redo","floor":28},{"not_picked":["Force Field+1","Chaos"],"picked":"Conserve Battery+1","floor":30}],"player_experience":650220,"relics_obtained":[{"floor":6,"key":"Mummified Hand"},{"floor":8,"key":"Juzu Bracelet"},{"floor":9,"key":"Meat on the Bone"},{"floor":14,"key":"Odd Mushroom"},{"floor":24,"key":"Symbiotic Virus"},{"floor":26,"key":"Bottled Flame"}],"event_choices":[{"damage_healed":0,"gold_gain":0,"player_choice":"Take Damage","damage_taken":18,"relics_obtained":["Golden Idol"],"max_hp_gain":0,"max_hp_loss":0,"event_name":"Golden Idol","floor":3,"gold_loss":0},{"damage_healed":0,"gold_gain":0,"player_choice":"Grow","damage_taken":0,"max_hp_gain":0,"max_hp_loss":0,"event_name":"Living Wall","floor":5,"gold_loss":0,"cards_upgraded":["Dualcast"]},{"damage_healed":0,"gold_gain":0,"player_choice":"Fought Mushrooms","damage_taken":0,"max_hp_gain":0,"max_hp_loss":0,"event_name":"Mushrooms","floor":14,"gold_loss":0},{"damage_healed":0,"gold_gain":0,"player_choice":"Bought 3 Potions","damage_taken":0,"max_hp_gain":0,"max_hp_loss":0,"event_name":"The Woman in Blue","floor":19,"gold_loss":0},{"damage_healed":0,"gold_gain":0,"player_choice":"Forge","damage_taken":0,"max_hp_gain":0,"max_hp_loss":0,"event_name":"Accursed Blacksmith","floor":21,"gold_loss":0,"cards_upgraded":["Seek"]},{"damage_healed":0,"gold_gain":0,"player_choice":"Gave Potion","damage_taken":0,"relics_obtained":["Letter Opener"],"max_hp_gain":0,"max_hp_loss":0,"event_name":"WeMeetAgain","floor":31,"gold_loss":0}],"is_beta":false,"boss_relics":[{"not_picked":["Tiny House","Fusion Hammer"],"picked":"Coffee Dripper"}],"items_purged_floors":[],"is_endless":false,"potions_floor_spawned":[1,8,14,20,25],"killed_by":"Champ","ascension_level":5}