{"gold_per_floor":[210,111,131,145,160,160,170,170,170,170,170,16,31,46,46,151,151,170,186,186,186,205,205,283,66,66,82,181,200,200,213,213,314,314,333,333,76,86,86,86,118,129,154,154,171,171,181,181,181,181],"floor_reached":50,"playtime":2548,"items_purged":["Strike_R","Strike_R","Defend_R"],"score":687,"play_id":"ba732811-dcce-4007-a730-da9ecd84ed85","local_time":"20190105202216","is_ascension_mode":true,"campfire_choices":[{"data":"Whirlwind","floor":6,"key":"SMITH"},{"data":"Shockwave","floor":8,"key":"SMITH"},{"data":"Clothesline","floor":10,"key":"SMITH"},{"data":"Pommel Strike","floor":15,"key":"SMITH"},{"floor":23,"key":"REST"},{"data":"True Grit","floor":30,"key":"SMITH"},{"floor":32,"key":"REST"},{"data":"Body Slam","floor":40,"key":"SMITH"},{"floor":44,"key":"REST"},{"floor":46,"key":"REST"},{"data":"1","floor":49,"key":"LIFT"}],"neow_cost":"NONE","seed_source_timestamp":556163450698725,"circlet_count":0,"master_deck":["Strike_R+1","Strike_R+1","Defend_R+1","Defend_R+1","Defend_R+1","Bash+1","Whirlwind+1","Pommel Strike+1","Flex+1","Impervious+1","Clothesline+1","Shockwave+1","Shrug It Off+1","Intimidate+1","Shrug It Off+1","Offering+1","J.A.X.+1","True Grit+1","Inflame+1","Flame Barrier+1","Double Tap+1","Body Slam+1","Clothesline+1","Parasite","Power Through+1"],"relics":["Black Blood","Paper Frog","Sozu","The Courier","Bronze Scales","Shuriken","Vajra","Girya","Whetstone","Mark of the Bloom"],"potions_floor_usage":[7,16,16,16,33],"damage_taken":[{"damage":4,"enemies":"Jaw Worm","floor":1,"turns":4},{"damage":1,"enemies":"Cultist","floor":3,"turns":3},{"damage":0,"enemies":"2 Louse","floor":4,"turns":3},{"damage":8,"enemies":"Blue Slaver","floor":5,"turns":4},{"damage":10,"enemies":"Gremlin Gang","floor":7,"turns":3},{"damage":2,"enemies":"Exordium Wildlife","floor":13,"turns":4},{"damage":11,"enemies":"3 Louse","floor":14,"turns":3},{"damage":49,"enemies":"Hexaghost","floor":16,"turns":14},{"damage":18,"enemies":"Shell Parasite","floor":18,"turns":7},{"damage":6,"enemies":"Chosen","floor":19,"turns":4},{"damage":17,"enemies":"Centurion and Healer","floor":22,"turns":3},{"damage":13,"enemies":"Cultist and Chosen","floor":27,"turns":4},{"damage":5,"enemies":"Snake Plant","floor":29,"turns":3},{"damage":26,"enemies":"Chosen and Byrds","floor":31,"turns":4},{"damage":47,"enemies":"Collector","floor":33,"turns":7},{"damage":3,"enemies":"Orb Walker","floor":35,"turns":2},{"damage":16,"enemies":"3 Shapes","floor":38,"turns":2},{"damage":44,"enemies":"Giant Head","floor":41,"turns":8},{"damage":10,"enemies":"Writhing Mass","floor":42,"turns":4},{"damage":14,"enemies":"3 Darklings","floor":45,"turns":3},{"damage":20,"enemies":"Transient","floor":47,"turns":5},{"damage":69,"enemies":"Awakened One","floor":50,"turns":13}],"seed_played":"8365084116332067552","potions_obtained":[{"floor":5,"key":"Fire Potion"},{"floor":11,"key":"Block Potion"},{"floor":11,"key":"FearPotion"},{"floor":11,"key":"Fire Potion"},{"floor":16,"key":"Dexterity Potion"}],"is_trial":false,"path_per_floor":["M","$","M","M","M","R","M","R","T","R","?","$","M","M","R","B",null,"M","M","$","?","M","R","T","$","T","M","?","M","R","M","R","B",null,"M","?","$","M","?","R","E","M","T","R","M","R","M","?","R","B"],"character_chosen":"IRONCLAD","items_purchased":["Pommel Strike","Shrug It Off","Bronze Scales","Inflame","Flame Barrier","Body Slam","Vajra"],"campfire_rested":4,"item_purchase_floors":[2,12,25,25,25,37,37],"current_hp_per_floor":[74,74,79,80,78,78,74,74,74,74,74,74,78,73,73,30,68,56,56,56,56,45,69,69,69,69,62,62,63,63,43,67,26,67,74,74,74,68,68,68,34,34,34,58,54,78,68,68,68,0],"gold":181,"neow_bonus":"HUNDRED_GOLD","is_prod":false,"is_daily":false,"chose_seed":false,"campfire_upgraded":6,"win_rate":0,"timestamp":1546687336,"path_taken":["M","$","M","M","M","R","M","R","T","R","?","$","M","M","R","BOSS","M","M","?","?","M","R","?","$","T","?","?","M","R","M","R","BOSS","M","?","$","?","?","R","E","M","T","R","?","R","?","?","R","BOSS"],"build_version":"2019-01-03v4","purchased_purges":3,"victory":false,"max_hp_per_floor":[80,80,80,80,80,80,80,80,80,80,80,80,80,80,80,80,80,80,80,80,80,80,80,80,80,80,80,80,80,80,80,80,80,80,80,80,80,80,80,80,80,80,80,80,80,80,80,80,80,80],"card_choices":[{"not_picked":["Thunderclap","Pommel Strike"],"picked":"Whirlwind","floor":1},{"not_picked":["Entrench","Twin Strike"],"picked":"Flex","floor":3},{"not_picked":["Armaments","Warcry"],"picked":"Impervious","floor":4},{"not_picked":["Dropkick","Havoc"],"picked":"Clothesline","floor":5},{"not_picked":["Anger","Seeing Red"],"picked":"Shockwave","floor":7},{"not_picked":["Bloodletting","Metallicize"],"picked":"Intimidate","floor":13},{"not_picked":["Fire Breathing","Iron Wave"],"picked":"Shrug It Off","floor":14},{"not_picked":["Immolate","Dark Embrace"],"picked":"Offering","floor":16},{"not_picked":["Headbutt+1","Iron Wave","Perfected Strike"],"picked":"SKIP","floor":18},{"not_picked":["Twin Strike+1","Iron Wave","Clash"],"picked":"SKIP","floor":19},{"not_picked":["Sentinel+1","Warcry"],"picked":"True Grit","floor":22},{"not_picked":["Clash","Immolate","Havoc"],"picked":"SKIP","floor":27},{"not_picked":["Headbutt","Shrug It Off","Dropkick"],"picked":"SKIP","floor":29},{"not_picked":["Warcry","True Grit","Sword Boomerang"],"picked":"SKIP","floor":31},{"not_picked":["Berserk","Dark Embrace"],"picked":"Double Tap","floor":33},{"not_picked":["Perfected Strike+1","Headbutt","Clothesline"],"picked":"SKIP","floor":35},{"not_picked":["Wild Strike+1","Perfected Strike+1","Body Slam+1"],"picked":"SKIP","floor":38},{"not_picked":["Pommel Strike","Wild Strike","Armaments"],"picked":"SKIP","floor":41},{"not_picked":["True Grit+1","Bludgeon","Warcry"],"picked":"SKIP","floor":42},{"not_picked":["Headbutt+1","Twin Strike","Fire Breathing"],"picked":"SKIP","floor":45},{"not_picked":["Inflame","Ghostly Armor+1"],"picked":"Power Through+1","floor":47}],"player_experience":160532,"relics_obtained":[{"floor":9,"key":"Paper Frog"},{"floor":24,"key":"The Courier"},{"floor":26,"key":"Shuriken"},{"floor":41,"key":"Girya"},{"floor":43,"key":"Whetstone"}],"event_choices":[{"damage_healed":0,"gold_gain":0,"player_choice":"Got Potions","damage_taken":0,"max_hp_gain":0,"max_hp_loss":0,"event_name":"Lab","floor":11,"gold_loss":0},{"damage_healed":0,"gold_gain":0,"player_choice":"Obtain J.A.X.","damage_taken":0,"max_hp_gain":0,"max_hp_loss":0,"event_name":"Drug Dealer","floor":21,"gold_loss":0,"cards_obtained":["J.A.X."]},{"damage_healed":0,"gold_gain":99,"player_choice":"Stole From Cult","damage_taken":0,"max_hp_gain":0,"max_hp_loss":0,"event_name":"Nest","floor":28,"gold_loss":0},{"damage_healed":0,"gold_gain":0,"player_choice":"Ignored","damage_taken":0,"max_hp_gain":0,"max_hp_loss":0,"event_name":"WeMeetAgain","floor":36,"gold_loss":0},{"damage_healed":0,"gold_gain":0,"cards_transformed":["Strike_R"],"player_choice":"Transformed","damage_taken":0,"max_hp_gain":0,"max_hp_loss":0,"event_name":"Transmorgrifier","floor":39,"gold_loss":0,"cards_obtained":["Clothesline"]},{"damage_healed":0,"gold_gain":0,"player_choice":"Upgrade","damage_taken":0,"relics_obtained":["Mark of the Bloom"],"max_hp_gain":0,"max_hp_loss":0,"event_name":"MindBloom","floor":48,"gold_loss":0,"cards_upgraded":["Strike_R","Defend_R","Defend_R","Defend_R","Bash","Flex","Impervious","Shrug It Off","Intimidate","Shrug It Off","Offering","J.A.X.","Inflame","Flame Barrier","Double Tap"]}],"is_beta":false,"boss_relics":[{"not_picked":["Runic Dome","Calling Bell"],"picked":"Sozu"},{"not_picked":["White Beast Statue","Runic Cube"],"picked":"Black Blood"}],"items_purged_floors":[2,12,37],"is_endless":false,"potions_floor_spawned":[5,16,27,29,31,33,35,47],"killed_by":"Awakened One","ascension_level":8}