{"gold_per_floor":[118,118,128,139,35,69,79,79,79,98,98,98,114,125,125,125],"floor_reached":16,"playtime":1102,"items_purged":[],"score":104,"play_id":"213c8c23-f459-4ff5-9ddc-5d86e6007c6c","local_time":"20180920105921","is_ascension_mode":false,"campfire_choices":[{"floor":8,"key":"REST"},{"floor":12,"key":"REST"},{"floor":15,"key":"REST"}],"neow_cost":"TEN_PERCENT_HP_LOSS","seed_source_timestamp":86495726525686,"circlet_count":0,"master_deck":["Defend_G","Defend_G","Defend_G","Defend_G","Defend_G","Strike_G","Strike_G","Strike_G","Strike_G","Strike_G","Survivor","Neutralize","Blade Dance","Sucker Punch","Distraction","Reflex","Caltrops","Crippling Poison","Deadly Poison","Deadly Poison","Slice","Choke"],"relics":["Ring of the Snake","Ginger","NlothsMask","Shuriken"],"potions_floor_usage":[6,16,16],"damage_taken":[{"damage":0,"enemies":"2 Louse","floor":1,"turns":3},{"damage":4,"enemies":"Cultist","floor":3,"turns":4},{"damage":6,"enemies":"Jaw Worm","floor":4,"turns":5},{"damage":32,"enemies":"Lagavulin","floor":6,"turns":9},{"damage":14,"enemies":"Exordium Thugs","floor":7,"turns":4},{"damage":12,"enemies":"3 Louse","floor":10,"turns":3},{"damage":7,"enemies":"Blue Slaver","floor":13,"turns":4},{"damage":7,"enemies":"Large Slime","floor":14,"turns":5},{"damage":38,"enemies":"Slime Boss","floor":16,"turns":5}],"seed_played":"-8567305033585560","potions_obtained":[{"floor":1,"key":"SpeedPotion"},{"floor":4,"key":"Block Potion"},{"floor":7,"key":"Energy Potion"},{"floor":13,"key":"Explosive Potion"}],"is_trial":false,"path_per_floor":["M","?","M","M","$","E","M","R","T","M","?","R","M","M","R"],"character_chosen":"THE_SILENT","items_purchased":["Reflex","Caltrops"],"campfire_rested":3,"item_purchase_floors":[5,5],"current_hp_per_floor":[63,63,59,53,53,21,7,25,25,13,13,31,24,17,35,0],"gold":125,"neow_bonus":"ONE_RARE_RELIC","is_prod":false,"is_daily":false,"chose_seed":false,"campfire_upgraded":0,"win_rate":0.0,"timestamp":1537466361,"path_taken":["M","?","M","?","?","E","?","R","T","M","?","R","M","M","R","BOSS"],"build_version":"2018-09-06","purchased_purges":0,"victory":false,"max_hp_per_floor":[63,63,63,63,63,63,63,63,63,63,63,63,63,63,63,63],"card_choices":[{"not_picked":["Escape Plan","Footwork"],"picked":"Blade Dance","floor":1},{"not_picked":["Footwork","Blur"],"picked":"Sucker Punch","floor":3},{"not_picked":["All Out Attack","Footwork"],"picked":"Distraction","floor":4},{"not_picked":["Blur","Footwork"],"picked":"Crippling Poison","floor":6},{"not_picked":["Skewer","Acrobatics"],"picked":"Deadly Poison","floor":7},{"not_picked":["Outmaneuver","Dodge and Roll"],"picked":"Deadly Poison","floor":10},{"not_picked":["Quick Slash","All Out Attack"],"picked":"Slice","floor":13},{"not_picked":["Dodge and Roll","Distraction"],"picked":"Choke","floor":14}],"player_experience":13775,"relics_obtained":[{"floor":6,"key":"Shuriken"}],"event_choices":[{"event_name":"FaceTrader","player_choice":"Trade","floor":2,"damage_taken":0},{"event_name":"Scrap Ooze","player_choice":"unsuccessful","floor":11,"damage_taken":0}],"is_beta":false,"boss_relics":[],"items_purged_floors":[],"is_endless":false,"potions_floor_spawned":[1,4,7,13],"killed_by":"Slime Boss","ascension_level":0}