{"gold_per_floor":[112,123,123,48,223,253,253,283,283,283,338,357,357,357,357,483,483,499,326,349,349,274,274,300,328,340,352,383,415,427,439,451,463],"floor_reached":33,"playtime":1035,"items_purged":["Doubt"],"score":444,"play_id":"c91e6527-0062-4350-9ae9-836a2b0186b6","local_time":"20190825224023","is_ascension_mode":true,"campfire_choices":[{"data":"Body Slam","floor":7,"key":"SMITH"},{"floor":13,"key":"REST"},{"floor":15,"key":"REST"},{"floor":23,"key":"REST"},{"data":"Flex","floor":27,"key":"SMITH"},{"data":"Shockwave","floor":30,"key":"SMITH"},{"data":"Bludgeon","floor":32,"key":"SMITH"}],"neow_cost":"NONE","seed_source_timestamp":909548865183600,"circlet_count":0,"master_deck":["AscendersBane","Strike_R","Strike_R","Strike_R","Strike_R+1","Defend_R","Defend_R","Defend_R","Defend_R","Bash","Heavy Blade+1","Body Slam+1","Spot Weakness","Anger","Clothesline","Bludgeon+1","Battle Trance+1","Flex+1","Shrug It Off","Shockwave+1","Heavy Blade","Writhe","Pummel"],"relics":["Burning Blood","NeowsBlessing","Question Card","Bag of Preparation","Mango","Pen Nib","Tiny Chest","Bloody Idol","Cursed Key","MawBank","Letter Opener"],"potions_floor_usage":[8,16,24,33,33,33],"damage_taken":[{"damage":0,"enemies":"2 Louse","floor":1,"turns":1},{"damage":0,"enemies":"Small Slimes","floor":2,"turns":1},{"damage":0,"enemies":"3 Sentries","floor":6,"turns":2},{"damage":46,"enemies":"Lagavulin","floor":8,"turns":6},{"damage":2,"enemies":"Jaw Worm","floor":12,"turns":2},{"damage":49,"enemies":"Slime Boss","floor":16,"turns":9},{"damage":28,"enemies":"Shell Parasite","floor":18,"turns":4},{"damage":3,"enemies":"Chosen","floor":20,"turns":3},{"damage":36,"enemies":"Book of Stabbing","floor":24,"turns":4},{"damage":26,"enemies":"Centurion and Healer","floor":25,"turns":4},{"damage":0,"enemies":"Cultist and Chosen","floor":28,"turns":3},{"damage":31,"enemies":"Shelled Parasite and Fungi","floor":29,"turns":4},{"damage":99,"enemies":"Champ","floor":33,"turns":8}],"seed_played":"-8796184018454280488","potions_obtained":[{"floor":6,"key":"Strength Potion"},{"floor":8,"key":"Energy Potion"},{"floor":12,"key":"LiquidBronze"},{"floor":16,"key":"Dexterity Potion"},{"floor":20,"key":"BloodPotion"},{"floor":24,"key":"Dexterity Potion"}],"is_trial":false,"path_per_floor":["M","M","?","$","?","E","R","E","T","?","T","M","R","?","R","B",null,"M","$","M","?","?","R","E","M","T","R","M","M","R","$","R","B"],"character_chosen":"IRONCLAD","items_purchased":["Spot Weakness","Flex","Fire Potion"],"campfire_rested":3,"item_purchase_floors":[4,19,19],"current_hp_per_floor":[78,80,64,64,64,70,70,30,44,41,41,45,73,50,78,35,79,57,57,60,60,60,88,86,76,81,86,94,74,79,84,89,0],"gold":463,"neow_bonus":"THREE_ENEMY_KILL","is_prod":false,"is_daily":false,"chose_seed":false,"campfire_upgraded":4,"win_rate":0,"timestamp":1566740423,"path_taken":["M","M","?","$","?","E","R","E","T","?","?","M","R","?","R","BOSS","M","$","M","?","?","R","E","M","T","R","M","M","R","$","R","BOSS"],"build_version":"2019-07-17","purchased_purges":1,"victory":false,"max_hp_per_floor":[80,80,80,80,80,80,80,80,94,94,94,94,94,94,94,94,94,94,94,94,94,94,94,94,94,94,94,94,94,94,94,94,94],"card_choices":[{"not_picked":["Clash","Warcry"],"picked":"Heavy Blade","floor":1},{"not_picked":["Second Wind","Entrench"],"picked":"Body Slam","floor":2},{"not_picked":["Iron Wave","Dark Embrace","Clash"],"picked":"SKIP","floor":6},{"not_picked":["Wild Strike","Headbutt","Body Slam"],"picked":"Anger","floor":8},{"not_picked":["Body Slam","Pommel Strike","Rage"],"picked":"Clothesline","floor":12},{"not_picked":["Feed","Fiend Fire","Exhume"],"picked":"Bludgeon","floor":16},{"not_picked":["Clothesline+1","Body Slam","Warcry+1"],"picked":"Battle Trance+1","floor":18},{"not_picked":["Armaments","Twin Strike+1","Sword Boomerang"],"picked":"Shrug It Off","floor":20},{"not_picked":["Fire Breathing","Impervious","Entrench"],"picked":"Shockwave","floor":24},{"not_picked":["Reckless Charge","Power Through","Warcry"],"picked":"Heavy Blade","floor":25},{"not_picked":["Blood for Blood","Intimidate","Flex"],"picked":"Pummel","floor":28},{"not_picked":["Flex","Clash","Barricade","Infernal Blade"],"picked":"SKIP","floor":29}],"player_experience":219299,"relics_obtained":[{"floor":6,"key":"Question Card"},{"floor":8,"key":"Bag of Preparation"},{"floor":9,"key":"Mango"},{"floor":11,"key":"Tiny Chest"},{"floor":24,"key":"MawBank"},{"floor":26,"key":"Letter Opener"}],"event_choices":[{"damage_healed":0,"gold_gain":0,"player_choice":"Entered Light","damage_taken":16,"max_hp_gain":0,"max_hp_loss":0,"event_name":"Shining Light","floor":3,"gold_loss":0,"cards_upgraded":["Heavy Blade","Strike_R"]},{"damage_healed":0,"gold_gain":175,"player_choice":"AGREE","damage_taken":0,"max_hp_gain":0,"max_hp_loss":0,"event_name":"Liars Game","floor":5,"gold_loss":0,"cards_obtained":["Doubt"]},{"damage_healed":0,"gold_gain":0,"player_choice":"Success","damage_taken":3,"relics_obtained":["Pen Nib"],"max_hp_gain":0,"max_hp_loss":0,"event_name":"Scrap Ooze","floor":10,"gold_loss":0},{"damage_healed":0,"gold_gain":0,"player_choice":"Take Damage","damage_taken":23,"relics_obtained":["Golden Idol"],"max_hp_gain":0,"max_hp_loss":0,"event_name":"Golden Idol","floor":14,"gold_loss":0},{"damage_healed":0,"gold_gain":0,"player_choice":"Gave Idol","damage_taken":0,"relics_obtained":["Bloody Idol"],"max_hp_gain":0,"max_hp_loss":0,"event_name":"Forgotten Altar","floor":21,"relics_lost":["Golden Idol"],"gold_loss":0},{"cards_removed":["Strike_R"],"damage_healed":0,"gold_gain":0,"player_choice":"Gave Gold","damage_taken":0,"max_hp_gain":0,"max_hp_loss":0,"event_name":"Beggar","floor":22,"gold_loss":75}],"is_beta":false,"boss_relics":[{"not_picked":["Pandora\u0027s Box","Runic Pyramid"],"picked":"Cursed Key"}],"items_purged_floors":[19],"is_endless":false,"potions_floor_spawned":[6,8,12,16,20,24],"killed_by":"Champ","ascension_level":10}