{"path_per_floor":["M","T","M","T","?","R","?","M","T","E","M","M","R","M","R","B",null,"M","$","M","?","M","R","E","T","T","E","M","M","M"],"character_chosen":"DEFECT","items_purchased":["Matryoshka"],"gold_per_floor":[114,114,129,129,129,129,129,144,144,174,189,204,204,219,219,319,319,334,9,24,24,39,39,69,119,119,149,164,179,194,194],"floor_reached":31,"campfire_rested":3,"playtime":1561,"current_hp_per_floor":[75,81,80,86,86,86,87,87,93,58,55,45,72,65,92,38,99,92,92,77,83,45,76,8,14,20,31,36,34,26,0],"items_purged":["Doubt"],"gold":194,"score":429,"play_id":"62d66757-f7fe-4f63-9c8f-f6894c5595c8","local_time":"20180505162054","daily_mods":["Heirloom","Cursed Run","Elite Swarm"],"is_prod":false,"is_daily":true,"chose_seed":false,"is_ascension_mode":false,"campfire_upgraded":1,"timestamp":1525508454,"path_taken":["M","?","M","?","?","R","?","M","T","E","M","?","R","?","R","BOSS","M","$","?","?","M","R","E","?","T","E","M","M","M","M"],"build_version":"2018-05-03","seed_source_timestamp":0,"purchased_purges":1,"victory":false,"master_deck":["Strike_B","Strike_B","Strike_B","Strike_B","Defend_B","Defend_B+1","Defend_B","Defend_B+1","Zap+1","Dualcast+1","Writhe","FTL","Clumsy","Turbo","Seek","Streamline","Ball Lightning","White Noise","Regret","Echo Form","Double Energy","Writhe","Rip and Tear+1","Pain","Parasite","Machine Learning+1","Skim+1","Conserve Battery+1","Sweeping Beam+1"],"max_hp_per_floor":[75,81,81,87,87,87,87,87,93,93,93,93,93,93,93,99,99,99,99,99,105,105,105,105,111,117,117,117,117,117,117],"relics":["Cursed Key","Darkstone Periapt","Du-Vu Doll","Emotion Chip","Kunai","Dodecahedron","Sundial","Peace Pipe","Lizard Tail","Matryoshka","Frozen Egg 2","Happy Flower","Juzu Bracelet","Blood Vial","War Paint","Meat on the Bone","The Courier"],"card_choices":[{"not_picked":["Barrage","Capacitor"],"picked":"Coolheaded","floor":1},{"not_picked":["Reinforced Body","Hologram"],"picked":"FTL","floor":3},{"not_picked":["Hologram","Darkness"],"picked":"Turbo","floor":8},{"not_picked":["Nova","Fission"],"picked":"Seek","floor":10},{"not_picked":["Doom and Gloom","Scrape"],"picked":"Streamline","floor":11},{"not_picked":["Cold Snap","Leap"],"picked":"Ball Lightning","floor":12},{"not_picked":["Turbo","Barrage"],"picked":"White Noise","floor":14},{"not_picked":["Meteor Strike","Amplify"],"picked":"Echo Form","floor":16},{"not_picked":["Blizzard","Recycle"],"picked":"Double Energy","floor":18},{"not_picked":["Storm","Cold Snap"],"picked":"Rip and Tear","floor":22},{"not_picked":["Prime","Rainbow"],"picked":"Machine Learning","floor":27},{"not_picked":["Turbo","Coolheaded"],"picked":"Skim","floor":28},{"not_picked":["Skim","Barrage"],"picked":"Conserve Battery","floor":29},{"not_picked":["Go for the Eyes","Streamline"],"picked":"Sweeping Beam","floor":30}],"player_experience":8527,"potions_floor_usage":[10,20,20,20,31],"damage_taken":[{"damage":0,"enemies":"Cultist","floor":1,"turns":3},{"damage":1,"enemies":"Jaw Worm","floor":3,"turns":4},{"damage":0,"enemies":"Small Slimes","floor":8,"turns":2},{"damage":35,"enemies":"Lagavulin","floor":10,"turns":6},{"damage":3,"enemies":"Exordium Thugs","floor":11,"turns":3},{"damage":10,"enemies":"Looter","floor":12,"turns":2},{"damage":7,"enemies":"Gremlin Gang","floor":14,"turns":4},{"damage":60,"enemies":"Hexaghost","floor":16,"turns":9},{"damage":7,"enemies":"3 Byrds","floor":18,"turns":4},{"damage":24,"enemies":"2 Thieves","floor":20,"turns":3},{"damage":38,"enemies":"Snake Plant","floor":22,"turns":4},{"damage":68,"enemies":"Gremlin Leader","floor":24,"turns":6},{"damage":68,"enemies":"Slavers","floor":27,"turns":5},{"damage":9,"enemies":"Snecko","floor":28,"turns":4},{"damage":16,"enemies":"Chosen and Byrds","floor":29,"turns":3},{"damage":22,"enemies":"Snake Plant","floor":30,"turns":3},{"damage":29,"enemies":"Slaver and Parasite","floor":31,"turns":2}],"event_choices":[{"event_name":"Living Wall","player_choice":"Grow","floor":5,"damage_taken":0},{"event_name":"Bonfire Elementals","player_choice":"COMMON","floor":7,"damage_taken":0},{"event_name":"The Mausoleum","player_choice":"Yes","floor":21,"damage_taken":0}],"boss_relics":[{"not_picked":["White Beast Statue","Snecko Eye"],"picked":"Lizard Tail"}],"potions_floor_spawned":[8,12,16,18,24,27,30],"seed_played":"-736207879741980722","killed_by":"Slaver and Parasite","ascension_level":0,"is_trial":false}