{"gold_per_floor":[119,138,154,164,179,179,237,254,331,25,25,41,41,41,41,144,144,158,98,114,114,132,132,158,158,158,188,188,202,222,100,100,100],"floor_reached":33,"playtime":7992,"items_purged":["Strike_R"],"score":328,"play_id":"18e3b2ad-b21f-4c54-8f46-a3d0b9256cbe","local_time":"20181002123055","is_ascension_mode":true,"campfire_choices":[{"data":"Metallicize","floor":6,"key":"SMITH"},{"floor":15,"key":"REST"},{"floor":23,"key":"REST"},{"floor":25,"key":"REST"},{"floor":32,"key":"REST"}],"neow_cost":"PERCENT_DAMAGE","seed_source_timestamp":170323560906256,"circlet_count":0,"master_deck":["Strike_R","Strike_R","Defend_R","Defend_R","Defend_R","Defend_R","Bash","Flex","Shrug It Off","Cleave","Inflame","Metallicize+1","Barricade","Headbutt","Fiend Fire","Shrug It Off","Twin Strike","Impervious","Dual Wield","Seeing Red+1","Necronomicurse","Anger+1","Entrench","Body Slam","Sentinel","Berserk","Writhe","Shockwave+1","Reaper","Iron Wave+1"],"relics":["Burning Blood","Tiny Chest","Matryoshka","Pen Nib","Dream Catcher","Bag of Preparation","Art of War","Empty Cage","Necronomicon","Charon\u0027s Ashes","Blue Candle","The Courier","Oddly Smooth Stone","Strawberry"],"potions_floor_usage":[16,22,24,24,27,29,33],"damage_taken":[{"damage":2,"enemies":"Cultist","floor":1,"turns":5},{"damage":1,"enemies":"Small Slimes","floor":2,"turns":4},{"damage":0,"enemies":"2 Louse","floor":3,"turns":4},{"damage":14,"enemies":"Exordium Wildlife","floor":4,"turns":6},{"damage":5,"enemies":"Large Slime","floor":5,"turns":6},{"damage":23,"enemies":"Gremlin Nob","floor":7,"turns":5},{"damage":3,"enemies":"3 Louse","floor":8,"turns":2},{"damage":6,"enemies":"2 Fungi Beasts","floor":12,"turns":5},{"damage":41,"enemies":"Hexaghost","floor":16,"turns":13},{"damage":6,"enemies":"Spheric Guardian","floor":18,"turns":4},{"damage":12,"enemies":"2 Thieves","floor":19,"turns":4},{"damage":31,"enemies":"Snake Plant","floor":20,"turns":7},{"damage":25,"enemies":"Snecko","floor":22,"turns":5},{"damage":34,"enemies":"Gremlin Leader","floor":24,"turns":8},{"damage":43,"enemies":"Slavers","floor":27,"turns":7},{"damage":13,"enemies":"Shelled Parasite and Fungi","floor":29,"turns":8},{"damage":23,"enemies":"Snake Plant","floor":30,"turns":5},{"damage":75,"enemies":"Automaton","floor":33,"turns":10}],"seed_played":"4136417709081057682","potions_obtained":[{"floor":3,"key":"Swift Potion"},{"floor":7,"key":"Weak Potion"},{"floor":16,"key":"Weak Potion"},{"floor":20,"key":"Explosive Potion"},{"floor":22,"key":"Strength Potion"},{"floor":27,"key":"BloodPotion"},{"floor":30,"key":"Strength Potion"}],"is_trial":false,"path_per_floor":["M","M","M","M","M","R","E","M","T","$","T","M","?","$","R","B",null,"M","M","M","?","M","R","E","R","T","E","?","M","M","$","R"],"character_chosen":"IRONCLAD","items_purchased":["Pen Nib","Dream Catcher","Reaper"],"campfire_rested":4,"item_purchase_floors":[10,10,31],"current_hp_per_floor":[73,78,84,76,77,77,60,63,63,63,63,63,63,63,91,56,96,96,90,65,49,30,58,30,58,58,21,28,31,14,14,44,0],"gold":100,"neow_bonus":"TWENTY_PERCENT_HP_BONUS","is_prod":false,"is_daily":false,"chose_seed":false,"campfire_upgraded":1,"win_rate":0,"timestamp":1538508655,"path_taken":["M","M","M","M","M","R","E","M","T","$","?","M","?","?","R","BOSS","M","M","M","?","M","R","E","R","T","E","?","M","M","$","R","BOSS"],"build_version":"2018-09-27","purchased_purges":1,"victory":false,"max_hp_per_floor":[96,96,96,96,96,96,96,96,96,96,96,96,96,96,96,96,96,96,96,96,96,96,96,96,96,96,96,103,103,103,103,103,103],"card_choices":[{"not_picked":["Body Slam","Evolve"],"picked":"Flex","floor":1},{"not_picked":["Pummel","Intimidate"],"picked":"Shrug It Off","floor":2},{"not_picked":["Headbutt","Flex"],"picked":"Cleave","floor":3},{"not_picked":["Havoc","Cleave"],"picked":"Inflame","floor":4},{"not_picked":["Searing Blow","Wild Strike"],"picked":"Metallicize","floor":5},{"not_picked":["Pommel Strike","Armaments"],"picked":"Barricade","floor":7},{"not_picked":["Pommel Strike","Cleave"],"picked":"Headbutt","floor":8},{"not_picked":["Warcry","Dark Embrace","Hemokinesis"],"picked":"SKIP","floor":12},{"not_picked":["Rupture","Sever Soul"],"picked":"Twin Strike","floor":15},{"not_picked":["Bludgeon","Offering"],"picked":"Impervious","floor":16},{"not_picked":["Anger","Havoc+1"],"picked":"Dual Wield","floor":18},{"not_picked":["Shrug It Off","Havoc+1","Spot Weakness"],"picked":"SKIP","floor":19},{"not_picked":["Havoc","Anger"],"picked":"Seeing Red+1","floor":20},{"not_picked":["Combust","Dark Embrace"],"picked":"Anger+1","floor":22},{"not_picked":["Infernal Blade","Thunderclap+1"],"picked":"Entrench","floor":23},{"not_picked":["Exhume","True Grit+1"],"picked":"Body Slam","floor":24},{"not_picked":["Sword Boomerang","Headbutt+1"],"picked":"Sentinel","floor":25},{"not_picked":["Twin Strike","Thunderclap+1"],"picked":"Berserk","floor":27},{"not_picked":["Spot Weakness+1","Pommel Strike"],"picked":"Shockwave+1","floor":29},{"not_picked":["Wild Strike+1","Armaments","Perfected Strike"],"picked":"SKIP","floor":30},{"not_picked":["Sentinel","Clash"],"picked":"Iron Wave+1","floor":32}],"player_experience":112628,"relics_obtained":[{"floor":7,"key":"Tiny Chest"},{"floor":9,"key":"Matryoshka"},{"floor":11,"key":"Bag of Preparation"},{"floor":11,"key":"Art of War"},{"floor":21,"key":"Necronomicon"},{"floor":24,"key":"Charon\u0027s Ashes"},{"floor":26,"key":"Blue Candle"},{"floor":26,"key":"The Courier"},{"floor":27,"key":"Oddly Smooth Stone"}],"event_choices":[{"event_name":"Match and Keep!","player_choice":"2 cards matched","floor":13,"damage_taken":0},{"event_name":"Cursed Tome","player_choice":"Obtained Book","floor":21,"damage_taken":0},{"event_name":"The Mausoleum","player_choice":"Yes","floor":28,"damage_taken":0}],"is_beta":false,"boss_relics":[{"not_picked":["Philosopher\u0027s Stone","Fusion Hammer"],"picked":"Empty Cage"}],"items_purged_floors":[31],"is_endless":false,"potions_floor_spawned":[3,7,16,20,22,27,30],"killed_by":"Automaton","ascension_level":1}