{"gold_per_floor":[119,134,134,56,68,103,103,132,132,148,39,39,39,54,54,159,159,175,64,81,94,19,19,35,54,54,54,73,73,73,85,85,183,183,196,471,256,275,275,106,106,119,119,129,129,154,154,76,76,76],"floor_reached":50,"playtime":3996,"items_purged":["Defend_G","Regret"],"score":542,"play_id":"47253add-53c9-4b79-a4c5-96bfffc4e4fc","local_time":"20190706094756","is_ascension_mode":true,"campfire_choices":[{"data":"Footwork","floor":7.0,"key":"SMITH"},{"data":"Malaise","floor":13,"key":"SMITH"},{"floor":15,"key":"REST"},{"data":"Envenom","floor":23,"key":"SMITH"},{"data":"Footwork","floor":27,"key":"SMITH"},{"data":"Neutralize","floor":29,"key":"SMITH"},{"data":"Crippling Poison","floor":32,"key":"SMITH"},{"data":"Doppelganger","floor":45,"key":"SMITH"},{"data":"Footwork","floor":49,"key":"SMITH"}],"neow_cost":"NONE","seed_source_timestamp":0,"circlet_count":0,"master_deck":["Strike_G+1","Strike_G+1","Strike_G+1","Defend_G+1","Defend_G+1","Defend_G+1","Defend_G+1","Survivor+1","Neutralize+1","Dagger Spray","Infinite Blades","Footwork+1","Backstab","Malaise+1","Leg Sweep","Backflip","Well Laid Plans","Dash","Envenom+1","Deflect+1","Catalyst","Footwork+1","Bane+1","PiercingWail+1","All Out Attack","Crippling Poison+1","Doppelganger+1","Footwork+1","Bouncing Flask","Acrobatics","Deadly Poison+1","Well Laid Plans+1","Blur"],"special_seed":0,"relics":["Ring of the Snake","NeowsBlessing","Shuriken","Pear","Matryoshka","Eternal Feather","Happy Flower","Juzu Bracelet","HoveringKite","War Paint","Orichalcum","Kunai","Art of War"],"potions_floor_usage":[16,16,20,24,33,33,33,42,50,50,50,50],"damage_taken":[{"damage":0.0,"enemies":"Jaw Worm","floor":1.0,"turns":1.0},{"damage":0.0,"enemies":"Cultist","floor":2.0,"turns":1.0},{"damage":0.0,"enemies":"Small Slimes","floor":5.0,"turns":1.0},{"damage":7.0,"enemies":"Lagavulin","floor":6.0,"turns":9.0},{"damage":12.0,"enemies":"Gremlin Nob","floor":8.0,"turns":4.0},{"damage":0.0,"enemies":"3 Louse","floor":10.0,"turns":2.0},{"damage":6,"enemies":"Lots of Slimes","floor":14,"turns":4},{"damage":28,"enemies":"Slime Boss","floor":16,"turns":10},{"damage":4,"enemies":"Chosen","floor":18,"turns":6},{"damage":3,"enemies":"Shell Parasite","floor":20,"turns":11},{"damage":22,"enemies":"Chosen and Byrds","floor":21,"turns":11},{"damage":4,"enemies":"Centurion and Healer","floor":24,"turns":8},{"damage":3,"enemies":"Snake Plant","floor":25,"turns":8},{"damage":0,"enemies":"Snecko","floor":28,"turns":6},{"damage":13,"enemies":"3 Cultists","floor":31,"turns":5},{"damage":33,"enemies":"Collector","floor":33,"turns":18},{"damage":5,"enemies":"3 Shapes","floor":35,"turns":6},{"damage":24,"enemies":"3 Darklings","floor":38,"turns":9},{"damage":38,"enemies":"Sphere and 2 Shapes","floor":42,"turns":6},{"damage":3,"enemies":"Writhing Mass","floor":44,"turns":8},{"damage":50,"enemies":"Donu and Deca","floor":50,"turns":10}],"seed_played":"-7962445842359135422","potions_obtained":[{"floor":5.0,"key":"SpeedPotion"},{"floor":6.0,"key":"Poison Potion"},{"floor":8.0,"key":"Strength Potion"},{"floor":14,"key":"FearPotion"},{"floor":16,"key":"FearPotion"},{"floor":18,"key":"Weak Potion"},{"floor":21,"key":"Swift Potion"},{"floor":25,"key":"AttackPotion"},{"floor":33,"key":"EntropicBrew"},{"floor":35,"key":"Regen Potion"}],"is_trial":false,"path_per_floor":["M","M","?","$","M","E","R","E","T","M","$","$","R","M","R","B",null,"M","$","M","M","?","R","M","M","T","R","M","R","?","M","R","B",null,"M","?","$","M","?","$","?","M","T","M","R","T","?","$","R","B"],"character_chosen":"THE_SILENT","items_purchased":["Footwork","Well Laid Plans","Catalyst","Footwork","Footwork","Bouncing Flask","Acrobatics","War Paint","Blur"],"campfire_rested":1,"item_purchase_floors":[4,11,19,19,37,37,40,40,48],"current_hp_per_floor":[70,70,70,70,70,63,63,61,61,61,61,61,61,55,79,51,80,76,76,73,51,51,63,59,56,56,71,71,80,80,67,80,47,80,75,75,75,51,80,80,80,51,51,48,66,66,66,66,80,30],"gold":76,"neow_bonus":"THREE_ENEMY_KILL","is_prod":false,"is_daily":false,"chose_seed":false,"campfire_upgraded":8,"win_rate":0,"timestamp":1562374076,"path_taken":["M","M","?","$","?","E","R","E","T","M","?","$","R","M","R","BOSS","M","$","M","M","?","R","M","M","T","R","M","R","?","M","R","BOSS","M","?","$","M","?","?","?","M","T","M","R","?","?","?","R","BOSS"],"build_version":"2019-07-05","purchased_purges":2,"victory":false,"max_hp_per_floor":[70,70,70,70,70,70,70,80,80,80,80,80,80,80,80,80,80,80,80,80,80,80,80,80,80,80,80,80,80,80,80,80,80,80,80,80,80,80,80,80,80,80,80,80,80,80,80,80,80,80],"card_choices":[{"not_picked":["Underhanded Strike","Bane"],"picked":"Dagger Spray","floor":1.0},{"not_picked":["Prepared","Caltrops","Eviscerate"],"picked":"SKIP","floor":2.0},{"not_picked":["Finisher","Tactician"],"picked":"Backstab","floor":5.0},{"not_picked":["Dash","Deadly Poison"],"picked":"Malaise","floor":6.0},{"not_picked":["Choke","Backstab"],"picked":"Leg Sweep","floor":8.0},{"not_picked":["Terror","Backstab"],"picked":"Backflip","floor":10.0},{"not_picked":["Dagger Throw","Outmaneuver"],"picked":"Dash","floor":14},{"not_picked":["Phantasmal Killer","Tools of the Trade"],"picked":"Envenom","floor":16},{"not_picked":["Riddle With Holes","Prepared"],"picked":"Deflect+1","floor":18},{"not_picked":["Outmaneuver","Underhanded Strike+1"],"picked":"Bane+1","floor":20},{"not_picked":["Dagger Throw","Deflect"],"picked":"PiercingWail","floor":21},{"not_picked":["Concentrate","Flechettes","Poisoned Stab"],"picked":"SKIP","floor":24},{"not_picked":["Escape Plan","Dagger Spray"],"picked":"All Out Attack","floor":25},{"not_picked":["Blade Dance","Concentrate"],"picked":"Crippling Poison","floor":28},{"not_picked":["Bane","Poisoned Stab","PiercingWail"],"picked":"SKIP","floor":31},{"not_picked":["Unload","Glass Knife"],"picked":"Doppelganger","floor":33},{"not_picked":["Masterful Stab","Concentrate+1"],"picked":"Eviscerate","floor":35},{"not_picked":["Sucker Punch+1","Skewer","Reflex"],"picked":"SKIP","floor":38},{"not_picked":["Finisher+1","Terror"],"picked":"Deadly Poison+1","floor":42},{"not_picked":["Predator","Dagger Spray+1"],"picked":"Well Laid Plans+1","floor":44}],"player_experience":262638,"relics_obtained":[{"floor":6.0,"key":"Shuriken"},{"floor":8.0,"key":"Pear"},{"floor":9.0,"key":"Matryoshka"},{"floor":26,"key":"Happy Flower"},{"floor":26,"key":"Juzu Bracelet"},{"floor":43,"key":"Orichalcum"},{"floor":43,"key":"Kunai"},{"floor":46,"key":"Art of War"}],"event_choices":[{"damage_healed":0.0,"max_hp_gain":0.0,"max_hp_loss":0.0,"gold_gain":0.0,"cards_transformed":["Strike_G"],"event_name":"Transmorgrifier","player_choice":"Transformed","floor":3.0,"gold_loss":0.0,"damage_taken":0.0,"cards_obtained":["Infinite Blades"]},{"cards_removed":["Strike_G"],"damage_healed":0,"gold_gain":0,"player_choice":"Gave Gold","damage_taken":0,"max_hp_gain":0,"max_hp_loss":0,"event_name":"Beggar","floor":22,"gold_loss":75},{"damage_healed":0,"gold_gain":0,"player_choice":"Simplicity","damage_taken":0,"max_hp_gain":0,"max_hp_loss":0,"event_name":"Back to Basics","floor":30,"gold_loss":0,"cards_upgraded":["Strike_G","Strike_G","Strike_G","Defend_G","Defend_G","Defend_G","Defend_G"]},{"damage_healed":0,"gold_gain":275,"player_choice":"Desecrate","damage_taken":0,"max_hp_gain":0,"max_hp_loss":0,"event_name":"Golden Shrine","floor":36,"gold_loss":0,"cards_obtained":["Regret"]},{"cards_removed":["Eviscerate"],"damage_healed":29,"gold_gain":0,"player_choice":"Offered Uncommon","damage_taken":0,"max_hp_gain":0,"max_hp_loss":0,"event_name":"Bonfire Elementals","floor":39,"gold_loss":0},{"damage_healed":0,"gold_gain":0,"player_choice":"Ignored","damage_taken":0,"max_hp_gain":0,"max_hp_loss":0,"event_name":"Mysterious Sphere","floor":41,"gold_loss":0},{"damage_healed":0,"gold_gain":0,"player_choice":"Ignored","damage_taken":0,"max_hp_gain":0,"max_hp_loss":0,"event_name":"Tomb of Lord Red Mask","floor":47,"gold_loss":0}],"is_beta":false,"boss_relics":[{"not_picked":["White Beast Statue","Runic Pyramid"],"picked":"Eternal Feather"},{"not_picked":["Velvet Choker","Calling Bell"],"picked":"HoveringKite"}],"items_purged_floors":[11,37],"is_endless":false,"potions_floor_spawned":[5,6,8,14,16,18,21,25,33,35,38],"killed_by":"Donu and Deca","ascension_level":4}