{"gold_per_floor":[113,113,38,58,72,105,105,119,119,152,172,27,27,42,42,138,138,150,161,176,97,112,112,112,12,12,40,54,54,70,70,70,172,172,190,208,9,0,0,0,18,18,45,45,65,65,77,77,77,77],"floor_reached":50,"playtime":2264,"items_purged":["Strike_R","Decay","Strike_R"],"score":758,"play_id":"0f7c532d-deb1-478a-b7a4-35c5bef7ea12","local_time":"20190827010343","is_ascension_mode":true,"campfire_choices":[{"data":"Flame Barrier","floor":7,"key":"SMITH"},{"data":"Combust","floor":13,"key":"SMITH"},{"data":"Juggernaut","floor":15,"key":"SMITH"},{"floor":23,"key":"REST"},{"data":"Barricade","floor":29,"key":"SMITH"},{"floor":32,"key":"REST"},{"data":"Metallicize","floor":40,"key":"SMITH"},{"data":"Iron Wave","floor":44,"key":"SMITH"},{"data":"Madness","floor":46,"key":"SMITH"},{"floor":49,"key":"REST"}],"neow_cost":"NONE","seed_source_timestamp":113281296625800,"circlet_count":0,"master_deck":["AscendersBane","Strike_R","Strike_R","Defend_R","Defend_R","Defend_R","Defend_R","Bash+1","Twin Strike+1","Flame Barrier+1","Headbutt","Combust+1","Iron Wave+1","Juggernaut+1","Shockwave","Iron Wave+1","Barricade+1","Hemokinesis+1","Metallicize+1","Anger+1","Armaments+1","Seeing Red+1","Inflame","Inflame","Madness","Madness+1","Reaper+1"],"relics":["Burning Blood","Meat on the Bone","Question Card","Molten Egg 2","Vajra","Busted Crown","Self Forming Clay","WingedGreaves","Sozu","Red Mask","Centennial Puzzle"],"potions_floor_usage":[6,33,45,50],"damage_taken":[{"damage":10,"enemies":"Small Slimes","floor":1,"turns":3},{"damage":0,"enemies":"Cultist","floor":4,"turns":2},{"damage":0,"enemies":"2 Louse","floor":5,"turns":3},{"damage":8,"enemies":"Gremlin Nob","floor":6,"turns":3},{"damage":14,"enemies":"Exordium Thugs","floor":8,"turns":5},{"damage":17,"enemies":"Lagavulin","floor":10,"turns":8},{"damage":18,"enemies":"Exordium Wildlife","floor":11,"turns":4},{"damage":11,"enemies":"Large Slime","floor":14,"turns":4},{"damage":44,"enemies":"The Guardian","floor":16,"turns":10},{"damage":22,"enemies":"Spheric Guardian","floor":18,"turns":4},{"damage":11,"enemies":"2 Thieves","floor":19,"turns":3},{"damage":35,"enemies":"Snake Plant","floor":20,"turns":3},{"damage":27,"enemies":"Cultist and Chosen","floor":22,"turns":7},{"damage":34,"enemies":"Slavers","floor":27,"turns":6},{"damage":17,"enemies":"3 Cultists","floor":28,"turns":5},{"damage":27,"enemies":"Snake Plant","floor":30,"turns":4},{"damage":46,"enemies":"Collector","floor":33,"turns":10},{"damage":7,"enemies":"Orb Walker","floor":35,"turns":3},{"damage":18,"enemies":"3 Darklings","floor":36,"turns":7},{"damage":22,"enemies":"4 Shapes","floor":41,"turns":6},{"damage":38,"enemies":"Transient","floor":45,"turns":5},{"damage":20,"enemies":"Writhing Mass","floor":47,"turns":8},{"damage":98,"enemies":"Awakened One","floor":50,"turns":11}],"seed_played":"3273604504934190402","potions_obtained":[{"floor":1,"key":"Fire Potion"},{"floor":10,"key":"SteroidPotion"},{"floor":16,"key":"Poison Potion"},{"floor":19,"key":"SpeedPotion"},{"floor":22,"key":"Energy Potion"},{"floor":33,"key":"BloodPotion"}],"is_trial":false,"path_per_floor":["M","?","$","M","M","E","R","M","T","E","M","$","R","M","R","B",null,"M","M","M","$","M","R","?","$","T","E","M","R","M","?","R","B",null,"M","M","$","?","?","R","M","?","T","R","M","R","M","?","R","B"],"character_chosen":"IRONCLAD","items_purchased":["Vajra","Metallicize","Inflame"],"campfire_rested":3,"item_purchase_floors":[12,21,37],"current_hp_per_floor":[68,68,68,74,80,78,78,70,70,59,47,47,47,54,54,28,67,51,58,41,41,32,56,56,56,56,40,41,41,32,58,80,52,73,72,60,60,60,50,50,46,46,46,46,46,46,50,50,74,0],"gold":77,"neow_bonus":"UPGRADE_CARD","is_prod":false,"is_daily":false,"chose_seed":false,"campfire_upgraded":7,"win_rate":0,"timestamp":1566882223,"path_taken":["M","?","$","M","M","E","R","M","T","E","M","?","R","M","R","BOSS","M","M","M","$","M","R","?","?","T","E","M","R","?","?","R","BOSS","M","M","$","?","?","R","M","?","T","R","M","R","?","?","R","BOSS"],"build_version":"2019-07-17","purchased_purges":3,"victory":false,"max_hp_per_floor":[80,80,80,80,80,80,80,80,80,80,80,80,80,80,80,80,80,80,80,80,80,80,80,80,80,80,80,80,80,80,80,80,80,80,80,80,80,80,80,80,80,80,80,80,80,80,80,80,80,80],"card_choices":[{"not_picked":["Searing Blow","Intimidate"],"picked":"Twin Strike","floor":1},{"not_picked":["Fire Breathing","Blood for Blood"],"picked":"Flame Barrier","floor":4},{"not_picked":["Heavy Blade","Pommel Strike"],"picked":"Headbutt","floor":5},{"not_picked":["Cleave","Whirlwind"],"picked":"Combust","floor":6},{"not_picked":["Twin Strike","Cleave"],"picked":"Iron Wave","floor":8},{"not_picked":["Berserk","Armaments","Disarm"],"picked":"Juggernaut","floor":10},{"not_picked":["Headbutt+1","Cleave+1","Pommel Strike+1"],"picked":"Shockwave","floor":11},{"not_picked":["Clash+1","Whirlwind+1","Shockwave"],"picked":"Iron Wave+1","floor":14},{"not_picked":["Impervious","Exhume","Dark Embrace"],"picked":"Barricade","floor":16},{"not_picked":["Bloodletting"],"picked":"Hemokinesis+1","floor":18},{"not_picked":["Intimidate","Blood for Blood+1"],"picked":"SKIP","floor":19},{"not_picked":["Blood for Blood+1","Thunderclap+1"],"picked":"SKIP","floor":20},{"not_picked":["True Grit","Burning Pact"],"picked":"SKIP","floor":22},{"not_picked":["Pommel Strike+1"],"picked":"Anger+1","floor":27},{"not_picked":["Thunderclap+1"],"picked":"Armaments+1","floor":28},{"not_picked":["Power Through","Uppercut+1"],"picked":"SKIP","floor":30},{"not_picked":["Flex+1"],"picked":"Seeing Red+1","floor":35},{"not_picked":["Reckless Charge+1"],"picked":"Inflame","floor":36},{"not_picked":["Warcry+1","Clothesline+1"],"picked":"SKIP","floor":41},{"not_picked":["Anger+1","Blood for Blood+1"],"picked":"SKIP","floor":45},{"not_picked":["Twin Strike+1","Thunderclap+1"],"picked":"SKIP","floor":47}],"player_experience":4116226,"relics_obtained":[{"floor":6,"key":"Meat on the Bone"},{"floor":9,"key":"Question Card"},{"floor":10,"key":"Molten Egg 2"},{"floor":26,"key":"Self Forming Clay"},{"floor":27,"key":"WingedGreaves"},{"floor":43,"key":"Centennial Puzzle"}],"event_choices":[{"damage_healed":0,"gold_gain":0,"player_choice":"Upgraded","damage_taken":0,"max_hp_gain":0,"max_hp_loss":0,"event_name":"Upgrade Shrine","floor":2,"gold_loss":0,"cards_upgraded":["Twin Strike"]},{"damage_healed":0,"gold_gain":0,"player_choice":"Cursed","damage_taken":0,"max_hp_gain":0,"max_hp_loss":0,"event_name":"Wheel of Change","floor":24,"gold_loss":0,"cards_obtained":["Decay"]},{"damage_healed":26,"gold_gain":0,"player_choice":"Heal","damage_taken":0,"max_hp_gain":0,"max_hp_loss":0,"event_name":"The Library","floor":31,"gold_loss":0},{"damage_healed":0,"gold_gain":0,"player_choice":"Paid","damage_taken":0,"relics_obtained":["Red Mask"],"max_hp_gain":0,"max_hp_loss":0,"event_name":"Tomb of Lord Red Mask","floor":38,"gold_loss":9},{"damage_healed":0,"gold_gain":0,"player_choice":"Embrace Madness","damage_taken":10,"max_hp_gain":0,"max_hp_loss":0,"event_name":"Winding Halls","floor":39,"gold_loss":0,"cards_obtained":["Madness","Madness"]},{"damage_healed":0,"gold_gain":0,"cards_transformed":["Strike_R"],"player_choice":"Transformed","damage_taken":0,"max_hp_gain":0,"max_hp_loss":0,"event_name":"Transmorgrifier","floor":42,"gold_loss":0,"cards_obtained":["Reaper"]},{"damage_healed":0,"gold_gain":0,"player_choice":"Bought 0 Potions","damage_taken":0,"max_hp_gain":0,"max_hp_loss":0,"event_name":"The Woman in Blue","floor":48,"gold_loss":0}],"is_beta":false,"boss_relics":[{"not_picked":["Empty Cage","Calling Bell"],"picked":"Busted Crown"},{"not_picked":["Philosopher\u0027s Stone","Snecko Eye"],"picked":"Sozu"}],"items_purged_floors":[3,25,37],"is_endless":false,"potions_floor_spawned":[1,10,16,19,22,33,35,41,45],"killed_by":"Awakened One","ascension_level":12}