{"gold_per_floor":[15,27,37,51,64,96,96,110,110,110,110,123,138,148,148,244,244,258,269,269,51,51,81,81,81,132,152,165,191,191,206,206,306,306,326,326],"floor_reached":36,"playtime":2730,"items_purged":["Regret"],"score":410,"play_id":"9b2a430a-f656-439a-828a-0533e227ddd1","local_time":"20181129040115","is_ascension_mode":false,"campfire_choices":[{"data":"Shrug It Off","floor":7,"key":"SMITH"},{"data":"Shrug It Off","floor":15,"key":"SMITH"},{"floor":24,"key":"REST"},{"floor":30,"key":"REST"},{"floor":32,"key":"REST"}],"neow_cost":"NO_GOLD","seed_source_timestamp":0,"circlet_count":0,"master_deck":["Strike_R+1","Strike_R+1","Strike_R+1","Defend_R+1","Defend_R+1","Defend_R+1","Defend_R+1","Bash","Spot Weakness","Double Tap","Thunderclap","Combust","Shrug It Off+1","Shrug It Off","Demon Form","Shrug It Off+1","Corruption","Juggernaut","Clothesline","Impervious","Pummel","Power Through","Flame Barrier","RitualDagger","Warcry+1","Whirlwind","Rupture+1","Uppercut+1","Offering","Ghostly Armor"],"special_seed":0,"relics":["Burning Blood","Darkstone Periapt","Bronze Scales","Orichalcum","Runic Cube","Bag of Preparation","Omamori","PreservedInsect","The Courier","Busted Crown"],"potions_floor_usage":[6,6,16,18,23,28,33,33],"damage_taken":[{"damage":8.0,"enemies":"Jaw Worm","floor":1.0,"turns":4.0},{"damage":8.0,"enemies":"Small Slimes","floor":2.0,"turns":3.0},{"damage":0,"enemies":"2 Louse","floor":3,"turns":4},{"damage":14,"enemies":"Exordium Thugs","floor":4,"turns":5},{"damage":16,"enemies":"3 Louse","floor":5,"turns":3},{"damage":19,"enemies":"Lagavulin","floor":6,"turns":6},{"damage":1,"enemies":"2 Fungi Beasts","floor":8,"turns":4},{"damage":15,"enemies":"Exordium Wildlife","floor":12,"turns":5},{"damage":9,"enemies":"Lots of Slimes","floor":13,"turns":2},{"damage":10,"enemies":"Gremlin Gang","floor":14,"turns":5},{"damage":19,"enemies":"The Guardian","floor":16,"turns":8},{"damage":25,"enemies":"2 Thieves","floor":18,"turns":4},{"damage":7,"enemies":"3 Byrds","floor":19,"turns":4},{"damage":29,"enemies":"Book of Stabbing","floor":23,"turns":5},{"damage":26,"enemies":"Centurion and Healer","floor":27,"turns":9},{"damage":18,"enemies":"3 Cultists","floor":28,"turns":5},{"damage":17,"enemies":"Slavers","floor":29,"turns":6},{"damage":17,"enemies":"Snake Plant","floor":31,"turns":5},{"damage":58,"enemies":"Automaton","floor":33,"turns":8},{"damage":17,"enemies":"3 Darklings","floor":35,"turns":6},{"damage":82,"enemies":"2 Orb Walkers","floor":36,"turns":5}],"seed_played":"638159494995237919","potions_obtained":[{"floor":3,"key":"Energy Potion"},{"floor":4,"key":"Block Potion"},{"floor":12,"key":"Fire Potion"},{"floor":13,"key":"Dexterity Potion"},{"floor":18,"key":"Fruit Juice"},{"floor":19,"key":"LiquidBronze"},{"floor":27,"key":"Poison Potion"},{"floor":31,"key":"SneckoOil"}],"is_trial":false,"path_per_floor":["M","M","M","M","M","M","E","R","M","T","$","?","M","M","M","R","B",null,"M","M","?","$","?","E","R","?","T","M","M","E","R","M","R","B",null,"M","?"],"character_chosen":"IRONCLAD","items_purchased":["Bag of Preparation"],"campfire_rested":3,"item_purchase_floors":[21],"current_hp_per_floor":[78,76,80,72,62,49,49,54,54,54,60,51,48,44,44,31,86,72,71,71,71,71,48,75,69,69,49,37,26,53,42,69,17,91,80,0],"gold":326,"neow_bonus":"TRANSFORM_TWO_CARDS","is_prod":false,"is_daily":false,"chose_seed":false,"campfire_upgraded":2,"win_rate":0,"timestamp":1543431675,"path_taken":["M","M","M","M","M","E","R","M","T","$","?","M","M","M","R","BOSS","M","M","?","$","?","E","R","?","T","?","M","E","R","M","R","BOSS","M","?"],"build_version":"2018-11-15","purchased_purges":1,"victory":false,"max_hp_per_floor":[80,80,80,80,80,80,80,80,80,80,86,86,86,86,86,86,86,91,91,91,91,91,91,91,91,91,91,91,91,91,91,91,91,91,91,91],"card_choices":[{"not_picked":["Rupture","Sword Boomerang"],"picked":"Thunderclap","floor":1.0},{"not_picked":["Twin Strike","Sword Boomerang"],"picked":"Combust","floor":2},{"not_picked":["Burning Pact","Wild Strike"],"picked":"Shrug It Off","floor":3},{"not_picked":["Spot Weakness","Combust"],"picked":"Shrug It Off","floor":4},{"not_picked":["Heavy Blade","Anger"],"picked":"Demon Form","floor":5},{"not_picked":["Armaments","Headbutt"],"picked":"Shrug It Off","floor":6},{"not_picked":["Clash","Searing Blow"],"picked":"Corruption","floor":8},{"not_picked":["Perfected Strike","Havoc"],"picked":"Juggernaut","floor":12},{"not_picked":["Searing Blow","Entrench","Sword Boomerang"],"picked":"SKIP","floor":13},{"not_picked":["Blood for Blood","Sword Boomerang"],"picked":"Clothesline","floor":14},{"not_picked":["Demon Form","Exhume"],"picked":"Impervious","floor":16},{"not_picked":["Sword Boomerang+1","Clash"],"picked":"Pummel","floor":18},{"not_picked":["Spot Weakness+1","Cleave"],"picked":"Power Through","floor":19},{"not_picked":["Pummel+1","Body Slam"],"picked":"Flame Barrier","floor":23},{"not_picked":["Flex","Headbutt+1"],"picked":"Warcry+1","floor":27},{"not_picked":["Cleave","Shrug It Off"],"picked":"Whirlwind","floor":28},{"not_picked":["Thunderclap","Body Slam"],"picked":"Rupture+1","floor":29},{"not_picked":["Wild Strike","Heavy Blade+1"],"picked":"Uppercut+1","floor":31},{"not_picked":["Berserk","Juggernaut"],"picked":"Offering","floor":33},{"not_picked":[],"picked":"Ghostly Armor","floor":35}],"player_experience":524223,"relics_obtained":[{"floor":6,"key":"Darkstone Periapt"},{"floor":9,"key":"Bronze Scales"},{"floor":23,"key":"Omamori"},{"floor":26,"key":"PreservedInsect"},{"floor":29,"key":"The Courier"}],"event_choices":[{"damage_healed":0,"gold_gain":0,"player_choice":"Box","damage_taken":0,"relics_obtained":["Orichalcum"],"max_hp_gain":0,"max_hp_loss":0,"event_name":"Big Fish","floor":11,"gold_loss":0,"cards_obtained":["Regret"]},{"damage_healed":0,"gold_gain":0,"player_choice":"Simplicity","damage_taken":0,"max_hp_gain":0,"max_hp_loss":0,"event_name":"Back to Basics","floor":20,"gold_loss":0,"cards_upgraded":["Strike_R","Strike_R","Strike_R","Defend_R","Defend_R","Defend_R","Defend_R"]},{"damage_healed":0,"gold_gain":0,"player_choice":"Ignored","damage_taken":0,"max_hp_gain":0,"max_hp_loss":0,"event_name":"Beggar","floor":22,"gold_loss":0},{"damage_healed":0,"gold_gain":0,"player_choice":"Joined the Cult","damage_taken":6,"max_hp_gain":0,"max_hp_loss":0,"event_name":"Nest","floor":25,"gold_loss":0,"cards_obtained":["RitualDagger"]},{"damage_healed":0,"gold_gain":0,"player_choice":"Fight","damage_taken":0,"max_hp_gain":0,"max_hp_loss":0,"event_name":"Mysterious Sphere","floor":36,"gold_loss":0}],"is_beta":false,"boss_relics":[{"not_picked":["Orrery","Coffee Dripper"],"picked":"Runic Cube"},{"not_picked":["Black Blood","Runic Dome"],"picked":"Busted Crown"}],"items_purged_floors":[21],"is_endless":false,"potions_floor_spawned":[3,4,12,13,18,19,27,31],"killed_by":"2 Orb Walkers","ascension_level":0}