{"gold_per_floor":[109,129,129,148,165,199,199,216,216,232,98,114,114,54,54,130,130,149,225,225,175,192,192,220,220,220,233,251,268,144,160,160,160],"floor_reached":33,"playtime":2396,"items_purged":["Strike_B","Strike_B"],"score":489,"play_id":"bbd1e6e3-07aa-4386-9a9b-7713d99863a7","local_time":"20190824043021","is_ascension_mode":true,"campfire_choices":[{"data":"Undo","floor":7,"key":"SMITH"},{"floor":13,"key":"REST"},{"data":"Zap","floor":15,"key":"SMITH"},{"data":"Redo","floor":23,"key":"SMITH"},{"data":"Ghostly","floor":25,"key":"SMITH"},{"data":"Defragment","floor":32,"key":"SMITH"}],"neow_cost":"NONE","seed_source_timestamp":250275134982600,"circlet_count":0,"master_deck":["AscendersBane","Strike_B","Strike_B","Defend_B","Defend_B","Defend_B","Defend_B","Zap+1","Dualcast","Core Surge","Cold Snap","Consume","Cold Snap","Undo+1","Genetic Algorithm","Genetic Algorithm","Biased Cognition","Redo+1","Core Surge","BootSequence","Ghostly+1","Ghostly","Ghostly","Hologram+1","Chill","Core Surge","Glacier+1","Hologram+1","Redo","Defragment+1"],"relics":["Cracked Core","Pocketwatch","Symbiotic Virus","The Courier","Velvet Choker","Blue Candle","Red Mask","Juzu Bracelet"],"potions_floor_usage":[6,16,16,24,33],"damage_taken":[{"damage":9,"enemies":"2 Louse","floor":1,"turns":2},{"damage":1,"enemies":"Cultist","floor":2,"turns":3},{"damage":0,"enemies":"Small Slimes","floor":4,"turns":2},{"damage":13,"enemies":"Looter","floor":5,"turns":3},{"damage":7,"enemies":"Lagavulin","floor":6,"turns":7},{"damage":4,"enemies":"Red Slaver","floor":8,"turns":4},{"damage":3,"enemies":"Blue Slaver","floor":10,"turns":3},{"damage":0,"enemies":"Looter","floor":12,"turns":3},{"damage":10,"enemies":"The Guardian","floor":16,"turns":9},{"damage":23,"enemies":"2 Thieves","floor":18,"turns":3},{"damage":0,"enemies":"Chosen","floor":22,"turns":5},{"damage":13,"enemies":"Masked Bandits","floor":24,"turns":5},{"damage":0,"enemies":"Snake Plant","floor":27,"turns":4},{"damage":0,"enemies":"Centurion and Healer","floor":28,"turns":16},{"damage":0,"enemies":"Snecko","floor":29,"turns":6},{"damage":1,"enemies":"Cultist and Chosen","floor":31,"turns":6},{"damage":48,"enemies":"Automaton","floor":33,"turns":22}],"seed_played":"7746444129242936313","potions_obtained":[{"floor":2,"key":"Weak Potion"},{"floor":8,"key":"SpeedPotion"},{"floor":12,"key":"Dexterity Potion"},{"floor":18,"key":"GamblersBrew"},{"floor":24,"key":"Ancient Potion"},{"floor":28,"key":"Weak Potion"},{"floor":29,"key":"Block Potion"}],"is_trial":false,"path_per_floor":["M","M","?","M","M","E","R","M","T","M","$","M","R","$","R","B",null,"M","T","?","?","M","R","?","R","T","M","M","M","$","M","R","B"],"character_chosen":"DEFECT","items_purchased":["Biased Cognition","Redo"],"campfire_rested":1,"item_purchase_floors":[11,30],"current_hp_per_floor":[55,54,54,54,41,34,34,30,30,27,27,27,48,48,48,38,63,40,40,35,35,35,35,22,22,22,22,22,22,22,21,21,0],"gold":160,"neow_bonus":"ONE_RANDOM_RARE_CARD","is_prod":false,"is_daily":false,"chose_seed":false,"campfire_upgraded":5,"win_rate":0,"timestamp":1566588621,"path_taken":["M","M","?","M","M","E","R","?","T","M","$","M","R","$","R","BOSS","M","?","?","?","?","R","?","R","T","M","M","M","$","M","R","BOSS"],"build_version":"2019-07-17","purchased_purges":2,"victory":false,"max_hp_per_floor":[71,71,71,71,71,71,71,71,71,71,71,71,71,71,71,71,71,71,71,35,35,35,35,35,35,35,35,35,35,35,35,35,35],"card_choices":[{"not_picked":["Turbo","Sweeping Beam"],"picked":"Go for the Eyes","floor":1},{"not_picked":["Barrage","Go for the Eyes"],"picked":"Cold Snap","floor":2},{"not_picked":["Stack","Cold Snap"],"picked":"Consume","floor":4},{"not_picked":["Scrape","Chaos"],"picked":"Cold Snap","floor":5},{"not_picked":["Conserve Battery","Sweeping Beam"],"picked":"Undo","floor":6},{"not_picked":["Leap","Sweeping Beam"],"picked":"Genetic Algorithm","floor":8},{"not_picked":["Amplify","Cold Snap"],"picked":"Genetic Algorithm","floor":10},{"not_picked":["Hologram","Chill"],"picked":"Redo","floor":12},{"not_picked":["Rainbow","Buffer"],"picked":"Core Surge","floor":16},{"not_picked":["Sweeping Beam","Compile Driver"],"picked":"BootSequence","floor":18},{"not_picked":["White Noise","Sweeping Beam+1"],"picked":"Hologram+1","floor":22},{"not_picked":["Go for the Eyes","Turbo+1"],"picked":"Chill","floor":24},{"not_picked":["Rebound","Double Energy"],"picked":"Core Surge","floor":27},{"not_picked":["Tempest","Streamline"],"picked":"Glacier+1","floor":28},{"not_picked":["Go for the Eyes","Gash"],"picked":"Hologram+1","floor":29},{"not_picked":["Stack","Coolheaded"],"picked":"Defragment","floor":31}],"player_experience":786032,"relics_obtained":[{"floor":6,"key":"Symbiotic Virus"},{"floor":9,"key":"The Courier"},{"floor":19,"key":"Blue Candle"},{"floor":24,"key":"Red Mask"},{"floor":26,"key":"Juzu Bracelet"}],"event_choices":[{"cards_removed":["Go for the Eyes"],"damage_healed":0,"gold_gain":0,"player_choice":"Gave Card","damage_taken":0,"relics_obtained":["Pocketwatch"],"max_hp_gain":0,"max_hp_loss":0,"event_name":"WeMeetAgain","floor":3,"gold_loss":0},{"damage_healed":0,"gold_gain":0,"player_choice":"Became a Ghost","damage_taken":0,"max_hp_gain":0,"max_hp_loss":36,"event_name":"Ghosts","floor":20,"gold_loss":0,"cards_obtained":["Ghostly","Ghostly","Ghostly"]},{"damage_healed":0,"gold_gain":0,"player_choice":"Bet on Murderer","damage_taken":0,"max_hp_gain":0,"max_hp_loss":0,"event_name":"The Joust","floor":21,"gold_loss":50},{"damage_healed":0,"gold_gain":0,"player_choice":"Fought Bandits","damage_taken":0,"max_hp_gain":0,"max_hp_loss":0,"event_name":"Masked Bandits","floor":24,"gold_loss":0}],"is_beta":false,"boss_relics":[{"not_picked":["Coffee Dripper","Tiny House"],"picked":"Velvet Choker"}],"items_purged_floors":[14,30],"is_endless":false,"potions_floor_spawned":[2,8,12,18,24,28,29],"killed_by":"Automaton","ascension_level":19}