{"path_per_floor":["M","M","M","M","$","M","E","M","T","E","R","?","E","M","R","B",null,"M","M","?","$","M","E","?","E","T","E","M","?","$","$","R","B",null,"M","$","M","$","?","R","E","R","T","E","?","M","M","M","R","B"],"character_chosen":"IRONCLAD","items_purchased":["Pen Nib","Strawberry","Ginger","Inflame","Bag of Preparation","Bottled Lightning","Calipers","Mummified Hand","Torii","Omamori","Frozen Egg 2","Bird Faced Urn","Medical Kit","Cauldron","Champion Belt","Bronze Scales","Pantograph","Mercury Hourglass"],"gold_per_floor":[188,494,805,1099,346,543,984,1279,1279,1638,1638,1638,2010,2222,2222,3428,3428,3599,3799,3799,2988,3183,3614,3614,4050,4075,4497,4697,4697,3873,2985,2985,4437,4437,4675,3841,4013,3315,3315,3315,3810,3810,3886,4324,4324,4829,5106,5386,5386,5386],"floor_reached":51,"campfire_rested":2,"playtime":2210,"current_hp_per_floor":[81,81,69,54,61,63,61,67,67,69,99,99,85,80,80,66,101,101,101,101,101,101,101,101,101,101,101,101,85,85,85,101,101,101,101,101,111,111,111,111,111,111,111,111,111,111,111,111,111,111],"items_purged":["Strike_R","Defend_R","Defend_R","Strike_R","Sentinel","Carnage"],"gold":5386,"score":1404,"play_id":"8b0101ae-298a-4ed8-8c91-368895287761","local_time":"20180509004716","is_prod":false,"is_daily":false,"chose_seed":false,"is_ascension_mode":true,"campfire_upgraded":3,"timestamp":1525798036,"path_taken":["M","M","M","M","$","M","E","M","T","E","R","?","E","M","R","BOSS","M","M","?","$","M","E","?","E","T","E","M","?","?","$","R","BOSS","M","$","M","$","?","R","E","R","T","E","?","M","M","M","R","BOSS"],"build_version":"2018-05-03","seed_source_timestamp":33302770197310,"purchased_purges":6,"victory":true,"master_deck":["Defend_R+1","Defend_R+1","Cleave+1","Seeing Red+1","Thunderclap","Inflame+1","Flex+1","Whirlwind+1","Whirlwind+1","Flex+1","Double Tap+1","Limit Break+1","Offering+1","Battle Trance+1","Flex+1","Offering+1","Offering+1","Offering+1","Hemokinesis+1"],"max_hp_per_floor":[94,94,94,94,101,101,101,101,101,101,101,101,101,101,101,101,101,101,101,101,101,101,101,101,101,101,101,101,101,101,101,101,101,101,101,101,111,111,111,111,111,111,111,111,111,111,111,111,111,111],"relics":["Burning Blood","Mango","Prayer Wheel","Gambling Chip","Question Card","Self Forming Clay","Pen Nib","Strawberry","Ginger","Happy Flower","Toxic Egg 2","Paper Frog","Vajra","Bottled Flame","Centennial Puzzle","Gremlin Horn","Juzu Bracelet","Regal Pillow","Shuriken","Lantern","Oddly Smooth Stone","Orichalcum","Sozu","Whetstone","Matryoshka","Bag of Preparation","Bottled Lightning","Calipers","War Paint","Letter Opener","Molten Egg 2","Bottled Tornado","Dodecahedron","Ancient Tea Set","Anchor","Bag of Marbles","Dream Catcher","Blood Vial","Enchiridion","Mummified Hand","Torii","Omamori","Frozen Egg 2","Bird Faced Urn","Medical Kit","Toolbox","Kunai","Meat on the Bone","Astrolabe","Charon\u0027s Ashes","Cauldron","Champion Belt","Bronze Scales","Pear","Pantograph","Mercury Hourglass","Darkstone Periapt","Magic Flower","Sundial","Thread and Needle","Girya","Turnip","Old Coin","Ice Cream","Unceasing Top"],"card_choices":[{"not_picked":["True Grit","Ghostly Armor"],"picked":"Cleave","floor":1},{"not_picked":["True Grit","Berserk"],"picked":"Seeing Red","floor":3},{"not_picked":["Clash","Pommel Strike","Warcry"],"picked":"Thunderclap","floor":4},{"not_picked":["Clothesline","Shrug It Off","Sentinel"],"picked":"Flex","floor":7},{"not_picked":["Wild Strike","Armaments","Cleave"],"picked":"Whirlwind","floor":9},{"not_picked":["Clothesline","Anger","Reckless Charge"],"picked":"Flex","floor":10},{"not_picked":["True Grit","Pummel","Warcry"],"picked":"Whirlwind","floor":10},{"not_picked":["Exhume","Armaments","Combust"],"picked":"Flex","floor":10},{"not_picked":["Battle Trance","Evolve","Shrug It Off"],"picked":"Double Tap","floor":10},{"not_picked":["Bludgeon","Demon Form","Dark Embrace"],"picked":"Limit Break","floor":16},{"not_picked":["Barricade","Juggernaut","Double Tap"],"picked":"Offering","floor":16},{"not_picked":["Corruption","Inflame","Power Through"],"picked":"Battle Trance","floor":18},{"not_picked":["Warcry","Iron Wave","Clash"],"picked":"Flex","floor":32},{"not_picked":["Bludgeon","Fiend Fire","Juggernaut"],"picked":"Offering","floor":33},{"not_picked":["Impervious","Double Tap","Feed"],"picked":"Offering","floor":33},{"not_picked":["Immolate","Feed","Double Tap"],"picked":"Offering","floor":33}],"player_experience":33564,"potions_floor_usage":[6,7,8,13,16,19],"damage_taken":[{"damage":19,"enemies":"Jaw Worm","floor":1,"turns":3},{"damage":6,"enemies":"Cultist","floor":2,"turns":3},{"damage":18,"enemies":"Small Slimes","floor":3,"turns":2},{"damage":21,"enemies":"Gremlin Gang","floor":4,"turns":3},{"damage":4,"enemies":"Exordium Thugs","floor":6,"turns":3},{"damage":8,"enemies":"Gremlin Nob","floor":7,"turns":3},{"damage":0,"enemies":"Large Slime","floor":8,"turns":2},{"damage":4,"enemies":"3 Sentries","floor":10,"turns":2},{"damage":20,"enemies":"Lagavulin","floor":13,"turns":3},{"damage":11,"enemies":"Looter","floor":14,"turns":2},{"damage":20,"enemies":"The Guardian","floor":16,"turns":5},{"damage":4,"enemies":"Chosen","floor":18,"turns":1},{"damage":4,"enemies":"Spheric Guardian","floor":19,"turns":1},{"damage":4,"enemies":"Centurion and Healer","floor":22,"turns":1},{"damage":0,"enemies":"Slavers","floor":23,"turns":1},{"damage":4,"enemies":"Gremlin Leader","floor":25,"turns":1},{"damage":4,"enemies":"Book of Stabbing","floor":27,"turns":1},{"damage":4,"enemies":"Snake Plant","floor":28,"turns":1},{"damage":4,"enemies":"Automaton","floor":33,"turns":1},{"damage":0,"enemies":"3 Darklings","floor":35,"turns":1},{"damage":0,"enemies":"Orb Walker","floor":37,"turns":1},{"damage":0,"enemies":"Nemesis","floor":41,"turns":1},{"damage":6,"enemies":"Giant Head","floor":44,"turns":1},{"damage":4,"enemies":"Maw","floor":46,"turns":1},{"damage":4,"enemies":"Spire Growth","floor":47,"turns":1},{"damage":0,"enemies":"Flame Bruiser 2 Orb","floor":48,"turns":1},{"damage":4,"enemies":"Time Eater","floor":50,"turns":1}],"event_choices":[{"event_name":"The Woman in Blue","player_choice":"Bought 0 Potions","floor":12,"damage_taken":0},{"event_name":"Back to Basics","player_choice":"Elegance","floor":20,"damage_taken":0},{"event_name":"Ghosts","player_choice":"Ignored","floor":24,"damage_taken":0},{"event_name":"Cursed Tome","player_choice":"Obtained Book","floor":29,"damage_taken":0},{"event_name":"Winding Halls","player_choice":"Writhe","floor":45,"damage_taken":0}],"boss_relics":[{"not_picked":["Philosopher\u0027s Stone","Eternal Feather"],"picked":"Sozu"},{"not_picked":["Snecko Eye","Orrery"],"picked":"Astrolabe"}],"potions_floor_spawned":[1,1,2,3,3,4,4,4,6,6,7,8,8,10,13,13,13,14,14,16,16,18,18,19,22,23,23,25,25,27,27,27,28,28,28,33,33,33,35,35,37,41,41,44,44,44,46,46,47,47,48,48,48],"seed_played":"-4835542551428082612","ascension_level":4,"is_trial":false}