{"gold_per_floor":[18,31,43,43,60,90,90,100,147,167,167,199,199,219,219,314,314,330,330,10,10,10,10,27,27],"floor_reached":25,"playtime":1323,"items_purged":[],"score":320,"play_id":"a576c32a-cbd2-4d66-abe4-103b5b222af6","local_time":"20190826085839","is_ascension_mode":true,"campfire_choices":[{"floor":7,"key":"REST"},{"floor":11,"key":"REST"},{"data":"Secret Weapon","floor":13,"key":"SMITH"},{"data":"Inflame","floor":15,"key":"SMITH"},{"floor":23,"key":"REST"}],"neow_cost":"NO_GOLD","seed_source_timestamp":440248219112700,"circlet_count":0,"master_deck":["AscendersBane","Strike_R","Strike_R","Strike_R","Strike_R","Strike_R","Defend_R","Defend_R","Defend_R","Defend_R","Bash","Secret Weapon+1","Forethought","Anger","Wild Strike","Inflame+1","Feel No Pain","Inflame","Second Wind","Iron Wave","Battle Trance","Reaper","Impervious","Immolate","Disarm","Shockwave","Clothesline","Twin Strike","Clothesline+1","Corruption","Whirlwind","Writhe","Second Wind"],"relics":["Burning Blood","Bronze Scales","Potion Belt","Question Card","Orrery","Bottled Lightning","Orichalcum"],"potions_floor_usage":[6,6,12,16,25],"damage_taken":[{"damage":6,"enemies":"Cultist","floor":1,"turns":3},{"damage":10,"enemies":"2 Louse","floor":2,"turns":3},{"damage":7,"enemies":"Jaw Worm","floor":3,"turns":2},{"damage":15,"enemies":"3 Louse","floor":5,"turns":3},{"damage":33,"enemies":"Lagavulin","floor":6,"turns":7},{"damage":12,"enemies":"Looter","floor":8,"turns":2},{"damage":13,"enemies":"Blue Slaver","floor":10,"turns":2},{"damage":24,"enemies":"Gremlin Nob","floor":12,"turns":4},{"damage":1,"enemies":"Exordium Thugs","floor":14,"turns":3},{"damage":43,"enemies":"Hexaghost","floor":16,"turns":8},{"damage":36,"enemies":"3 Byrds","floor":18,"turns":3},{"damage":6,"enemies":"Chosen","floor":24,"turns":5},{"damage":0,"enemies":"Gremlin Leader","floor":25,"turns":1}],"seed_played":"-1087966922524753109","potions_obtained":[{"floor":3,"key":"AttackPotion"},{"floor":5,"key":"Dexterity Potion"},{"floor":8,"key":"Strength Potion"},{"floor":10,"key":"Strength Potion"},{"floor":18,"key":"GamblersBrew"}],"is_trial":false,"path_per_floor":["M","M","M","$","M","E","R","M","T","M","R","E","R","M","R","B",null,"M","?","$","?","?","R","M","E"],"character_chosen":"IRONCLAD","items_purchased":["Bottled Lightning","Whirlwind"],"campfire_rested":3,"item_purchase_floors":[20,20],"current_hp_per_floor":[72,68,67,67,58,31,55,49,49,42,66,48,48,53,53,27,67,43,43,43,43,28,53,53,53],"gold":27,"neow_bonus":"RANDOM_COLORLESS_2","is_prod":false,"is_daily":false,"chose_seed":false,"campfire_upgraded":2,"win_rate":0,"timestamp":1566777519,"path_taken":["M","M","M","$","?","E","R","M","T","M","R","E","R","M","R","BOSS","M","?","$","?","?","R","M","E"],"build_version":"2019-07-17","purchased_purges":0,"victory":false,"max_hp_per_floor":[80,80,80,80,80,80,80,80,80,80,80,80,80,80,80,80,80,80,80,80,80,85,85,85,85],"card_choices":[{"not_picked":["Cleave","Pommel Strike"],"picked":"Anger","floor":1},{"not_picked":["Body Slam","Perfected Strike"],"picked":"Wild Strike","floor":2},{"not_picked":["Reckless Charge","Twin Strike"],"picked":"Inflame","floor":3},{"not_picked":["Armaments","Rampage"],"picked":"Feel No Pain","floor":5},{"not_picked":["Blood for Blood","Pommel Strike"],"picked":"Inflame","floor":6},{"not_picked":["Iron Wave","Headbutt"],"picked":"Second Wind","floor":8},{"not_picked":["Perfected Strike","Fire Breathing"],"picked":"Iron Wave","floor":10},{"not_picked":["Flex","Flame Barrier"],"picked":"Battle Trance","floor":12},{"not_picked":["Warcry","Pummel","Clash"],"picked":"Reaper","floor":14},{"not_picked":["Exhume","Brutality","Berserk"],"picked":"Impervious","floor":16},{"not_picked":["Burning Pact","Intimidate","True Grit"],"picked":"Immolate","floor":17},{"not_picked":["Burning Pact","Shrug It Off","Twin Strike"],"picked":"Disarm","floor":17},{"not_picked":["Clothesline","Perfected Strike","Shrug It Off"],"picked":"Shockwave","floor":17},{"not_picked":["Iron Wave","Dropkick","Armaments"],"picked":"Clothesline","floor":17},{"not_picked":["Headbutt","Body Slam","Perfected Strike"],"picked":"Twin Strike","floor":17},{"not_picked":["Searing Blow","Hemokinesis","Shockwave+1"],"picked":"Clothesline+1","floor":18},{"not_picked":["Rupture","Cleave","Anger"],"picked":"Second Wind","floor":24}],"player_experience":835534,"relics_obtained":[{"floor":6,"key":"Bronze Scales"},{"floor":9,"key":"Potion Belt"},{"floor":12,"key":"Question Card"}],"event_choices":[{"damage_healed":0,"gold_gain":0,"player_choice":"Read","damage_taken":0,"max_hp_gain":0,"max_hp_loss":0,"event_name":"The Library","floor":19,"gold_loss":0,"cards_obtained":["Corruption"]},{"damage_healed":0,"gold_gain":0,"player_choice":"Opened","damage_taken":0,"relics_obtained":["Orichalcum"],"max_hp_gain":0,"max_hp_loss":0,"event_name":"The Mausoleum","floor":21,"gold_loss":0,"cards_obtained":["Writhe"]},{"damage_healed":0,"gold_gain":0,"player_choice":"Shed Blood","damage_taken":20,"max_hp_gain":5,"max_hp_loss":0,"event_name":"Forgotten Altar","floor":22,"gold_loss":0}],"is_beta":false,"boss_relics":[{"not_picked":["Black Blood","Black Star"],"picked":"Orrery"}],"items_purged_floors":[],"is_endless":false,"potions_floor_spawned":[3,5,8,10,18],"killed_by":"Gremlin Leader","ascension_level":10}