{"gold_per_floor":[10,23,43,66,66,66,92,92,92,122,122,139,157,157,157,256,256,274,274,274,292,35,70,70,88,111,111,111,111,121,156,156,252,252,267,267,367,367,367,367,377,377],"floor_reached":42,"playtime":2065,"items_purged":[],"score":832,"play_id":"9e1d5450-d880-417b-b00b-d822634f3d77","local_time":"20190827120400","is_ascension_mode":true,"campfire_choices":[{"data":"Twin Strike","floor":6,"key":"SMITH"},{"floor":8,"key":"REST"},{"floor":11,"key":"REST"},{"data":"Pommel Strike","floor":15,"key":"SMITH"},{"floor":27,"key":"REST"},{"data":"Mayhem","floor":29,"key":"SMITH"},{"data":"Immolate","floor":32,"key":"SMITH"},{"data":"Berserk","floor":40,"key":"SMITH"}],"neow_cost":"NO_GOLD","seed_source_timestamp":537027718227300,"circlet_count":0,"master_deck":["AscendersBane","Strike_R+1","Strike_R+1","Strike_R+1","Strike_R+1","Strike_R+1","Defend_R+1","Defend_R+1","Defend_R+1","Defend_R+1","Bash","Limit Break","Twin Strike+1","Shockwave+1","Sentinel","Havoc","Flame Barrier","Sword Boomerang","Pommel Strike+1","Immolate+1","Feel No Pain","Mayhem+1","Evolve","Carnage","Shrug It Off","Berserk+1","Normality","Writhe","Writhe","Uppercut+1","Pain"],"relics":["Burning Blood","Juzu Bracelet","Self Forming Clay","Pantograph","Ornamental Fan","Busted Crown","Art of War","Bag of Marbles","Enchiridion","Regal Pillow","FossilizedHelix","Calling Bell","Strawberry","Sundial","Mango","Charon\u0027s Ashes","WarpedTongs"],"potions_floor_usage":[10,13,16,23,23,33,33],"damage_taken":[{"damage":11,"enemies":"Cultist","floor":1,"turns":4},{"damage":3,"enemies":"2 Louse","floor":2,"turns":2},{"damage":13,"enemies":"Small Slimes","floor":3,"turns":3},{"damage":46,"enemies":"Lagavulin","floor":7,"turns":6},{"damage":26,"enemies":"Gremlin Nob","floor":10,"turns":5},{"damage":11,"enemies":"Exordium Wildlife","floor":12,"turns":5},{"damage":0,"enemies":"Red Slaver","floor":13,"turns":5},{"damage":53,"enemies":"Hexaghost","floor":16,"turns":12},{"damage":0,"enemies":"3 Byrds","floor":18,"turns":5},{"damage":20,"enemies":"Chosen","floor":21,"turns":4},{"damage":30,"enemies":"Slavers","floor":23,"turns":5},{"damage":12,"enemies":"Snecko","floor":25,"turns":4},{"damage":12,"enemies":"Centurion and Healer","floor":30,"turns":5},{"damage":15,"enemies":"Book of Stabbing","floor":31,"turns":5},{"damage":59,"enemies":"Automaton","floor":33,"turns":9},{"damage":12,"enemies":"3 Darklings","floor":35,"turns":3},{"damage":5,"enemies":"Mind Bloom Boss Battle","floor":37,"turns":8},{"damage":21,"enemies":"Orb Walker","floor":41,"turns":4},{"damage":92,"enemies":"Giant Head","floor":42,"turns":9}],"seed_played":"-9049120834530574893","potions_obtained":[{"floor":3,"key":"Weak Potion"},{"floor":10,"key":"EssenceOfSteel"},{"floor":12,"key":"SneckoOil"},{"floor":13,"key":"Weak Potion"},{"floor":16,"key":"Block Potion"},{"floor":18,"key":"Regen Potion"},{"floor":23,"key":"Strength Potion"},{"floor":25,"key":"FearPotion"},{"floor":33,"key":"Weak Potion"},{"floor":41,"key":"Ancient Potion"}],"is_trial":false,"path_per_floor":["M","M","M","T","?","R","E","R","T","E","R","M","M","?","R","B",null,"M","?","T","M","$","E","?","M","T","R","?","R","M","E","R","B",null,"M","?","?","?","?","R","M","E"],"character_chosen":"IRONCLAD","items_purchased":["Mayhem","Evolve"],"campfire_rested":3,"item_purchase_floors":[22,22],"current_hp_per_floor":[67,70,63,63,63,63,23,47,47,27,51,46,52,52,52,30,68,74,74,74,60,60,50,34,28,28,67,67,67,61,52,52,24,87,81,81,101,101,101,101,86,0],"gold":377,"neow_bonus":"THREE_RARE_CARDS","is_prod":false,"is_daily":false,"chose_seed":false,"campfire_upgraded":5,"win_rate":0,"timestamp":1566875040,"path_taken":["M","M","M","?","?","R","E","R","T","E","R","M","M","?","R","BOSS","M","?","?","M","$","E","?","M","T","R","?","R","M","E","R","BOSS","M","?","?","?","?","R","M","E"],"build_version":"2019-07-17","purchased_purges":0,"victory":false,"max_hp_per_floor":[80,80,80,80,80,80,80,80,80,80,80,80,80,80,80,80,80,80,80,80,80,80,80,80,80,80,80,80,80,80,80,80,80,101,101,101,101,101,101,101,101,101],"card_choices":[{"not_picked":["Brutality","Juggernaut"],"picked":"Limit Break","floor":0},{"not_picked":["Clothesline","Power Through"],"picked":"Battle Trance","floor":1},{"not_picked":["Reckless Charge","Perfected Strike"],"picked":"Twin Strike","floor":2},{"not_picked":["Sever Soul","Metallicize"],"picked":"Shockwave","floor":3},{"not_picked":["Metallicize","Dual Wield"],"picked":"Havoc","floor":7},{"not_picked":["True Grit","Entrench"],"picked":"Flame Barrier","floor":10},{"not_picked":["Blood for Blood","Rampage"],"picked":"Sword Boomerang","floor":12},{"not_picked":["Entrench","Dual Wield"],"picked":"Pommel Strike","floor":13},{"not_picked":["Impervious","Dark Embrace"],"picked":"Immolate","floor":16},{"not_picked":["Armaments"],"picked":"SKIP","floor":18},{"not_picked":[],"picked":"Feel No Pain","floor":21},{"not_picked":[],"picked":"Carnage","floor":23},{"not_picked":[],"picked":"Shrug It Off","floor":25},{"not_picked":["Anger"],"picked":"SKIP","floor":30},{"not_picked":["Warcry"],"picked":"SKIP","floor":31},{"not_picked":[],"picked":"Berserk","floor":33},{"not_picked":["Body Slam"],"picked":"SKIP","floor":35},{"not_picked":[],"picked":"Uppercut+1","floor":37},{"not_picked":["Entrench"],"picked":"SKIP","floor":41}],"player_experience":853390,"relics_obtained":[{"floor":4,"key":"Juzu Bracelet"},{"floor":7,"key":"Self Forming Clay"},{"floor":9,"key":"Pantograph"},{"floor":10,"key":"Ornamental Fan"},{"floor":20,"key":"Art of War"},{"floor":23,"key":"Bag of Marbles"},{"floor":24,"key":"Enchiridion"},{"floor":26,"key":"Regal Pillow"},{"floor":31,"key":"FossilizedHelix"},{"floor":34,"key":"Strawberry"},{"floor":34,"key":"Sundial"},{"floor":34,"key":"Mango"},{"floor":37,"key":"Charon\u0027s Ashes"}],"event_choices":[{"damage_healed":0,"gold_gain":0,"cards_transformed":["Battle Trance"],"player_choice":"Transformed","damage_taken":0,"max_hp_gain":0,"max_hp_loss":0,"event_name":"Transmorgrifier","floor":5,"gold_loss":0,"cards_obtained":["Sentinel"]},{"damage_healed":0,"gold_gain":0,"player_choice":"Grow","damage_taken":0,"max_hp_gain":0,"max_hp_loss":0,"event_name":"Living Wall","floor":14,"gold_loss":0,"cards_upgraded":["Shockwave"]},{"damage_healed":0,"gold_gain":0,"player_choice":"Simplicity","damage_taken":0,"max_hp_gain":0,"max_hp_loss":0,"event_name":"Back to Basics","floor":19,"gold_loss":0,"cards_upgraded":["Strike_R","Strike_R","Strike_R","Strike_R","Strike_R","Defend_R","Defend_R","Defend_R","Defend_R"]},{"damage_healed":0,"gold_gain":0,"player_choice":"Obtained Book","damage_taken":16,"max_hp_gain":0,"max_hp_loss":0,"event_name":"Cursed Tome","floor":24,"gold_loss":0},{"damage_healed":0,"gold_gain":0,"player_choice":"Ignored","damage_taken":0,"max_hp_gain":0,"max_hp_loss":0,"event_name":"Ghosts","floor":28,"gold_loss":0},{"damage_healed":0,"gold_gain":0,"player_choice":"Ignored","damage_taken":0,"max_hp_gain":0,"max_hp_loss":0,"event_name":"Mysterious Sphere","floor":36,"gold_loss":0},{"damage_healed":0,"gold_gain":0,"player_choice":"Fight","damage_taken":0,"max_hp_gain":0,"max_hp_loss":0,"event_name":"MindBloom","floor":37,"gold_loss":0},{"damage_healed":0,"gold_gain":0,"player_choice":"Rummage","damage_taken":0,"relics_obtained":["WarpedTongs"],"max_hp_gain":0,"max_hp_loss":0,"event_name":"Accursed Blacksmith","floor":38,"gold_loss":0,"cards_obtained":["Pain"]},{"damage_healed":0,"gold_gain":0,"player_choice":"Ignored","damage_taken":0,"max_hp_gain":0,"max_hp_loss":0,"event_name":"Tomb of Lord Red Mask","floor":39,"gold_loss":0}],"is_beta":false,"boss_relics":[{"not_picked":["Ectoplasm","Astrolabe"],"picked":"Busted Crown"},{"not_picked":["White Beast Statue","Fusion Hammer"],"picked":"Calling Bell"}],"items_purged_floors":[],"is_endless":false,"potions_floor_spawned":[3,10,12,13,16,18,23,25,31,33,41],"killed_by":"Giant Head","ascension_level":12}