{"path_per_floor":["M","M","?","M","M","E","R","?","T","M","?","R","$","M","R","B"],"character_chosen":"IRONCLAD","items_purchased":["Armaments"],"gold_per_floor":[119,132,132,148,163,194,194,194,194,211,274,274,153,169,169,274,274],"floor_reached":17,"campfire_rested":2,"playtime":634,"current_hp_per_floor":[71,76,76,72,52,38,62,86,86,86,47,72,72,60,60,15,94],"items_purged":["Regret"],"gold":274,"score":157,"play_id":"e35ebeee-d67c-4e28-9805-a978ab657cd1","local_time":"20180503145936","is_prod":false,"is_daily":false,"chose_seed":false,"is_ascension_mode":false,"campfire_upgraded":1,"timestamp":1525330776,"path_taken":["M","M","?","M","?","E","R","?","T","M","?","R","$","M","R","BOSS"],"build_version":"2018-05-01v2","seed_source_timestamp":13295191578554,"purchased_purges":1,"victory":false,"master_deck":["Strike_R","Strike_R","Strike_R","Strike_R+1","Strike_R","Defend_R","Defend_R+1","Defend_R+1","Defend_R","Bash","Cleave","Pummel+1","Perfected Strike","Feed","Parasite","Thunderclap","Perfected Strike","Armaments+1","Fiend Fire"],"max_hp_per_floor":[80,80,80,80,80,80,80,86,86,86,86,86,86,90,90,94,94],"relics":["Burning Blood","War Paint","Darkstone Periapt","Letter Opener","Whetstone","Philosopher\u0027s Stone"],"card_choices":[{"not_picked":["Pommel Strike","Iron Wave"],"picked":"Cleave","floor":1},{"not_picked":["Pommel Strike","Power Through"],"picked":"Pummel","floor":2},{"not_picked":["Disarm","Iron Wave"],"picked":"Perfected Strike","floor":4},{"not_picked":["Fire Breathing","Battle Trance"],"picked":"Feed","floor":5},{"not_picked":["Cleave","Metallicize"],"picked":"Thunderclap","floor":10},{"not_picked":["Body Slam","Pommel Strike"],"picked":"Perfected Strike","floor":11},{"not_picked":["Offering","Juggernaut"],"picked":"Fiend Fire","floor":16}],"player_experience":0,"potions_floor_usage":[10,16,16],"damage_taken":[{"damage":15,"enemies":"Cultist","floor":1,"turns":4},{"damage":1,"enemies":"2 Louse","floor":2,"turns":2},{"damage":10,"enemies":"Jaw Worm","floor":4,"turns":3},{"damage":26,"enemies":"Blue Slaver","floor":5,"turns":4},{"damage":20,"enemies":"3 Sentries","floor":6,"turns":8},{"damage":1,"enemies":"2 Fungi Beasts","floor":10,"turns":2},{"damage":45,"enemies":"Gremlin Nob","floor":11,"turns":5},{"damage":22,"enemies":"Gremlin Gang","floor":14,"turns":3},{"damage":55,"enemies":"The Guardian","floor":16,"turns":11}],"event_choices":[{"event_name":"Big Fish","player_choice":"Box","floor":3,"damage_taken":0},{"event_name":"Mushrooms","player_choice":"Healed and dodged fight","floor":8,"damage_taken":0},{"event_name":"Dead Adventurer","player_choice":"Searched \u00272\u0027 times","floor":11,"damage_taken":0}],"boss_relics":[{"not_picked":["Snecko Eye","Orrery"],"picked":"Philosopher\u0027s Stone"}],"potions_floor_spawned":[6,11,14],"seed_played":"1911378690070481779","ascension_level":0,"is_trial":false}