{"gold_per_floor":[116,132,152,152,152,178,178,190,190,115,145,160,60,71,71,168,168,185,113,128,128,143,174,174,186,186,186,196,30,40,95,95,194,194,209,236,247,50,62,73,85,85,159,159,159,159,259,285,285,285,285,285,67,98,98],"floor_reached":55,"playtime":6455,"items_purged":["Night Terror","Distraction","Parasite","Pain"],"score":889,"play_id":"4fbf0b17-dc9a-47f4-aa0a-2962d27827b6","local_time":"20190707141543","is_ascension_mode":true,"campfire_choices":[{"floor":7,"key":"REST"},{"floor":15,"key":"REST"},{"data":"Bullet Time","floor":24,"key":"SMITH"},{"floor":27,"key":"REST"},{"floor":32,"key":"REST"},{"floor":44,"key":"REST"},{"floor":46,"key":"RECALL"},{"floor":49,"key":"REST"},{"data":"Bullet Time","floor":52,"key":"SMITH"}],"neow_cost":"NONE","seed_source_timestamp":521778315215600,"circlet_count":0,"master_deck":["Survivor+1","Neutralize","Die Die Die","Bane","Dagger Throw","Predator","Footwork","Sucker Punch","Unload","Backflip","Blur+1","Calculated Gamble","Footwork+1","Backflip","Bullet Time+1","Noxious Fumes+1","Leg Sweep","Heel Hook+1","Deflect","Secret Technique","Bane+1","Bullet Time+1","Leg Sweep+1","Deflect+1","Catalyst+1","Acrobatics+1","Well Laid Plans+1","Backflip","Parasite","Backflip+1","Footwork+1","Burst"],"relics":["Pandora\u0027s Box","Frozen Egg 2","Darkstone Periapt","Letter Opener","Molten Egg 2","Lizard Tail","Question Card","Tiny Chest","Cursed Key","Anchor","Dodecahedron","War Paint","Incense Burner","Gremlin Horn","Calipers"],"potions_floor_usage":[6,16,22,22,23,23,23,25,31,33,33,39,54,54],"damage_taken":[{"damage":9,"enemies":"Jaw Worm","floor":1,"turns":2},{"damage":1,"enemies":"Small Slimes","floor":2,"turns":3},{"damage":0,"enemies":"Cultist","floor":3,"turns":3},{"damage":18,"enemies":"Lagavulin","floor":6,"turns":6},{"damage":0,"enemies":"Red Slaver","floor":8,"turns":3},{"damage":16,"enemies":"Gremlin Nob","floor":11,"turns":4},{"damage":2,"enemies":"Gremlin Gang","floor":12,"turns":2},{"damage":11,"enemies":"Exordium Thugs","floor":14,"turns":4},{"damage":4,"enemies":"The Guardian","floor":16,"turns":11},{"damage":17,"enemies":"2 Thieves","floor":18,"turns":3},{"damage":0,"enemies":"Chosen","floor":20,"turns":6},{"damage":0,"enemies":"Centurion and Healer","floor":22,"turns":8},{"damage":30,"enemies":"Gremlin Leader","floor":23,"turns":12},{"damage":14,"enemies":"Snecko","floor":25,"turns":6},{"damage":10,"enemies":"Cultist and Chosen","floor":28,"turns":7},{"damage":5,"enemies":"Centurion and Healer","floor":30,"turns":6},{"damage":6,"enemies":"Book of Stabbing","floor":31,"turns":7},{"damage":39,"enemies":"Collector","floor":33,"turns":14},{"damage":0,"enemies":"3 Shapes","floor":35,"turns":5},{"damage":0,"enemies":"Orb Walker","floor":37,"turns":4},{"damage":25,"enemies":"Writhing Mass","floor":39,"turns":10},{"damage":15,"enemies":"4 Shapes","floor":40,"turns":6},{"damage":1,"enemies":"Transient","floor":41,"turns":5},{"damage":11,"enemies":"Mind Bloom Boss Battle","floor":47,"turns":8},{"damage":22,"enemies":"Nemesis","floor":48,"turns":9},{"damage":25,"enemies":"Awakened One","floor":50,"turns":23},{"damage":79,"enemies":"Shield and Spear","floor":54,"turns":9},{"damage":77,"enemies":"The Heart","floor":55,"turns":6}],"seed_played":"-1079851907889657250","potions_obtained":[{"floor":1,"key":"Weak Potion"},{"floor":11,"key":"Block Potion"},{"floor":14,"key":"LiquidBronze"},{"floor":16,"key":"EntropicBrew"},{"floor":18,"key":"Regen Potion"},{"floor":23,"key":"SteroidPotion"},{"floor":28,"key":"EssenceOfSteel"},{"floor":31,"key":"Weak Potion"},{"floor":33,"key":"SteroidPotion"},{"floor":37,"key":"Fruit Juice"},{"floor":40,"key":"GhostInAJar"},{"floor":48,"key":"AttackPotion"}],"is_trial":false,"path_per_floor":["M","M","M","?","?","E","R","M","T","$","E","M","$","M","R","B",null,"M","$","M","?","M","E","R","M","T","R","M","$","M","E","R","B",null,"M","T","M","$","M","M","M","?","T","R","T","R","?","E","R","B",null,"R","$","E","B"],"character_chosen":"THE_SILENT","items_purchased":["Leg Sweep","Secret Technique","Catalyst","Footwork+1"],"campfire_rested":6,"item_purchase_floors":[19,29,38,53],"current_hp_per_floor":[61,60,60,46,34,16,37,37,37,37,21,19,19,8,29,25,70,53,53,53,53,68,38,38,24,24,45,35,35,30,24,45,6,70,70,76,76,73,53,38,37,37,43,68,74,74,63,41,68,43,90,90,90,11,0],"gold":98,"neow_bonus":"BOSS_RELIC","is_prod":false,"is_daily":false,"chose_seed":false,"campfire_upgraded":2,"win_rate":0,"timestamp":1562476543,"path_taken":["M","M","M","?","?","E","R","M","T","$","E","M","?","M","R","BOSS","M","$","M","?","?","E","R","?","T","R","M","$","M","E","R","BOSS","M","?","M","$","M","M","M","?","T","R","?","R","?","E","R","BOSS","R","$","E","BOSS"],"build_version":"2019-07-05","purchased_purges":4,"victory":false,"max_hp_per_floor":[70,70,70,70,70,70,70,70,70,70,70,70,70,70,70,70,70,70,70,70,70,70,70,70,70,70,70,70,70,70,70,70,70,70,70,76,76,73,78,78,78,78,84,84,90,90,90,90,90,90,90,90,90,90,90],"card_choices":[{"not_picked":["Accuracy","Backstab"],"picked":"Backflip","floor":1},{"not_picked":["Deadly Poison","Deflect"],"picked":"Blur","floor":2},{"not_picked":["Blade Dance","PiercingWail"],"picked":"Calculated Gamble","floor":3},{"not_picked":["PiercingWail","Eviscerate","Doppelganger"],"picked":"SKIP","floor":6},{"not_picked":["Finisher","Outmaneuver","Concentrate"],"picked":"SKIP","floor":8},{"not_picked":["Riddle With Holes","Flying Knee","Underhanded Strike"],"picked":"SKIP","floor":11},{"not_picked":["PiercingWail","Outmaneuver"],"picked":"Footwork+1","floor":12},{"not_picked":["Dagger Throw+1","Quick Slash+1"],"picked":"Backflip","floor":14},{"not_picked":["Night Terror","Phantasmal Killer"],"picked":"Bullet Time","floor":16},{"not_picked":["PiercingWail","Blade Dance+1"],"picked":"Noxious Fumes+1","floor":18},{"not_picked":["Deflect","Eviscerate+1","Masterful Stab+1"],"picked":"SKIP","floor":20},{"not_picked":["Cloak And Dagger","Acrobatics"],"picked":"Heel Hook+1","floor":22},{"not_picked":["Masterful Stab+1","Concentrate"],"picked":"Deflect","floor":23},{"not_picked":["Expertise","Deadly Poison","Wraith Form v2+1","Slice+1"],"picked":"SKIP","floor":25},{"not_picked":["Flechettes+1","Setup","Tactician","Dagger Spray+1"],"picked":"SKIP","floor":28},{"not_picked":["Flying Knee+1","Flechettes+1","Finisher+1","Doppelganger"],"picked":"SKIP","floor":30},{"not_picked":["Tactician","Slice+1","Underhanded Strike+1"],"picked":"Bane+1","floor":31},{"not_picked":["Burst","Night Terror","Malaise"],"picked":"Bullet Time","floor":33},{"not_picked":["All Out Attack+1","Reflex","Eviscerate+1"],"picked":"Leg Sweep","floor":35},{"not_picked":["Tactician","Finisher+1","Predator+1"],"picked":"Deflect+1","floor":37},{"not_picked":["Poisoned Stab+1","Escape Plan+1","Dodge and Roll+1"],"picked":"Acrobatics+1","floor":39},{"not_picked":["Doppelganger","Slice+1","Tactician"],"picked":"Well Laid Plans+1","floor":40},{"not_picked":["PiercingWail","Flechettes+1","Leg Sweep"],"picked":"Backflip","floor":41},{"not_picked":["Skewer+1","Heel Hook+1","Crippling Poison+1"],"picked":"Backflip+1","floor":47},{"not_picked":["Outmaneuver","Skewer+1","Backstab+1","Distraction+1"],"picked":"SKIP","floor":48},{"not_picked":["Bane+1","Escape Plan+1","Predator+1"],"picked":"Burst","floor":54}],"player_experience":290320,"relics_obtained":[{"floor":6,"key":"Darkstone Periapt"},{"floor":9,"key":"Letter Opener"},{"floor":11,"key":"Molten Egg 2"},{"floor":23,"key":"Question Card"},{"floor":31,"key":"Tiny Chest"},{"floor":36,"key":"Anchor"},{"floor":43,"key":"Dodecahedron"},{"floor":45,"key":"War Paint"},{"floor":47,"key":"Incense Burner"},{"floor":48,"key":"Gremlin Horn"},{"floor":54,"key":"Calipers"}],"event_choices":[{"damage_healed":0,"gold_gain":0,"player_choice":"Entered Light","damage_taken":14,"max_hp_gain":0,"max_hp_loss":0,"event_name":"Shining Light","floor":4,"gold_loss":0,"cards_upgraded":["Survivor","Blur"]},{"damage_healed":0,"gold_gain":0,"player_choice":"Success","damage_taken":12,"relics_obtained":["Frozen Egg 2"],"max_hp_gain":0,"max_hp_loss":0,"event_name":"Scrap Ooze","floor":5,"gold_loss":0},{"cards_removed":["Slice"],"damage_healed":0,"gold_gain":0,"player_choice":"Purged","damage_taken":0,"max_hp_gain":0,"max_hp_loss":0,"event_name":"Purifier","floor":21,"gold_loss":0},{"damage_healed":0,"gold_gain":0,"player_choice":"Ignored","damage_taken":0,"max_hp_gain":0,"max_hp_loss":0,"event_name":"The Moai Head","floor":42,"gold_loss":0},{"damage_healed":0,"gold_gain":0,"player_choice":"Fight","damage_taken":0,"max_hp_gain":0,"max_hp_loss":0,"event_name":"MindBloom","floor":47,"gold_loss":0}],"is_beta":false,"boss_relics":[{"not_picked":["Velvet Choker","Ectoplasm"],"picked":"Lizard Tail"},{"not_picked":["Orrery","WristBlade"],"picked":"Cursed Key"}],"items_purged_floors":[10,13,38,53],"is_endless":false,"potions_floor_spawned":[1,11,14,16,18,23,28,31,33,37,40,48],"killed_by":"The Heart","ascension_level":4}