{"gold_per_floor":[112,166,182,182,193,193,222,235,235,235,252,282,302,322,322,424,424,435,435,435,82,98,98,115,115,195,225,10,10,10,10,10,10],"floor_reached":33,"playtime":1731,"items_purged":["Strike_B"],"score":472,"play_id":"a14f2480-e482-4bbc-bb93-cec30fc3df33","local_time":"20190814053406","is_ascension_mode":true,"campfire_choices":[{"data":"Dualcast","floor":6,"key":"SMITH"},{"floor":10,"key":"REST"},{"data":"Defragment","floor":15,"key":"SMITH"},{"floor":23,"key":"REST"},{"floor":25,"key":"REST"},{"floor":32,"key":"REST"}],"neow_cost":"PERCENT_DAMAGE","seed_source_timestamp":309916310827300,"circlet_count":0,"master_deck":["AscendersBane","Strike_B+1","Strike_B+1","Defend_B","Defend_B","Defend_B","Zap","Dualcast+1","Capacitor","Leap","Undo","Beam Cell","Streamline","Auto Shields","Coolheaded","Defragment+1","Conserve Battery","Machine Learning","Hologram","Genetic Algorithm","Self Repair","Double Energy","Go for the Eyes+1","Mayhem","Pain"],"relics":["Cracked Core","Whetstone","Emotion Chip","Gremlin Horn","Matryoshka","Fusion Hammer","Pen Nib","Kunai","Potion Belt","Tiny Chest","Pantograph","WarpedTongs"],"potions_floor_usage":[12,16,27,29,33],"damage_taken":[{"damage":1,"enemies":"Cultist","floor":1,"turns":3},{"damage":7,"enemies":"Jaw Worm","floor":3,"turns":2},{"damage":0,"enemies":"Small Slimes","floor":5,"turns":3},{"damage":31,"enemies":"3 Sentries","floor":7,"turns":9},{"damage":1,"enemies":"2 Fungi Beasts","floor":8,"turns":3},{"damage":0,"enemies":"Lots of Slimes","floor":11,"turns":3},{"damage":12,"enemies":"Lagavulin","floor":12,"turns":6},{"damage":6,"enemies":"Looter","floor":13,"turns":3},{"damage":1,"enemies":"Large Slime","floor":14,"turns":3},{"damage":13,"enemies":"The Guardian","floor":16,"turns":12},{"damage":10,"enemies":"2 Thieves","floor":18,"turns":4},{"damage":3,"enemies":"Spheric Guardian","floor":22,"turns":8},{"damage":33,"enemies":"Shelled Parasite and Fungi","floor":24,"turns":6},{"damage":44,"enemies":"Slavers","floor":27,"turns":9},{"damage":0,"enemies":"Gremlin Leader","floor":29,"turns":1},{"damage":69,"enemies":"Collector","floor":33,"turns":6}],"seed_played":"247468797563868951","potions_obtained":[{"floor":1,"key":"Weak Potion"},{"floor":8,"key":"SpeedPotion"},{"floor":12,"key":"SteroidPotion"},{"floor":14,"key":"LiquidBronze"},{"floor":18,"key":"GamblersBrew"},{"floor":24,"key":"SmokeBomb"}],"is_trial":false,"path_per_floor":["M","T","M","?","M","R","E","M","T","R","M","E","M","M","R","B",null,"M","?","?","$","M","R","M","R","T","E","$","E","?","?","R","B"],"character_chosen":"DEFECT","items_purchased":["Kunai","Self Repair","Mayhem","PowerPotion"],"campfire_rested":4,"item_purchase_floors":[21,21,28,28],"current_hp_per_floor":[49,49,42,67,67,67,36,35,35,57,57,45,39,38,38,25,63,53,53,53,53,57,75,49,71,71,34,34,34,20,20,44,0],"gold":10,"neow_bonus":"REMOVE_TWO","is_prod":false,"is_daily":false,"chose_seed":false,"campfire_upgraded":2,"win_rate":0,"timestamp":1565728446,"path_taken":["M","?","?","?","M","R","E","M","T","R","M","E","M","M","R","BOSS","M","?","?","$","?","R","M","R","T","E","$","E","?","?","R","BOSS"],"build_version":"2019-07-17","purchased_purges":1,"victory":false,"max_hp_per_floor":[75,75,75,75,75,75,75,75,75,75,75,75,75,75,75,75,75,75,75,75,75,75,75,75,75,75,75,75,75,80,80,80,80],"card_choices":[{"not_picked":["Darkness","Coolheaded"],"picked":"Capacitor","floor":1},{"not_picked":["Coolheaded","Auto Shields"],"picked":"Leap","floor":3},{"not_picked":["Stack","Tempest"],"picked":"Undo","floor":5},{"not_picked":["Hologram","Blizzard"],"picked":"Beam Cell","floor":7},{"not_picked":["Steam","Barrage"],"picked":"Streamline","floor":8},{"not_picked":["Turbo","Tempest"],"picked":"Auto Shields","floor":11},{"not_picked":["Barrage","Steam"],"picked":"Coolheaded","floor":12},{"not_picked":["Static Discharge","Compile Driver"],"picked":"Defragment","floor":13},{"not_picked":["Hologram","Sweeping Beam"],"picked":"Conserve Battery","floor":14},{"not_picked":["Creative AI","Hyperbeam"],"picked":"Machine Learning","floor":16},{"not_picked":["Go for the Eyes","Stack+1"],"picked":"Hologram","floor":18},{"not_picked":["Compile Driver","Go for the Eyes"],"picked":"Double Energy","floor":22},{"not_picked":["Beam Cell","Steam","Ball Lightning"],"picked":"SKIP","floor":24},{"not_picked":["Fission","Beam Cell"],"picked":"Go for the Eyes+1","floor":27}],"player_experience":697744,"relics_obtained":[{"floor":2,"key":"Whetstone"},{"floor":7,"key":"Emotion Chip"},{"floor":9,"key":"Gremlin Horn"},{"floor":12,"key":"Matryoshka"},{"floor":26,"key":"Potion Belt"},{"floor":26,"key":"Tiny Chest"},{"floor":27,"key":"Pantograph"}],"event_choices":[{"damage_healed":25,"gold_gain":0,"player_choice":"Banana","damage_taken":0,"max_hp_gain":0,"max_hp_loss":0,"event_name":"Big Fish","floor":4,"gold_loss":0},{"damage_healed":0,"gold_gain":0,"player_choice":"Read","damage_taken":0,"max_hp_gain":0,"max_hp_loss":0,"event_name":"The Library","floor":19,"gold_loss":0,"cards_obtained":["Genetic Algorithm"]},{"damage_healed":0,"gold_gain":0,"player_choice":"Gave Potion","damage_taken":0,"relics_obtained":["Pen Nib"],"max_hp_gain":0,"max_hp_loss":0,"event_name":"WeMeetAgain","floor":20,"gold_loss":0},{"damage_healed":0,"gold_gain":0,"player_choice":"Shed Blood","damage_taken":19,"max_hp_gain":5,"max_hp_loss":0,"event_name":"Forgotten Altar","floor":30,"gold_loss":0},{"damage_healed":0,"gold_gain":0,"player_choice":"Rummage","damage_taken":0,"relics_obtained":["WarpedTongs"],"max_hp_gain":0,"max_hp_loss":0,"event_name":"Accursed Blacksmith","floor":31,"gold_loss":0,"cards_obtained":["Pain"]}],"is_beta":false,"boss_relics":[{"not_picked":["Black Star","Tiny House"],"picked":"Fusion Hammer"}],"items_purged_floors":[21],"is_endless":false,"potions_floor_spawned":[1,8,12,14,18,24,29],"killed_by":"Collector","ascension_level":12}