{"gold_per_floor":[15,29,29,29,40,40,59,59,105,105,105,122,147,170,182,273,285,307,110,110,110,10,10,10,23,46,56,72,72,88,88,88,160,160,177,177,193,207,122,122,135,135,216,233,9,9,9,19,19,19],"floor_reached":51,"playtime":2823,"items_purged":["Strike_B","Writhe"],"score":1334,"play_id":"504347ce-8582-46b4-aec8-8f2299b933e0","local_time":"20190822141021","is_ascension_mode":true,"campfire_choices":[{"data":"Buffer","floor":6,"key":"SMITH"},{"data":"Darkness","floor":8,"key":"SMITH"},{"data":"Dualcast","floor":10,"key":"SMITH"},{"data":"Redo","floor":15,"key":"SMITH"},{"data":"Seek","floor":23,"key":"SMITH"},{"data":"Panacea","floor":32,"key":"SMITH"},{"data":"Fission","floor":40,"key":"SMITH"},{"data":"Defragment","floor":42,"key":"SMITH"},{"data":"Defragment","floor":46,"key":"SMITH"},{"data":"Machine Learning","floor":49,"key":"SMITH"}],"neow_cost":"NO_GOLD","seed_source_timestamp":111837892727600,"circlet_count":0,"master_deck":["AscendersBane","Strike_B+1","Defend_B+1","Defend_B+1","Defend_B+1","Zap+1","Dualcast+1","Machine Learning+1","Conserve Battery","Buffer+1","Darkness+1","Redo+1","Seek+1","Melter+1","Self Repair","Panacea+1","RitualDagger","Reinforced Body+1","Reprogram","Glacier","Zap","Fission+1","Stack+1","Static Discharge+1","FTL+1","Defragment+1","Defragment+1","Self Repair+1"],"relics":["Cracked Core","Orichalcum","MawBank","Coffee Dripper","Lantern","Cables","Art of War","Astrolabe","Bottled Lightning","Bag of Preparation"],"potions_floor_usage":[12,16,16,28,33,38,41,44,50],"damage_taken":[{"damage":4,"enemies":"Jaw Worm","floor":1,"turns":4},{"damage":7,"enemies":"Small Slimes","floor":2,"turns":4},{"damage":1,"enemies":"Cultist","floor":5,"turns":3},{"damage":8,"enemies":"3 Louse","floor":7,"turns":3},{"damage":18,"enemies":"Gremlin Gang","floor":12,"turns":2},{"damage":0,"enemies":"Large Slime","floor":14,"turns":6},{"damage":25,"enemies":"Hexaghost","floor":16,"turns":7},{"damage":12,"enemies":"Chosen","floor":18,"turns":5},{"damage":19,"enemies":"Shell Parasite","floor":25,"turns":4},{"damage":0,"enemies":"Snake Plant","floor":27,"turns":3},{"damage":18,"enemies":"Centurion and Healer","floor":28,"turns":5},{"damage":21,"enemies":"Snecko","floor":30,"turns":4},{"damage":0,"enemies":"Champ","floor":33,"turns":10},{"damage":2,"enemies":"Orb Walker","floor":35,"turns":6},{"damage":11,"enemies":"3 Darklings","floor":37,"turns":11},{"damage":26,"enemies":"Writhing Mass","floor":38,"turns":7},{"damage":8,"enemies":"4 Shapes","floor":41,"turns":5},{"damage":13,"enemies":"Jaw Worm Horde","floor":44,"turns":4},{"damage":0,"enemies":"Transient","floor":48,"turns":6},{"damage":0,"enemies":"Donu and Deca","floor":50,"turns":11}],"seed_played":"7241642104422378037","potions_obtained":[{"floor":1,"key":"FocusPotion"},{"floor":2,"key":"Explosive Potion"},{"floor":12,"key":"SneckoOil"},{"floor":14,"key":"FearPotion"},{"floor":25,"key":"FocusPotion"},{"floor":27,"key":"PowerPotion"},{"floor":33,"key":"AttackPotion"},{"floor":37,"key":"GamblersBrew"},{"floor":41,"key":"Poison Potion"},{"floor":44,"key":"Swift Potion"}],"is_trial":false,"path_per_floor":["M","M","?","$","M","R","M","R","T","R","?","M","T","M","R","B",null,"M","$","?","?","$","R","?","M","T","M","M","?","M","?","R","B",null,"M","?","M","M","$","R","M","R","T","M","$","R","?","M","R","B",null],"character_chosen":"DEFECT","items_purchased":["Self Repair","Panacea","Defragment","Bag of Preparation","Energy Potion"],"campfire_rested":0,"item_purchase_floors":[19,19,39,45,45],"current_hp_per_floor":[60,53,53,53,52,52,44,44,44,44,67,49,49,49,49,24,59,47,47,41,41,41,41,41,29,29,36,25,25,11,11,11,18,58,63,63,59,40,40,40,39,39,39,26,26,26,26,43,43,60],"gold":19,"neow_bonus":"THREE_RARE_CARDS","is_prod":false,"is_daily":false,"chose_seed":false,"campfire_upgraded":10,"win_rate":0,"timestamp":1566450621,"path_taken":["M","M","?","$","M","R","M","R","T","R","?","M","?","M","R","BOSS","M","$","?","?","$","R","?","M","T","M","?","?","?","?","R","BOSS","M","?","M","M","$","R","M","R","T","M","$","R","?","M","R","BOSS"],"build_version":"2019-07-17","purchased_purges":2,"victory":true,"max_hp_per_floor":[71,71,71,71,71,71,71,71,71,71,71,71,71,71,71,71,71,71,71,71,71,71,71,71,71,71,71,71,71,71,71,71,71,71,71,71,71,71,71,71,71,71,71,71,71,71,71,71,71,71],"card_choices":[{"not_picked":["Amplify","Creative AI"],"picked":"Machine Learning","floor":0},{"not_picked":["Scrape","Beam Cell"],"picked":"Streamline","floor":1},{"not_picked":["Steam Power","Compile Driver"],"picked":"Conserve Battery","floor":2},{"not_picked":["Cold Snap","Beam Cell"],"picked":"Buffer","floor":5},{"not_picked":["Rebound","Storm"],"picked":"Darkness","floor":7},{"not_picked":["Ball Lightning","Leap"],"picked":"Sunder","floor":12},{"not_picked":["Steam Power","Conserve Battery"],"picked":"Redo","floor":14},{"not_picked":["Creative AI","Rainbow"],"picked":"Seek","floor":16},{"not_picked":["Chaos","Streamline"],"picked":"Melter+1","floor":18},{"not_picked":["Capacitor","Cold Snap"],"picked":"Reinforced Body+1","floor":25},{"not_picked":["Cold Snap","Beam Cell"],"picked":"Reprogram","floor":27},{"not_picked":["Compile Driver","Redo"],"picked":"Glacier","floor":28},{"not_picked":["Sweeping Beam","Ball Lightning","Storm"],"picked":"SKIP","floor":30},{"not_picked":["Meteor Strike","Machine Learning"],"picked":"Fission","floor":33},{"not_picked":["Force Field+1","Static Discharge","Steam"],"picked":"SKIP","floor":35},{"not_picked":["Tempest","Sweeping Beam","Cold Snap"],"picked":"SKIP","floor":37},{"not_picked":["Hologram","Beam Cell"],"picked":"Defragment","floor":38},{"not_picked":["Sweeping Beam","Coolheaded","Turbo"],"picked":"SKIP","floor":41},{"not_picked":["Capacitor","Go for the Eyes+1"],"picked":"Self Repair+1","floor":44},{"not_picked":["Sweeping Beam","Heatsinks","Stack"],"picked":"SKIP","floor":48}],"player_experience":752221,"relics_obtained":[{"floor":9,"key":"Orichalcum"},{"floor":13,"key":"MawBank"},{"floor":26,"key":"Art of War"},{"floor":43,"key":"Bottled Lightning"}],"event_choices":[{"damage_healed":0,"gold_gain":0,"player_choice":"Grow","damage_taken":0,"max_hp_gain":0,"max_hp_loss":0,"event_name":"Living Wall","floor":3,"gold_loss":0,"cards_upgraded":["Zap"]},{"damage_healed":23,"gold_gain":0,"player_choice":"Banana","damage_taken":0,"max_hp_gain":0,"max_hp_loss":0,"event_name":"Big Fish","floor":11,"gold_loss":0},{"damage_healed":0,"gold_gain":0,"player_choice":"Joined the Cult","damage_taken":6,"max_hp_gain":0,"max_hp_loss":0,"event_name":"Nest","floor":20,"gold_loss":0,"cards_obtained":["RitualDagger"]},{"damage_healed":0,"gold_gain":0,"player_choice":"Opened","damage_taken":0,"relics_obtained":["Lantern"],"max_hp_gain":0,"max_hp_loss":0,"event_name":"The Mausoleum","floor":21,"gold_loss":0,"cards_obtained":["Writhe"]},{"cards_removed":["Sunder"],"damage_healed":0,"gold_gain":0,"player_choice":"Gave Card","damage_taken":0,"relics_obtained":["Cables"],"max_hp_gain":0,"max_hp_loss":0,"event_name":"WeMeetAgain","floor":24,"gold_loss":0},{"damage_healed":0,"gold_gain":0,"player_choice":"1 cards matched","damage_taken":0,"max_hp_gain":0,"max_hp_loss":0,"event_name":"Match and Keep!","floor":29,"gold_loss":0,"cards_obtained":["Zap"]},{"damage_healed":0,"gold_gain":0,"player_choice":"Simplicity","damage_taken":0,"max_hp_gain":0,"max_hp_loss":0,"event_name":"Back to Basics","floor":31,"gold_loss":0,"cards_upgraded":["Strike_B","Strike_B","Strike_B","Defend_B","Defend_B","Defend_B","Defend_B"]},{"cards_removed":["Defend_B"],"damage_healed":0,"gold_gain":0,"player_choice":"Removed Skill","damage_taken":0,"max_hp_gain":0,"max_hp_loss":0,"event_name":"Falling","floor":36,"gold_loss":0},{"damage_healed":0,"gold_gain":0,"player_choice":"Got Potions","damage_taken":0,"max_hp_gain":0,"max_hp_loss":0,"event_name":"Lab","floor":47,"gold_loss":0}],"is_beta":false,"boss_relics":[{"not_picked":["Runic Pyramid","Empty Cage"],"picked":"Coffee Dripper"},{"not_picked":["Busted Crown","White Beast Statue"],"picked":"Astrolabe"}],"items_purged_floors":[19,22],"is_endless":false,"potions_floor_spawned":[1,2,12,14,25,27,33,37,41,44],"ascension_level":18}