{"gold_per_floor":[114,129,144,69,84,114,114,129,154,169,169,199,226,263,275,387,399,426,438,365,392,404,476,488,515,527,539,581,18,48,63,63,163,163,178,227,242,242,257,287,137,152,177,192,222,222,237,252,252,252],"floor_reached":51,"playtime":6559,"items_purged":[],"score":981,"play_id":"809f4116-af09-4aea-880b-c91b5d3fc957","local_time":"20181128211747","daily_mods":["Insanity","ControlledChaos","DeadlyEvents"],"is_ascension_mode":false,"campfire_choices":[{"data":"1","floor":7,"key":"LIFT"},{"data":"2","floor":11,"key":"LIFT"},{"floor":15,"key":"REST"},{"data":"3","floor":24,"key":"LIFT"},{"data":"Concentrate","floor":27,"key":"SMITH"},{"data":"Bullet Time","floor":32,"key":"SMITH"},{"floor":46,"key":"REST"},{"data":"Calculated Gamble","floor":49,"key":"SMITH"}],"neow_cost":"","seed_source_timestamp":0,"circlet_count":0,"master_deck":["Backstab","Endless Agony","Flying Knee","Noxious Fumes","Poisoned Stab","Dagger Spray","Catalyst","Heel Hook","Flechettes","Crippling Poison","Outmaneuver","Catalyst","Sucker Punch","Dagger Throw","Outmaneuver","Prepared","Leg Sweep+1","Deflect","Deadly Poison","Bane","Backstab","Caltrops","Riddle With Holes","Blade Dance","Slice","Catalyst","Backflip","Poisoned Stab","Eviscerate","Slice","Accuracy","Crippling Poison","Predator","Underhanded Strike","Infinite Blades","Acrobatics","Dodge and Roll+1","Finisher","Sucker Punch","Slice","Flying Knee","Choke","Well Laid Plans","Flying Knee","Distraction","Eviscerate","Choke","PiercingWail","Finisher","PiercingWail","Tactician","Slice","Cloak And Dagger","Concentrate+1","Blur","Blade Dance","Tactician","Cloak And Dagger","Bouncing Flask","A Thousand Cuts","Prepared","Prepared","Bullet Time+1","Dagger Spray","Adrenaline","Doppelganger","Quick Slash","Glass Knife","Backflip","Calculated Gamble+1","Eviscerate","Acrobatics+1","Madness","Madness","Bane+1","PiercingWail+1","Tactician","Leg Sweep","Deflect+1","Pain","Reflex+1","Escape Plan","Calculated Gamble+1","Backflip+1","Dodge and Roll+1","Crippling Poison+1","Masterful Stab+1","Expertise"],"special_seed":17863,"relics":["Ring of the Snake","Frozen Eye","Girya","Art of War","MawBank","Oddly Smooth Stone","Black Star","Bag of Marbles","Tiny Chest","Blood Vial","Tingsha","PreservedInsect","Vajra","Toolbox","Lantern","War Paint","FossilizedHelix","Gambling Chip","Cursed Key","Prayer Wheel","Dream Catcher","Centennial Puzzle","Ancient Tea Set","Smiling Mask","Molten Egg 2","Bottled Lightning"],"potions_floor_usage":[23,30,33,48,50,50,50],"damage_taken":[{"damage":4,"enemies":"Cultist","floor":1,"turns":3},{"damage":0,"enemies":"2 Louse","floor":2,"turns":1},{"damage":7,"enemies":"Jaw Worm","floor":3,"turns":2},{"damage":0,"enemies":"3 Louse","floor":5,"turns":2},{"damage":7,"enemies":"3 Sentries","floor":6,"turns":5},{"damage":0,"enemies":"Blue Slaver","floor":8,"turns":1},{"damage":7,"enemies":"Looter","floor":10,"turns":2},{"damage":13,"enemies":"Lagavulin","floor":12,"turns":3},{"damage":0,"enemies":"2 Fungi Beasts","floor":13,"turns":2},{"damage":16,"enemies":"Hexaghost","floor":16,"turns":7},{"damage":6,"enemies":"3 Byrds","floor":18,"turns":4},{"damage":0,"enemies":"Spheric Guardian","floor":21,"turns":4},{"damage":0,"enemies":"Gremlin Leader","floor":23,"turns":6},{"damage":0,"enemies":"Snake Plant","floor":25,"turns":1},{"damage":15,"enemies":"Book of Stabbing","floor":28,"turns":4},{"damage":0,"enemies":"Slavers","floor":30,"turns":2},{"damage":0,"enemies":"Centurion and Healer","floor":31,"turns":1},{"damage":12,"enemies":"Automaton","floor":33,"turns":6},{"damage":0,"enemies":"Orb Walker","floor":35,"turns":1},{"damage":0,"enemies":"2 Orb Walkers","floor":36,"turns":1},{"damage":12,"enemies":"3 Darklings","floor":37,"turns":3},{"damage":0,"enemies":"Spire Growth","floor":39,"turns":2},{"damage":0,"enemies":"Giant Head","floor":40,"turns":2},{"damage":7,"enemies":"Writhing Mass","floor":42,"turns":4},{"damage":3,"enemies":"4 Shapes","floor":44,"turns":1},{"damage":0,"enemies":"Reptomancer","floor":45,"turns":1},{"damage":0,"enemies":"Sphere and 2 Shapes","floor":47,"turns":3},{"damage":0,"enemies":"Transient","floor":48,"turns":5},{"damage":22,"enemies":"Awakened One","floor":50,"turns":8}],"seed_played":"-3448397470738348676","potions_obtained":[{"floor":1,"key":"Dexterity Potion"},{"floor":8,"key":"SpeedPotion"},{"floor":12,"key":"SteroidPotion"},{"floor":13,"key":"Fire Potion"},{"floor":25,"key":"SteroidPotion"},{"floor":33,"key":"SteroidPotion"},{"floor":37,"key":"GamblersBrew"},{"floor":40,"key":"AttackPotion"},{"floor":48,"key":"SpeedPotion"}],"is_trial":false,"path_per_floor":["M","M","M","$","M","E","R","M","T","M","R","E","M","T","R","B",null,"M","?","?","M","$","E","R","M","T","R","E","$","E","M","R","B",null,"M","?","M","?","M","E","$","M","T","M","E","R","M","M","R","B",null],"character_chosen":"THE_SILENT","items_purchased":["GhostInAJar","Toolbox","Lantern","War Paint","GamblersBrew","Ancient Tea Set"],"campfire_rested":2,"item_purchase_floors":[4,29,29,29,29,41],"current_hp_per_floor":[66,66,59,59,59,52,52,52,52,45,45,32,32,32,53,37,70,64,64,64,64,64,64,64,66,66,66,53,53,55,57,57,47,70,70,70,58,49,51,53,53,48,48,47,49,70,70,70,70,48],"gold":252,"neow_bonus":"","is_prod":false,"is_daily":true,"chose_seed":false,"campfire_upgraded":3,"win_rate":0,"timestamp":1543407467,"path_taken":["M","M","?","?","M","E","R","M","T","M","R","E","M","?","R","BOSS","M","?","?","M","?","E","R","M","T","R","?","$","E","?","R","BOSS","M","?","M","?","M","E","?","M","T","M","?","R","M","M","R","BOSS"],"build_version":"2018-11-15","purchased_purges":0,"victory":true,"max_hp_per_floor":[70,70,70,70,70,70,70,70,70,70,70,70,70,70,70,70,70,70,70,70,70,70,70,70,70,70,70,70,70,70,70,70,70,70,70,70,70,70,70,70,70,70,70,70,70,70,70,70,70,70],"card_choices":[{"not_picked":["Bane","Flying Knee"],"picked":"Tactician","floor":1},{"not_picked":["Infinite Blades","Outmaneuver"],"picked":"Slice","floor":2},{"not_picked":["Bane","Dagger Throw"],"picked":"Cloak And Dagger","floor":3},{"not_picked":["Dagger Spray","Flying Knee"],"picked":"Concentrate","floor":5},{"not_picked":["Glass Knife","Catalyst"],"picked":"Blur","floor":6},{"not_picked":["Flechettes","Deadly Poison"],"picked":"Blade Dance","floor":8},{"not_picked":["Footwork","Sucker Punch"],"picked":"Tactician","floor":10},{"not_picked":["Grand Finale","Acrobatics"],"picked":"Cloak And Dagger","floor":12},{"not_picked":["Sucker Punch","Prepared"],"picked":"Bouncing Flask","floor":13},{"not_picked":["Unload","Bullet Time"],"picked":"A Thousand Cuts","floor":16},{"not_picked":["Bane","Outmaneuver"],"picked":"Prepared","floor":18},{"not_picked":["Dagger Throw","Underhanded Strike"],"picked":"Prepared","floor":21},{"not_picked":["Quick Slash+1","Tools of the Trade"],"picked":"Bullet Time","floor":23},{"not_picked":["Bouncing Flask","Slice"],"picked":"Dagger Spray","floor":25},{"not_picked":["Bouncing Flask","Riddle With Holes"],"picked":"Adrenaline","floor":28},{"not_picked":["Quick Slash","Caltrops"],"picked":"Doppelganger","floor":30},{"not_picked":["Caltrops+1","Dodge and Roll"],"picked":"Quick Slash","floor":31},{"not_picked":["Malaise","Night Terror"],"picked":"Glass Knife","floor":33},{"not_picked":["Choke+1","Escape Plan+1"],"picked":"Backflip","floor":35},{"not_picked":["Dagger Spray+1","Tactician+1"],"picked":"Calculated Gamble","floor":36},{"not_picked":["Choke","PiercingWail+1"],"picked":"Eviscerate","floor":37},{"not_picked":["PiercingWail","Deflect"],"picked":"Acrobatics+1","floor":37},{"not_picked":["Dagger Spray","Outmaneuver"],"picked":"Bane+1","floor":39},{"not_picked":["Dodge and Roll+1","Die Die Die"],"picked":"PiercingWail+1","floor":39},{"not_picked":["Grand Finale","Night Terror"],"picked":"Tactician","floor":40},{"not_picked":["Deadly Poison","Heel Hook+1"],"picked":"Leg Sweep","floor":42},{"not_picked":["Catalyst","Flying Knee"],"picked":"Deflect+1","floor":42},{"not_picked":["Doppelganger","Endless Agony"],"picked":"Reflex+1","floor":44},{"not_picked":["PiercingWail+1","Dagger Spray+1"],"picked":"Escape Plan","floor":44},{"not_picked":["Dagger Spray+1","Deadly Poison+1"],"picked":"Calculated Gamble+1","floor":45},{"not_picked":["Blade Dance","Footwork+1"],"picked":"Backflip+1","floor":46},{"not_picked":["Riddle With Holes+1","Acrobatics"],"picked":"Dodge and Roll+1","floor":47},{"not_picked":["Concentrate","Dagger Spray+1"],"picked":"Crippling Poison+1","floor":47},{"not_picked":["Dagger Spray+1","Bullet Time"],"picked":"Masterful Stab+1","floor":48},{"not_picked":["Heel Hook+1","Deflect+1"],"picked":"Expertise","floor":48}],"player_experience":513438,"relics_obtained":[{"floor":6,"key":"Girya"},{"floor":9,"key":"Art of War"},{"floor":12,"key":"MawBank"},{"floor":14,"key":"Oddly Smooth Stone"},{"floor":23,"key":"Tiny Chest"},{"floor":23,"key":"Blood Vial"},{"floor":26,"key":"Tingsha"},{"floor":28,"key":"PreservedInsect"},{"floor":28,"key":"Vajra"},{"floor":30,"key":"FossilizedHelix"},{"floor":30,"key":"Gambling Chip"},{"floor":36,"key":"Prayer Wheel"},{"floor":40,"key":"Dream Catcher"},{"floor":40,"key":"Centennial Puzzle"},{"floor":43,"key":"Smiling Mask"},{"floor":45,"key":"Molten Egg 2"},{"floor":45,"key":"Bottled Lightning"}],"event_choices":[{"damage_healed":0,"gold_gain":0,"player_choice":"Ignored","damage_taken":0,"max_hp_gain":0,"max_hp_loss":0,"event_name":"Ghosts","floor":19,"gold_loss":0},{"damage_healed":0,"gold_gain":0,"player_choice":"Obtained Relic","damage_taken":0,"relics_obtained":["Bag of Marbles"],"max_hp_gain":0,"max_hp_loss":0,"event_name":"Addict","floor":20,"gold_loss":85},{"damage_healed":0,"gold_gain":0,"player_choice":"Fight","damage_taken":0,"max_hp_gain":0,"max_hp_loss":0,"event_name":"Mysterious Sphere","floor":36,"gold_loss":0},{"damage_healed":0,"gold_gain":0,"player_choice":"Embrace Madness","damage_taken":9,"max_hp_gain":0,"max_hp_loss":0,"event_name":"Winding Halls","floor":38,"gold_loss":0,"cards_obtained":["Madness","Madness"]}],"is_beta":false,"boss_relics":[{"not_picked":["Coffee Dripper","Empty Cage"],"picked":"Black Star"},{"not_picked":["Sozu","Astrolabe"],"picked":"Cursed Key"}],"items_purged_floors":[],"is_endless":false,"potions_floor_spawned":[1,8,12,13,16,18,25,33,37,39,40,48],"ascension_level":0}