{"gold_per_floor":[114,114,42,42,42,78,78,91,161,161,180,71,107,127,127,246,246,262,337,5,20,33,33,6,29,29,65,65,79,79,102,102,226,226,245,261,329,55,80,80,98,98,98,0,0,0,44,169,169,169],"floor_reached":51,"playtime":5376,"items_purged":["Strike_G","Strike_G","Strike_G"],"score":984,"play_id":"1752a812-ac7a-4949-90a8-df9feaa93579","local_time":"20181213024554","is_ascension_mode":true,"campfire_choices":[{"data":"Neutralize","floor":7.0,"key":"SMITH"},{"data":"Blur","floor":10.0,"key":"SMITH"},{"floor":15.0,"key":"REST"},{"data":"Noxious Fumes","floor":23.0,"key":"SMITH"},{"data":"Glass Knife","floor":28.0,"key":"SMITH"},{"floor":32.0,"key":"REST"},{"data":"Concentrate","floor":40,"key":"SMITH"},{"floor":42,"key":"REST"},{"data":"Footwork","floor":45,"key":"SMITH"},{"floor":49,"key":"REST"}],"neow_cost":"NONE","seed_source_timestamp":0,"circlet_count":0,"master_deck":["Defend_G","Defend_G","Defend_G","Defend_G","Defend_G","Strike_G","Survivor","Neutralize+1","Concentrate+1","Backstab","Blur+1","Acrobatics","Dodge and Roll+1","Infinite Blades","Glass Knife+1","PiercingWail+1","Malaise+1","Noxious Fumes+1","Dash","Backflip+1","Expertise+1","Cloak And Dagger+1","Acrobatics+1","Deflect+1","Footwork+1","Deadly Poison+1","Leg Sweep+1","Dodge and Roll+1","Well Laid Plans+1","PiercingWail+1","Parasite","Reflex+1"],"special_seed":0,"relics":["Ring of the Snake","NeowsBlessing","Golden Idol","Turnip","Toxic Egg 2","Happy Flower","Busted Crown","Membership Card","Bottled Flame","Mummified Hand","Frozen Egg 2","WristBlade","Nunchaku","Mango","Sundial","Red Mask","The Courier","Regal Pillow","Bird Faced Urn"],"potions_floor_usage":[37,47,50,50],"damage_taken":[{"damage":0.0,"enemies":"Jaw Worm","floor":1.0,"turns":1.0},{"damage":0.0,"enemies":"Gremlin Nob","floor":6.0,"turns":1.0},{"damage":0.0,"enemies":"2 Louse","floor":8.0,"turns":1.0},{"damage":2.0,"enemies":"Cultist","floor":11.0,"turns":5.0},{"damage":17.0,"enemies":"3 Sentries","floor":13.0,"turns":14.0},{"damage":0.0,"enemies":"Red Slaver","floor":14.0,"turns":4.0},{"damage":21.0,"enemies":"Slime Boss","floor":16.0,"turns":14.0},{"damage":0.0,"enemies":"Shell Parasite","floor":18.0,"turns":9.0},{"damage":0.0,"enemies":"Chosen","floor":21.0,"turns":6.0},{"damage":0.0,"enemies":"Snake Plant","floor":22.0,"turns":8.0},{"damage":4.0,"enemies":"Centurion and Healer","floor":25.0,"turns":7.0},{"damage":7.0,"enemies":"Book of Stabbing","floor":27.0,"turns":6.0},{"damage":0.0,"enemies":"Sentry and Sphere","floor":29.0,"turns":8.0},{"damage":4.0,"enemies":"Shelled Parasite and Fungi","floor":31.0,"turns":6.0},{"damage":8.0,"enemies":"Champ","floor":33.0,"turns":10.0},{"damage":1,"enemies":"3 Shapes","floor":35,"turns":7},{"damage":1,"enemies":"3 Darklings","floor":36,"turns":6},{"damage":19,"enemies":"2 Orb Walkers","floor":37,"turns":6},{"damage":0,"enemies":"Maw","floor":39,"turns":9},{"damage":15,"enemies":"Writhing Mass","floor":41,"turns":8},{"damage":0,"enemies":"Giant Head","floor":47,"turns":11},{"damage":0,"enemies":"Mind Bloom Boss Battle","floor":48,"turns":8},{"damage":10,"enemies":"Donu and Deca","floor":50,"turns":12}],"seed_played":"2621416530125097173","potions_obtained":[{"floor":6.0,"key":"Block Potion"},{"floor":11.0,"key":"Strength Potion"},{"floor":13.0,"key":"Energy Potion"},{"floor":22.0,"key":"Strength Potion"},{"floor":25.0,"key":"Energy Potion"},{"floor":29.0,"key":"Strength Potion"},{"floor":31.0,"key":"SkillPotion"},{"floor":33.0,"key":"Energy Potion"},{"floor":36,"key":"Strength Potion"},{"floor":37,"key":"SteroidPotion"},{"floor":47,"key":"Ancient Potion"}],"is_trial":false,"path_per_floor":["M","?","$","?","?","E","R","M","T","R","M","$","E","M","R","B",null,"M","?","$","M","M","R","$","M","T","E","R","M","T","M","R","B",null,"M","M","?","$","M","R","M","R","T","?","R","T","E","?","R","B",null],"character_chosen":"THE_SILENT","items_purchased":["Backstab","Infinite Blades","Membership Card","Noxious Fumes","Dash","Backflip+1","Cloak And Dagger+1","Mango","Well Laid Plans+1","PiercingWail+1"],"campfire_rested":4,"item_purchase_floors":[3,12,20,20,20,20,24,38,38,38],"current_hp_per_floor":[63,56,56,56,56,56,56,56,56,56,54,54,37,37,56,35,58,58,52,52,52,52,52,52,48,48,41,41,41,41,37,56,48,61,60,59,40,54,54,54,39,62,62,62,62,62,62,62,79,75],"gold":169,"neow_bonus":"THREE_ENEMY_KILL","is_prod":false,"is_daily":false,"chose_seed":false,"campfire_upgraded":6,"win_rate":0,"timestamp":1544697954,"path_taken":["M","?","$","?","?","E","R","M","T","R","M","$","E","M","R","BOSS","M","?","$","M","?","R","?","M","T","E","R","M","?","M","R","BOSS","M","M","?","$","M","R","M","R","T","?","R","?","E","?","R","BOSS"],"build_version":"2018-12-06","purchased_purges":3,"victory":true,"max_hp_per_floor":[70,70,70,70,65,65,65,65,65,65,65,65,65,65,65,65,65,65,65,65,65,65,65,65,65,65,65,65,65,65,65,65,65,65,65,65,65,79,79,79,79,79,79,79,79,79,79,79,79,79],"card_choices":[{"not_picked":["Slice","Quick Slash"],"picked":"Concentrate","floor":1.0},{"not_picked":["Poisoned Stab","Tactician"],"picked":"Blur","floor":6.0},{"not_picked":["Phantasmal Killer","Poisoned Stab"],"picked":"Acrobatics","floor":8.0},{"not_picked":["Flechettes","Dagger Throw"],"picked":"Dodge and Roll+1","floor":11.0},{"not_picked":["Masterful Stab","Terror+1"],"picked":"Glass Knife","floor":13.0},{"not_picked":["Acrobatics+1","Flying Knee"],"picked":"PiercingWail+1","floor":14.0},{"not_picked":["Doppelganger+1","Bullet Time+1"],"picked":"Malaise+1","floor":16.0},{"not_picked":["Bane"],"picked":"SKIP","floor":18.0},{"not_picked":[],"picked":"Expertise+1","floor":21.0},{"not_picked":["Endless Agony"],"picked":"SKIP","floor":22.0},{"not_picked":[],"picked":"Acrobatics+1","floor":25.0},{"not_picked":[],"picked":"Deflect+1","floor":27.0},{"not_picked":[],"picked":"Footwork","floor":29.0},{"not_picked":[],"picked":"Deadly Poison+1","floor":31.0},{"not_picked":["Sucker Punch"],"picked":"SKIP","floor":35},{"not_picked":[],"picked":"Leg Sweep+1","floor":36},{"not_picked":[],"picked":"Dodge and Roll+1","floor":37},{"not_picked":["Flying Knee+1"],"picked":"SKIP","floor":39},{"not_picked":["Flying Knee+1"],"picked":"SKIP","floor":39},{"not_picked":[],"picked":"Reflex+1","floor":41},{"not_picked":["Slice"],"picked":"SKIP","floor":47}],"player_experience":409846,"relics_obtained":[{"floor":6.0,"key":"Turnip"},{"floor":9.0,"key":"Toxic Egg 2"},{"floor":13.0,"key":"Happy Flower"},{"floor":26.0,"key":"Bottled Flame"},{"floor":27.0,"key":"Mummified Hand"},{"floor":30.0,"key":"Frozen Egg 2"},{"floor":37,"key":"Nunchaku"},{"floor":43,"key":"Sundial"},{"floor":46,"key":"The Courier"},{"floor":47,"key":"Regal Pillow"},{"floor":48,"key":"Bird Faced Urn"}],"event_choices":[{"cards_removed":["Strike_G"],"damage_healed":0.0,"max_hp_gain":0.0,"max_hp_loss":0.0,"gold_gain":0.0,"event_name":"Golden Wing","player_choice":"Card Removal","floor":2.0,"gold_loss":0.0,"damage_taken":7.0},{"damage_healed":0.0,"max_hp_gain":0.0,"max_hp_loss":0.0,"gold_gain":0.0,"event_name":"Liars Game","player_choice":"Ignored","floor":4.0,"gold_loss":0.0,"damage_taken":0.0},{"damage_healed":0.0,"max_hp_gain":0.0,"max_hp_loss":5.0,"gold_gain":0.0,"event_name":"Golden Idol","player_choice":"Lose Max HP","floor":5.0,"gold_loss":0.0,"damage_taken":0.0,"relics_obtained":["Golden Idol"]},{"damage_healed":0.0,"max_hp_gain":0.0,"max_hp_loss":0.0,"gold_gain":75.0,"event_name":"FaceTrader","player_choice":"Touch","floor":19.0,"gold_loss":0.0,"damage_taken":6.0},{"damage_healed":0,"gold_gain":0,"player_choice":"Fight","damage_taken":0,"max_hp_gain":0,"max_hp_loss":0,"event_name":"Mysterious Sphere","floor":37,"gold_loss":0},{"damage_healed":0,"gold_gain":0,"player_choice":"Paid","damage_taken":0,"relics_obtained":["Red Mask"],"max_hp_gain":0,"max_hp_loss":0,"event_name":"Tomb of Lord Red Mask","floor":44,"gold_loss":98},{"damage_healed":0,"gold_gain":0,"player_choice":"Fight","damage_taken":0,"max_hp_gain":0,"max_hp_loss":0,"event_name":"MindBloom","floor":48,"gold_loss":0}],"is_beta":false,"boss_relics":[{"not_picked":["Astrolabe","Empty Cage"],"picked":"Busted Crown"},{"not_picked":["Philosopher\u0027s Stone","Fusion Hammer"],"picked":"WristBlade"}],"items_purged_floors":[12,20,38],"is_endless":false,"potions_floor_spawned":[6,11,13,22,25,29,31,33,36,37,47],"ascension_level":8}