{"gold_per_floor":[115,131,148,148,160,160,195,206,206,216,227,74,74,24,24,122,122,139,154,166,10,22,22,22,22,93,93,107,121,155,155,155,250,250,267,22,35,47,47,47,47],"floor_reached":41,"playtime":3241,"items_purged":["Strike_G"],"score":459,"play_id":"c8bfc7e9-e624-4076-8edd-cbca25431486","local_time":"20181030201311","is_ascension_mode":true,"campfire_choices":[{"data":"Caltrops","floor":6.0,"key":"SMITH"},{"floor":15.0,"key":"REST"},{"floor":23.0,"key":"REST"},{"floor":27.0,"key":"REST"},{"floor":32.0,"key":"REST"},{"floor":40,"key":"REST"}],"neow_cost":"NONE","seed_source_timestamp":0,"circlet_count":0,"master_deck":["Defend_G+1","Defend_G+1","Defend_G+1","Defend_G+1","Defend_G+1","Strike_G+1","Strike_G+1","Strike_G+1","Survivor+1","Neutralize","Caltrops+1","Blur","Blade Dance+1","Poisoned Stab","Poisoned Stab","Deadly Poison","Bane","Choke","Die Die Die","Predator","Setup","Footwork+1","Bandage Up","Prepared","All Out Attack+1","PiercingWail","Terror+1","A Thousand Cuts+1","Flying Knee"],"special_seed":0,"relics":["Ring of the Serpent","Oddly Smooth Stone","Lantern","Frozen Egg 2","Regal Pillow","WingedGreaves","MutagenicStrength","Sundial","Pantograph","Bronze Scales","Kunai"],"potions_floor_usage":[41,41],"damage_taken":[{"damage":5.0,"enemies":"Small Slimes","floor":1.0,"turns":5.0},{"damage":2.0,"enemies":"Jaw Worm","floor":2.0,"turns":6.0},{"damage":0.0,"enemies":"2 Louse","floor":3.0,"turns":5.0},{"damage":6.0,"enemies":"Lots of Slimes","floor":5.0,"turns":4.0},{"damage":12.0,"enemies":"3 Sentries","floor":7.0,"turns":8.0},{"damage":0.0,"enemies":"3 Louse","floor":8.0,"turns":2.0},{"damage":0.0,"enemies":"Large Slime","floor":10.0,"turns":5.0},{"damage":0.0,"enemies":"Looter","floor":11.0,"turns":2.0},{"damage":16.0,"enemies":"Hexaghost","floor":16.0,"turns":9.0},{"damage":27.0,"enemies":"2 Thieves","floor":18.0,"turns":4.0},{"damage":12.0,"enemies":"Shell Parasite","floor":19.0,"turns":4.0},{"damage":21.0,"enemies":"Sentry and Sphere","floor":20.0,"turns":7.0},{"damage":27.0,"enemies":"Snecko","floor":22.0,"turns":5.0},{"damage":20.0,"enemies":"Centurion and Healer","floor":28.0,"turns":6.0},{"damage":4.0,"enemies":"Shelled Parasite and Fungi","floor":29.0,"turns":5.0},{"damage":32.0,"enemies":"Gremlin Leader","floor":30.0,"turns":6.0},{"damage":72.0,"enemies":"Collector","floor":33.0,"turns":12.0},{"damage":5,"enemies":"3 Shapes","floor":35,"turns":3},{"damage":12,"enemies":"Orb Walker","floor":37,"turns":4},{"damage":41,"enemies":"4 Shapes","floor":38,"turns":5},{"damage":62,"enemies":"Giant Head","floor":41,"turns":6}],"seed_played":"7794683149419858360","potions_obtained":[{"floor":1.0,"key":"SpeedPotion"},{"floor":3.0,"key":"LiquidBronze"},{"floor":8.0,"key":"Energy Potion"},{"floor":10.0,"key":"FairyPotion"},{"floor":18.0,"key":"Energy Potion"},{"floor":28.0,"key":"SteroidPotion"},{"floor":29.0,"key":"SneckoOil"},{"floor":33.0,"key":"Energy Potion"},{"floor":38,"key":"SteroidPotion"}],"is_trial":false,"path_per_floor":["M","M","M","?","M","R","E","M","T","M","M","$","?","?","R","B",null,"M","M","M","$","M","R","?","?","T","R","M","M","E","?","R","B",null,"M","$","M","M","?","R"],"character_chosen":"THE_SILENT","items_purchased":["Regal Pillow","Bandage Up","Kunai"],"campfire_rested":5,"item_purchase_floors":[12,21,36],"current_hp_per_floor":[65,63,63,49,43,43,31,31,31,31,31,31,19,19,55,39,70,43,31,10,10,7,43,43,43,43,70,54,54,26,26,62,2,70,69,69,57,20,20,56,0],"gold":47,"neow_bonus":"RANDOM_COMMON_RELIC","is_prod":false,"is_daily":false,"chose_seed":false,"campfire_upgraded":1,"win_rate":0,"timestamp":1540955591,"path_taken":["M","M","M","?","M","R","E","M","T","M","?","$","?","?","R","BOSS","M","M","M","$","M","R","?","?","T","R","M","?","E","?","R","BOSS","M","$","M","?","?","R","E"],"build_version":"2018-10-25v2","purchased_purges":1,"victory":false,"max_hp_per_floor":[70,70,70,70,70,70,70,70,70,70,70,70,70,70,70,70,70,70,70,70,70,70,70,70,70,70,70,70,70,70,70,70,70,70,70,70,70,70,70,70,70],"card_choices":[{"not_picked":["Underhanded Strike","PiercingWail"],"picked":"Caltrops","floor":1.0},{"not_picked":["Catalyst","PiercingWail"],"picked":"Blur","floor":2.0},{"not_picked":["PiercingWail","Endless Agony"],"picked":"Blade Dance","floor":3.0},{"not_picked":["Quick Slash","Concentrate"],"picked":"Poisoned Stab","floor":5.0},{"not_picked":["Quick Slash","Calculated Gamble"],"picked":"Poisoned Stab","floor":7.0},{"not_picked":["Underhanded Strike","Deflect"],"picked":"Deadly Poison","floor":8.0},{"not_picked":["Dash","Choke"],"picked":"Bane","floor":10.0},{"not_picked":["Bouncing Flask","Phantasmal Killer"],"picked":"Choke","floor":11.0},{"not_picked":["Storm of Steel","Grand Finale"],"picked":"Die Die Die","floor":16.0},{"not_picked":["Riddle With Holes+1","Deflect"],"picked":"Predator","floor":18.0},{"not_picked":["Sucker Punch+1","Predator"],"picked":"Setup","floor":19.0},{"not_picked":["PiercingWail+1","Choke"],"picked":"Footwork+1","floor":20.0},{"not_picked":["Cloak And Dagger","Escape Plan+1"],"picked":"Prepared","floor":22.0},{"not_picked":["Deadly Poison","Underhanded Strike"],"picked":"All Out Attack+1","floor":28.0},{"not_picked":["Slice+1","Expertise+1"],"picked":"PiercingWail","floor":29.0},{"not_picked":["Prepared","Unload"],"picked":"Terror+1","floor":30.0},{"not_picked":["Venomology","Tools of the Trade+1"],"picked":"A Thousand Cuts+1","floor":33.0},{"not_picked":["Poisoned Stab+1","Slice","PiercingWail+1"],"picked":"SKIP","floor":35},{"not_picked":["Cloak And Dagger","Predator"],"picked":"Deadly Poison+1","floor":37},{"not_picked":["Bane","Slice"],"picked":"Flying Knee","floor":38}],"player_experience":201895,"relics_obtained":[{"floor":7.0,"key":"Lantern"},{"floor":9.0,"key":"Frozen Egg 2"},{"floor":26.0,"key":"Sundial"},{"floor":30.0,"key":"Pantograph"}],"event_choices":[{"damage_healed":0.0,"max_hp_gain":0.0,"max_hp_loss":0.0,"gold_gain":0.0,"event_name":"Shining Light","player_choice":"Entered Light","floor":4.0,"gold_loss":0.0,"damage_taken":14.0,"cards_upgraded":["Blade Dance","Survivor"]},{"damage_healed":0.0,"max_hp_gain":0.0,"max_hp_loss":0.0,"gold_gain":0.0,"event_name":"Scrap Ooze","player_choice":"Success","floor":13.0,"gold_loss":0.0,"damage_taken":12.0,"relics_obtained":["WingedGreaves"]},{"cards_removed":["Strike_G"],"damage_healed":0.0,"max_hp_gain":0.0,"max_hp_loss":0.0,"gold_gain":0.0,"event_name":"The Cleric","player_choice":"Card Removal","floor":14.0,"gold_loss":50.0,"damage_taken":0.0},{"damage_healed":0.0,"max_hp_gain":0.0,"max_hp_loss":0.0,"gold_gain":0.0,"event_name":"Drug Dealer","player_choice":"Inject Mutagens","floor":24.0,"gold_loss":0.0,"damage_taken":0.0,"relics_obtained":["MutagenicStrength"]},{"damage_healed":0.0,"max_hp_gain":0.0,"max_hp_loss":0.0,"gold_gain":0.0,"event_name":"Back to Basics","player_choice":"Simplicity","floor":25.0,"gold_loss":0.0,"damage_taken":0.0,"cards_upgraded":["Defend_G","Defend_G","Defend_G","Defend_G","Defend_G","Strike_G","Strike_G","Strike_G"]},{"damage_healed":0.0,"max_hp_gain":0.0,"max_hp_loss":0.0,"gold_gain":0.0,"event_name":"The Mausoleum","player_choice":"Opened","floor":31.0,"gold_loss":0.0,"damage_taken":0.0,"relics_obtained":["Bronze Scales"]},{"cards_removed":["Deadly Poison"],"damage_healed":0,"gold_gain":0,"player_choice":"Removed Skill","damage_taken":0,"max_hp_gain":0,"max_hp_loss":0,"event_name":"Falling","floor":39,"gold_loss":0}],"is_beta":false,"boss_relics":[{"not_picked":["Empty Cage","Busted Crown"],"picked":"Ring of the Serpent"},{"not_picked":["Pandora\u0027s Box","Runic Dome","Snecko Eye"]}],"items_purged_floors":[21],"is_endless":false,"potions_floor_spawned":[1,3,8,10,18,19,28,29,33,38],"killed_by":"Giant Head","ascension_level":2}