{"gold_per_floor":[109,126,140,120,3,3,38,38,85,101,1,1,1,1,1,78,78,98,108,158,172,172,172,201,76,129,129,129],"floor_reached":28,"playtime":1357,"items_purged":["Strike_G","Strike_G","Strike_G"],"score":448,"play_id":"2ef9a557-2c56-429c-86f0-8303beaf50fd","local_time":"20190805141519","is_ascension_mode":true,"campfire_choices":[{"data":"Noxious Fumes","floor":6,"key":"SMITH"},{"floor":8,"key":"REST"},{"floor":15,"key":"REST"},{"floor":23,"key":"REST"},{"floor":27,"key":"REST"}],"neow_cost":"PERCENT_DAMAGE","seed_source_timestamp":218551632141200,"circlet_count":0,"master_deck":["AscendersBane","Strike_G","Strike_G+1","Defend_G","Defend_G","Defend_G","Defend_G","Defend_G","Survivor","Neutralize","Noxious Fumes+1","Dagger Spray","Skewer+1","Expertise","Noxious Fumes","Sucker Punch","Bullet Time","Bane+1","Well Laid Plans","Tools of the Trade"],"relics":["Ring of the Snake","Mango","Paper Crane","Juzu Bracelet","Philosopher\u0027s Stone","Dream Catcher","Pen Nib"],"potions_floor_usage":[7,10,16,19,24,24],"damage_taken":[{"damage":2,"enemies":"2 Louse","floor":1,"turns":5},{"damage":3,"enemies":"Small Slimes","floor":2,"turns":5},{"damage":1,"enemies":"Jaw Worm","floor":3,"turns":5},{"damage":12,"enemies":"Exordium Thugs","floor":4,"turns":4},{"damage":21,"enemies":"Lagavulin","floor":7,"turns":8},{"damage":4,"enemies":"Lots of Slimes","floor":10,"turns":5},{"damage":24,"enemies":"The Guardian","floor":16,"turns":11},{"damage":14,"enemies":"Spheric Guardian","floor":18,"turns":4},{"damage":13,"enemies":"Shell Parasite","floor":19,"turns":5},{"damage":27,"enemies":"Chosen and Byrds","floor":21,"turns":7},{"damage":29,"enemies":"Slavers","floor":24,"turns":6},{"damage":32,"enemies":"Gremlin Leader","floor":28,"turns":6}],"seed_played":"1759270823326165366","potions_obtained":[{"floor":1,"key":"Weak Potion"},{"floor":7,"key":"SpeedPotion"},{"floor":10,"key":"Regen Potion"},{"floor":16,"key":"Poison Potion"},{"floor":18,"key":"SteroidPotion"},{"floor":21,"key":"LiquidBronze"}],"is_trial":false,"path_per_floor":["M","M","M","M","$","R","E","R","T","M","$","?","?","?","R","B",null,"M","M","?","M","?","R","E","$","T","R","E"],"character_chosen":"THE_SILENT","items_purchased":["Noxious Fumes"],"campfire_rested":4,"item_purchase_floors":[5],"current_hp_per_floor":[56,53,52,40,40,40,19,43,43,39,39,15,4,4,28,19,65,51,38,38,11,11,35,6,6,6,30,0],"gold":129,"neow_bonus":"ONE_RARE_RELIC","is_prod":false,"is_daily":false,"chose_seed":false,"campfire_upgraded":1,"win_rate":0,"timestamp":1564982119,"path_taken":["M","M","M","M","$","R","E","R","T","M","$","?","?","?","R","BOSS","M","M","?","M","?","R","E","?","T","R","E"],"build_version":"2019-07-17","purchased_purges":3,"victory":false,"max_hp_per_floor":[80,80,80,80,80,80,80,80,80,80,80,80,80,80,80,80,80,80,80,80,80,80,80,80,80,80,80,80],"card_choices":[{"not_picked":["Quick Slash","Flying Knee"],"picked":"Noxious Fumes","floor":1},{"not_picked":["Dagger Throw","Acrobatics"],"picked":"Dagger Spray","floor":2},{"not_picked":["Dodge and Roll","Deflect"],"picked":"Skewer","floor":3},{"not_picked":["Skewer","Slice"],"picked":"Expertise","floor":4},{"not_picked":["Reflex","Quick Slash","Cloak And Dagger"],"picked":"SKIP","floor":7},{"not_picked":["Accuracy","Acrobatics"],"picked":"Sucker Punch","floor":10},{"not_picked":["Glass Knife","Adrenaline"],"picked":"Bullet Time","floor":16},{"not_picked":["Blade Dance","Escape Plan","Riddle With Holes"],"picked":"SKIP","floor":18},{"not_picked":["Blade Dance","Escape Plan","Riddle With Holes"],"picked":"SKIP","floor":18},{"not_picked":["Prepared","Dagger Spray","Quick Slash"],"picked":"SKIP","floor":19},{"not_picked":["Eviscerate","Cloak And Dagger"],"picked":"Bane+1","floor":21},{"not_picked":["All Out Attack+1","Slice"],"picked":"Well Laid Plans","floor":24},{"not_picked":["Flying Knee","Blade Dance"],"picked":"Tools of the Trade","floor":27}],"player_experience":582470,"relics_obtained":[{"floor":7,"key":"Paper Crane"},{"floor":9,"key":"Juzu Bracelet"},{"floor":24,"key":"Dream Catcher"},{"floor":26,"key":"Pen Nib"}],"event_choices":[{"damage_healed":0,"gold_gain":0,"player_choice":"Entered Light","damage_taken":24,"max_hp_gain":0,"max_hp_loss":0,"event_name":"Shining Light","floor":12,"gold_loss":0,"cards_upgraded":["Strike_G","Skewer"]},{"damage_healed":0,"gold_gain":0,"player_choice":"Fled","damage_taken":11,"max_hp_gain":0,"max_hp_loss":0,"event_name":"Scrap Ooze","floor":13,"gold_loss":0},{"damage_healed":0,"gold_gain":0,"player_choice":"Searched \u00270\u0027 times","damage_taken":0,"max_hp_gain":0,"max_hp_loss":0,"event_name":"Dead Adventurer","floor":14,"gold_loss":0},{"damage_healed":0,"gold_gain":50,"player_choice":"Stole From Cult","damage_taken":0,"max_hp_gain":0,"max_hp_loss":0,"event_name":"Nest","floor":20,"gold_loss":0},{"damage_healed":0,"gold_gain":0,"player_choice":"Ignored","damage_taken":0,"max_hp_gain":0,"max_hp_loss":0,"event_name":"The Mausoleum","floor":22,"gold_loss":0}],"is_beta":false,"boss_relics":[{"not_picked":["White Beast Statue","Velvet Choker"],"picked":"Philosopher\u0027s Stone"}],"items_purged_floors":[5,11,25],"is_endless":false,"potions_floor_spawned":[1,7,10,16,18,21],"killed_by":"Gremlin Leader","ascension_level":18}