{"gold_per_floor":[109,121,121,135,147,178,194,194,249,259,149,149,2,2,2,100,100,117,42,0,0,19,19,45,45,45,45,76,88,88,20,20,118,118,131,131,131,131,143,143,143,153,200,226,226,7,7,39,39,39],"floor_reached":51,"playtime":3547,"items_purged":["Strike_R","Regret"],"score":1179,"play_id":"e262a369-89d4-49ae-b0b2-0c378b87566f","local_time":"20190826095810","is_ascension_mode":true,"campfire_choices":[{"data":"Carnage","floor":8,"key":"SMITH"},{"data":"Corruption","floor":12,"key":"SMITH"},{"floor":15,"key":"REST"},{"data":"Ghostly","floor":23,"key":"SMITH"},{"data":"Ghostly","floor":25,"key":"SMITH"},{"data":"Ghostly","floor":27,"key":"SMITH"},{"data":"Bash","floor":30,"key":"SMITH"},{"data":"Double Tap","floor":32,"key":"SMITH"},{"data":"Shockwave","floor":40,"key":"SMITH"},{"data":"True Grit","floor":45,"key":"SMITH"},{"data":"Offering","floor":47,"key":"SMITH"},{"data":"Evolve","floor":49,"key":"SMITH"}],"neow_cost":"NONE","seed_source_timestamp":441585727599300,"circlet_count":0,"master_deck":["AscendersBane","Strike_R","Strike_R","Defend_R","Defend_R","Defend_R","Defend_R","Bash+1","Headbutt","Shrug It Off","Spot Weakness","Intimidate","Ghostly Armor","Carnage+1","Second Wind","Corruption+1","Ghostly Armor","Feel No Pain","Shrug It Off","Sword Boomerang","Iron Wave","Impervious","True Grit+1","Ghostly+1","Ghostly","Ghostly","Ghostly+1","Ghostly+1","Evolve+1","Parasite","Double Tap+1","Shrug It Off+1","Shockwave+1","Barricade","Inflame+1","Panacea","Thinking Ahead","Thinking Ahead","True Grit+1","Power Through","Parasite","Impervious","Offering+1","Shrug It Off"],"relics":["Burning Blood","PreservedInsect","Mango","Bronze Scales","Cursed Key","Blood Vial","Mummified Hand","Meat on the Bone","Snecko Eye","Strawberry","Dream Catcher","Shuriken"],"potions_floor_usage":[6,16,28,33,50],"damage_taken":[{"damage":5,"enemies":"Small Slimes","floor":1,"turns":4},{"damage":6,"enemies":"Cultist","floor":2,"turns":4},{"damage":0,"enemies":"2 Louse","floor":4,"turns":3},{"damage":8,"enemies":"Blue Slaver","floor":5,"turns":4},{"damage":42,"enemies":"Lagavulin","floor":6,"turns":8},{"damage":3,"enemies":"Looter","floor":7,"turns":3},{"damage":19,"enemies":"Exordium Thugs","floor":10,"turns":3},{"damage":41,"enemies":"Hexaghost","floor":16,"turns":10},{"damage":3,"enemies":"Spheric Guardian","floor":18,"turns":6},{"damage":0,"enemies":"Chosen","floor":22,"turns":8},{"damage":3,"enemies":"Slavers","floor":28,"turns":5},{"damage":10,"enemies":"Sentry and Sphere","floor":29,"turns":9},{"damage":12,"enemies":"Champ","floor":33,"turns":15},{"damage":0,"enemies":"3 Darklings","floor":35,"turns":9},{"damage":4,"enemies":"3 Shapes","floor":39,"turns":6},{"damage":3,"enemies":"Maw","floor":42,"turns":7},{"damage":1,"enemies":"Giant Head","floor":44,"turns":8},{"damage":6,"enemies":"Reptomancer","floor":48,"turns":5},{"damage":16,"enemies":"Awakened One","floor":50,"turns":13}],"seed_played":"-4978689622136853603","potions_obtained":[{"floor":5,"key":"Energy Potion"},{"floor":7,"key":"Fire Potion"},{"floor":10,"key":"SpeedPotion"},{"floor":18,"key":"Regen Potion"},{"floor":28,"key":"Block Potion"},{"floor":44,"key":"Ancient Potion"}],"is_trial":false,"path_per_floor":["M","M","?","M","M","E","M","R","T","M","$","R","$","?","R","B",null,"M","$","?","?","M","R","T","R","T","R","E","M","R","$","R","B",null,"M","$","?","?","M","R","?","M","T","E","R","$","R","E","R","B",null],"character_chosen":"IRONCLAD","items_purchased":["Corruption","Ghostly Armor","Feel No Pain","Shrug It Off","Sword Boomerang","Shockwave","Offering","Shrug It Off"],"campfire_rested":1,"item_purchase_floors":[11,11,13,13,13,31,46,46],"current_hp_per_floor":[73,73,66,72,70,48,51,51,51,38,38,38,38,38,66,31,78,81,81,81,47,47,47,47,47,47,47,47,43,43,43,43,47,47,47,47,47,37,41,41,41,45,52,52,52,52,52,52,52,42],"gold":39,"neow_bonus":"RANDOM_COMMON_RELIC","is_prod":false,"is_daily":false,"chose_seed":false,"campfire_upgraded":11,"win_rate":0,"timestamp":1566781090,"path_taken":["M","M","?","M","M","E","M","R","T","M","$","R","$","?","R","BOSS","M","$","?","?","M","R","?","R","T","R","E","M","R","?","R","BOSS","M","$","?","?","M","R","?","M","T","E","R","$","R","E","R","BOSS"],"build_version":"2019-07-17","purchased_purges":2,"victory":true,"max_hp_per_floor":[80,80,80,80,80,94,94,94,94,94,94,94,94,94,94,94,94,94,94,94,47,47,47,47,47,47,47,47,47,47,47,47,47,47,47,47,47,47,47,47,45,45,52,52,52,52,52,52,52,52],"card_choices":[{"not_picked":["True Grit","Havoc"],"picked":"Headbutt","floor":1},{"not_picked":["Clash","Ghostly Armor"],"picked":"Shrug It Off","floor":2},{"not_picked":["Shrug It Off","Feed"],"picked":"Spot Weakness","floor":4},{"not_picked":["Entrench","Headbutt"],"picked":"Intimidate","floor":5},{"not_picked":["Wild Strike","Cleave"],"picked":"Ghostly Armor","floor":6},{"not_picked":["Clothesline","True Grit"],"picked":"Carnage","floor":7},{"not_picked":["Sword Boomerang","Anger"],"picked":"Second Wind","floor":10},{"not_picked":["Berserk","Limit Break"],"picked":"Impervious","floor":16},{"not_picked":["Intimidate","Perfected Strike+1"],"picked":"True Grit","floor":18},{"not_picked":["Cleave","Thunderclap"],"picked":"Evolve","floor":22},{"not_picked":["Perfected Strike+1","Infernal Blade"],"picked":"Double Tap","floor":28},{"not_picked":["Carnage","Dropkick"],"picked":"Shrug It Off+1","floor":29},{"not_picked":["Brutality","Juggernaut"],"picked":"Barricade","floor":33},{"not_picked":["Searing Blow+1","Infernal Blade"],"picked":"Inflame+1","floor":35},{"not_picked":["Flash of Steel","Discovery"],"picked":"Panacea","floor":38},{"not_picked":["Panacea","PanicButton"],"picked":"Thinking Ahead","floor":38},{"not_picked":["Madness","Deep Breath"],"picked":"Thinking Ahead","floor":38},{"not_picked":["Shrug It Off","Havoc"],"picked":"True Grit+1","floor":39},{"not_picked":["Thunderclap+1","Iron Wave+1"],"picked":"Power Through","floor":42},{"not_picked":["Rampage","Flex+1"],"picked":"Impervious","floor":44},{"not_picked":["Thunderclap","Hemokinesis","Wild Strike"],"picked":"SKIP","floor":48}],"player_experience":836857,"relics_obtained":[{"floor":6,"key":"Mango"},{"floor":9,"key":"Bronze Scales"},{"floor":24,"key":"Blood Vial"},{"floor":26,"key":"Mummified Hand"},{"floor":28,"key":"Meat on the Bone"},{"floor":43,"key":"Strawberry"},{"floor":44,"key":"Dream Catcher"},{"floor":48,"key":"Shuriken"}],"event_choices":[{"cards_removed":["Strike_R"],"damage_healed":0,"gold_gain":0,"player_choice":"Card Removal","damage_taken":7,"max_hp_gain":0,"max_hp_loss":0,"event_name":"Golden Wing","floor":3,"gold_loss":0},{"damage_healed":0,"gold_gain":0,"cards_transformed":["Strike_R"],"player_choice":"Transformed","damage_taken":0,"max_hp_gain":0,"max_hp_loss":0,"event_name":"Transmorgrifier","floor":14,"gold_loss":0,"cards_obtained":["Iron Wave"]},{"damage_healed":0,"gold_gain":0,"player_choice":"Paid Fearfully","damage_taken":0,"max_hp_gain":0,"max_hp_loss":0,"event_name":"Masked Bandits","floor":20,"gold_loss":42},{"damage_healed":0,"gold_gain":0,"player_choice":"Became a Ghost","damage_taken":0,"max_hp_gain":0,"max_hp_loss":47,"event_name":"Ghosts","floor":21,"gold_loss":0,"cards_obtained":["Ghostly","Ghostly","Ghostly","Ghostly","Ghostly"]},{"damage_healed":0,"gold_gain":0,"player_choice":"Ignored","damage_taken":0,"max_hp_gain":0,"max_hp_loss":0,"event_name":"Tomb of Lord Red Mask","floor":37,"gold_loss":0},{"damage_healed":0,"gold_gain":0,"player_choice":"Memory 3","damage_taken":10,"max_hp_gain":0,"max_hp_loss":0,"event_name":"SensoryStone","floor":38,"gold_loss":0},{"damage_healed":0,"gold_gain":0,"player_choice":"Max HP","damage_taken":0,"max_hp_gain":0,"max_hp_loss":2,"event_name":"Winding Halls","floor":41,"gold_loss":0}],"is_beta":false,"boss_relics":[{"not_picked":["Black Star","Philosopher\u0027s Stone"],"picked":"Cursed Key"},{"not_picked":["White Beast Statue","Sozu"],"picked":"Snecko Eye"}],"items_purged_floors":[19,46],"is_endless":false,"potions_floor_spawned":[5,7,10,18,28,44],"ascension_level":10}