{"gold_per_floor":[109,128,128,143,143,143,176,176,223,262,187,227,227,246,246,369,369,392,302,317,340,192,192,67,105,179,210,210,37,37,37,37,37],"floor_reached":33,"playtime":3363,"items_purged":["Strike_R","Defend_R","Strike_R","Defend_R"],"score":314,"play_id":"0fb4be57-5491-4b3f-b1ef-132fcb6edb11","local_time":"20190702191432","is_ascension_mode":true,"campfire_choices":[{"data":"Armaments","floor":6,"key":"SMITH"},{"floor":8,"key":"REST"},{"data":"Body Slam","floor":15,"key":"SMITH"},{"data":"Armaments","floor":23,"key":"SMITH"},{"floor":28,"key":"REST"},{"data":"Rage","floor":30,"key":"SMITH"},{"floor":32,"key":"REST"}],"neow_cost":"NONE","seed_source_timestamp":110793844144100,"circlet_count":0,"master_deck":["Strike_R+1","Strike_R","Defend_R","Defend_R+1","Bash+1","Shrug It Off","Armaments+1","Rage+1","True Grit","Headbutt","Body Slam+1","Immolate","Rage","Flex+1","Armaments+1","Reaper","Reaper","Shrug It Off","Spot Weakness+1"],"relics":["Burning Blood","Bloody Idol","Ancient Tea Set","Vajra","Regal Pillow","Oddly Smooth Stone","Sozu","Dream Catcher","Pantograph","Blood Vial"],"potions_floor_usage":[7,10,16,16,25],"damage_taken":[{"damage":10,"enemies":"Jaw Worm","floor":1,"turns":6},{"damage":7,"enemies":"2 Louse","floor":2,"turns":4},{"damage":2,"enemies":"Cultist","floor":4,"turns":4},{"damage":22,"enemies":"Gremlin Nob","floor":7,"turns":5},{"damage":9,"enemies":"Lagavulin","floor":10,"turns":10},{"damage":28,"enemies":"Gremlin Nob","floor":12,"turns":4},{"damage":0,"enemies":"3 Louse","floor":14,"turns":4},{"damage":16,"enemies":"Slime Boss","floor":16,"turns":10},{"damage":6,"enemies":"Shell Parasite","floor":18,"turns":5},{"damage":1,"enemies":"Chosen","floor":20,"turns":5},{"damage":9,"enemies":"3 Cultists","floor":21,"turns":4},{"damage":33,"enemies":"Book of Stabbing","floor":25,"turns":8},{"damage":66,"enemies":"Gremlin Leader","floor":27,"turns":9},{"damage":101,"enemies":"Champ","floor":33,"turns":17}],"seed_played":"-7637994851269652836","potions_obtained":[{"floor":4,"key":"EssenceOfSteel"},{"floor":7,"key":"Block Potion"},{"floor":10,"key":"SkillPotion"},{"floor":12,"key":"GamblersBrew"},{"floor":13,"key":"EssenceOfSteel"},{"floor":13,"key":"Fire Potion"}],"is_trial":false,"path_per_floor":["M","M","?","M","?","R","E","R","T","E","$","E","?","M","R","B",null,"M","?","M","M","$","R","$","E","T","E","R","$","R","?","R","B"],"character_chosen":"IRONCLAD","items_purchased":["Armaments","Shrug It Off"],"campfire_rested":3,"item_purchase_floors":[22,29],"current_hp_per_floor":[84,83,61,65,47,47,31,57,57,54,54,32,32,38,38,28,88,88,88,88,85,85,85,85,58,58,13,54,54,54,54,88,0],"gold":37,"neow_bonus":"TEN_PERCENT_HP_BONUS","is_prod":false,"is_daily":false,"chose_seed":false,"campfire_upgraded":4,"win_rate":0,"timestamp":1562062472,"path_taken":["M","M","?","M","?","R","E","R","T","E","$","E","?","?","R","BOSS","M","?","?","M","$","R","?","E","T","E","R","$","R","?","R","BOSS"],"build_version":"2019-07-01","purchased_purges":4,"victory":false,"max_hp_per_floor":[88,88,88,88,88,88,88,88,88,88,88,88,88,88,88,88,88,88,88,88,88,88,88,88,88,88,88,88,88,88,88,88,88],"card_choices":[{"not_picked":["Twin Strike","Anger"],"picked":"Shrug It Off","floor":1},{"not_picked":["Dropkick","Thunderclap"],"picked":"Armaments","floor":2},{"not_picked":["Sword Boomerang","Brutality"],"picked":"Rage","floor":4},{"not_picked":["Cleave","Hemokinesis"],"picked":"True Grit","floor":7},{"not_picked":["Berserk","Havoc"],"picked":"Headbutt","floor":10},{"not_picked":["Rampage","True Grit","Searing Blow"],"picked":"SKIP","floor":12},{"not_picked":["Ghostly Armor","Thunderclap"],"picked":"Body Slam","floor":14},{"not_picked":["Dark Embrace","Brutality"],"picked":"Immolate","floor":16},{"not_picked":["Blood for Blood","Disarm","Havoc"],"picked":"SKIP","floor":18},{"not_picked":["Ghostly Armor","Clash"],"picked":"Rage","floor":20},{"not_picked":["Clash","Heavy Blade"],"picked":"Flex+1","floor":21},{"not_picked":["Armaments+1","Headbutt"],"picked":"Reaper","floor":25},{"not_picked":["Clash","Sever Soul"],"picked":"Reaper","floor":27},{"not_picked":["True Grit","Rupture"],"picked":"Spot Weakness+1","floor":32}],"player_experience":149672,"relics_obtained":[{"floor":7,"key":"Ancient Tea Set"},{"floor":9,"key":"Vajra"},{"floor":10,"key":"Regal Pillow"},{"floor":12,"key":"Oddly Smooth Stone"},{"floor":25,"key":"Dream Catcher"},{"floor":26,"key":"Pantograph"},{"floor":27,"key":"Blood Vial"}],"event_choices":[{"damage_healed":0,"gold_gain":0,"player_choice":"Take Damage","damage_taken":22,"relics_obtained":["Golden Idol"],"max_hp_gain":0,"max_hp_loss":0,"event_name":"Golden Idol","floor":3,"gold_loss":0},{"damage_healed":0,"gold_gain":0,"player_choice":"Entered Light","damage_taken":18,"max_hp_gain":0,"max_hp_loss":0,"event_name":"Shining Light","floor":5,"gold_loss":0,"cards_upgraded":["Defend_R","Strike_R"]},{"damage_healed":0,"gold_gain":0,"player_choice":"Got Potions","damage_taken":0,"max_hp_gain":0,"max_hp_loss":0,"event_name":"Lab","floor":13,"gold_loss":0},{"cards_removed":["Strike_R"],"damage_healed":0,"gold_gain":0,"player_choice":"Upgrade and Remove","damage_taken":0,"max_hp_gain":0,"max_hp_loss":0,"event_name":"Designer","floor":19,"gold_loss":90,"cards_upgraded":["Bash"]},{"damage_healed":0,"gold_gain":0,"player_choice":"Gave Idol","damage_taken":0,"relics_obtained":["Bloody Idol"],"max_hp_gain":0,"max_hp_loss":0,"event_name":"Forgotten Altar","floor":31,"relics_lost":["Golden Idol"],"gold_loss":0}],"is_beta":false,"boss_relics":[{"not_picked":["Philosopher\u0027s Stone","Runic Dome"],"picked":"Sozu"}],"items_purged_floors":[11,22,24,29],"is_endless":false,"potions_floor_spawned":[4,7,10,12,18,21,27],"killed_by":"Champ","ascension_level":1}