{"gold_per_floor":[14,25,38,48,63,97,111,111,111,111,111,111,126,160,160,257,257,269,289,304,24,39,39,52,52,99,129,139,156,184,204,204,307,307,319,371,385,112,112,145,145,164,164,164,190,290,0,12,12,12],"floor_reached":51,"playtime":3573,"items_purged":[],"score":888,"play_id":"9ce9d2fd-6e1b-41bd-90a4-be30b19716b3","local_time":"20181118092641","is_ascension_mode":false,"campfire_choices":[{"data":"Carnage","floor":8,"key":"SMITH"},{"data":"Seeing Red","floor":10,"key":"SMITH"},{"data":"Perfected Strike","floor":12,"key":"SMITH"},{"floor":15,"key":"REST"},{"data":"Seeing Red","floor":23,"key":"SMITH"},{"data":"Shockwave","floor":25,"key":"SMITH"},{"data":"Exhume","floor":32,"key":"SMITH"},{"data":"Corruption","floor":44,"key":"SMITH"},{"data":"Barricade","floor":49,"key":"SMITH"}],"neow_cost":"NO_GOLD","seed_source_timestamp":235687021708100,"circlet_count":0,"master_deck":["Strike_R","Strike_R","Strike_R","Strike_R","Strike_R+1","Defend_R","Defend_R","Defend_R","Bash","Shrug It Off","Dropkick","Disarm","Perfected Strike+1","Seeing Red+1","Headbutt","Carnage+1","Impervious","Flex","Brutality","Exhume+1","Thunderclap+1","Reaper","Seeing Red+1","Wild Strike+1","Feel No Pain","Shockwave+1","Clothesline+1","True Grit","Hemokinesis+1","Combust","Pommel Strike","Double Tap","Carnage+1","Perfected Strike+1","Inflame","Fiend Fire","Corruption+1","Flash of Steel","Dramatic Entrance","Armaments+1","Madness+1","Madness+1","Intimidate+1","Armaments+1","Barricade+1","Warcry+1"],"relics":["Burning Blood","Unceasing Top","Omamori","Kunai","Meat on the Bone","Coffee Dripper","Toolbox","Vajra","StoneCalendar","Bottled Flame","Runic Cube","Dead Branch","Membership Card","Toxic Egg 2","Whetstone","WingedGreaves","Champion Belt","Red Mask"],"potions_floor_usage":[6,14,16,20,24,31,36,40,50,50],"damage_taken":[{"damage":9,"enemies":"2 Louse","floor":1,"turns":3},{"damage":8,"enemies":"Cultist","floor":2,"turns":5},{"damage":3,"enemies":"Small Slimes","floor":3,"turns":3},{"damage":9,"enemies":"3 Louse","floor":4,"turns":8},{"damage":18,"enemies":"Exordium Wildlife","floor":5,"turns":6},{"damage":6,"enemies":"Gremlin Nob","floor":6,"turns":3},{"damage":15,"enemies":"Large Slime","floor":7,"turns":8},{"damage":8,"enemies":"Looter","floor":13,"turns":2},{"damage":11,"enemies":"Lagavulin","floor":14,"turns":5},{"damage":3,"enemies":"Slime Boss","floor":16,"turns":6},{"damage":21,"enemies":"2 Thieves","floor":18,"turns":3},{"damage":13,"enemies":"Shell Parasite","floor":19,"turns":4},{"damage":2,"enemies":"3 Cultists","floor":20,"turns":4},{"damage":27,"enemies":"Shelled Parasite and Fungi","floor":22,"turns":4},{"damage":14,"enemies":"Snecko","floor":24,"turns":6},{"damage":18,"enemies":"Slavers","floor":27,"turns":5},{"damage":14,"enemies":"Snake Plant","floor":28,"turns":3},{"damage":8,"enemies":"3 Cultists","floor":29,"turns":4},{"damage":15,"enemies":"Book of Stabbing","floor":30,"turns":5},{"damage":1,"enemies":"Shelled Parasite and Fungi","floor":31,"turns":2},{"damage":71,"enemies":"Champ","floor":33,"turns":10},{"damage":28,"enemies":"3 Darklings","floor":35,"turns":4},{"damage":24,"enemies":"2 Orb Walkers","floor":36,"turns":3},{"damage":6,"enemies":"3 Shapes","floor":37,"turns":3},{"damage":10,"enemies":"Giant Head","floor":40,"turns":5},{"damage":17,"enemies":"Transient","floor":42,"turns":5},{"damage":8,"enemies":"Reptomancer","floor":45,"turns":2},{"damage":9,"enemies":"Mind Bloom Boss Battle","floor":46,"turns":4},{"damage":12,"enemies":"Writhing Mass","floor":48,"turns":4},{"damage":41,"enemies":"Donu and Deca","floor":50,"turns":5}],"seed_played":"-8767344586573580620","potions_obtained":[{"floor":3,"key":"Strength Potion"},{"floor":4,"key":"Weak Potion"},{"floor":6,"key":"Fire Potion"},{"floor":13,"key":"Fire Potion"},{"floor":14,"key":"SpeedPotion"},{"floor":16,"key":"Energy Potion"},{"floor":18,"key":"Dexterity Potion"},{"floor":19,"key":"SneckoOil"},{"floor":27,"key":"SpeedPotion"},{"floor":28,"key":"Explosive Potion"},{"floor":33,"key":"FearPotion"},{"floor":35,"key":"BloodPotion"},{"floor":37,"key":"EssenceOfSteel"}],"is_trial":false,"path_per_floor":["M","M","M","M","M","E","M","R","T","R","?","R","M","E","R","B",null,"M","M","M","$","M","R","M","R","T","E","M","M","E","M","R","B",null,"M","?","M","$","?","E","?","M","T","R","E","?","?","M","R","B",null],"character_chosen":"IRONCLAD","items_purchased":["Toolbox","Seeing Red","Wild Strike","Membership Card","Fiend Fire","Corruption"],"campfire_rested":1,"item_purchase_floors":[21,21,21,38,38,38],"current_hp_per_floor":[77,75,78,75,63,63,54,54,54,54,54,54,52,47,71,74,80,65,58,62,62,53,53,57,57,57,55,47,75,73,80,80,32,80,62,52,62,62,57,53,43,54,54,54,52,49,49,55,55,32],"gold":12,"neow_bonus":"ONE_RARE_RELIC","is_prod":false,"is_daily":false,"chose_seed":false,"campfire_upgraded":8,"win_rate":0,"timestamp":1542500801,"path_taken":["M","M","M","M","M","E","M","R","T","R","?","R","M","E","R","BOSS","M","M","M","$","M","R","M","R","T","E","M","?","E","M","R","BOSS","M","?","M","$","?","E","?","M","T","R","E","?","?","?","R","BOSS"],"build_version":"2018-11-15","purchased_purges":0,"victory":true,"max_hp_per_floor":[80,80,80,80,80,80,80,80,80,80,80,80,80,80,80,80,80,80,80,80,80,80,80,80,80,80,80,80,80,80,80,80,80,80,80,80,80,80,80,80,80,80,80,80,80,80,80,80,80,80],"card_choices":[{"not_picked":["Flex","Twin Strike"],"picked":"Shrug It Off","floor":1},{"not_picked":["Headbutt","True Grit"],"picked":"Dropkick","floor":2},{"not_picked":["Fire Breathing","Body Slam"],"picked":"Disarm","floor":3},{"not_picked":["Sentinel","Clash"],"picked":"Perfected Strike","floor":4},{"not_picked":["True Grit","Carnage"],"picked":"Seeing Red","floor":5},{"not_picked":["Sword Boomerang","Metallicize"],"picked":"Headbutt","floor":6},{"not_picked":["Twin Strike","Second Wind"],"picked":"Carnage","floor":7},{"not_picked":["Metallicize","Pummel"],"picked":"Flex","floor":13},{"not_picked":["Intimidate","Body Slam"],"picked":"Brutality","floor":14},{"not_picked":["Brutality","Impervious"],"picked":"Exhume","floor":16},{"not_picked":["Anger+1","Dual Wield"],"picked":"Thunderclap+1","floor":18},{"not_picked":["Cleave","Anger","Headbutt"],"picked":"SKIP","floor":19},{"not_picked":["Sword Boomerang+1","Clothesline"],"picked":"Reaper","floor":20},{"not_picked":["Corruption","Ghostly Armor"],"picked":"Feel No Pain","floor":22},{"not_picked":["Heavy Blade","Disarm"],"picked":"Shockwave","floor":24},{"not_picked":["Twin Strike","Seeing Red"],"picked":"Clothesline+1","floor":27},{"not_picked":["Armaments","Metallicize+1"],"picked":"True Grit","floor":28},{"not_picked":["Thunderclap","Headbutt"],"picked":"Hemokinesis+1","floor":29},{"not_picked":["Flex","Pommel Strike"],"picked":"Combust","floor":30},{"not_picked":["Blood for Blood","Searing Blow+1"],"picked":"Pommel Strike","floor":31},{"not_picked":["Barricade","Bludgeon"],"picked":"Double Tap","floor":33},{"not_picked":["Headbutt+1","Fire Breathing"],"picked":"Carnage+1","floor":35},{"not_picked":["Flex+1","Cleave"],"picked":"Perfected Strike+1","floor":36},{"not_picked":["Sword Boomerang+1","Clash+1"],"picked":"Inflame","floor":37},{"not_picked":["Good Instincts","Mayhem"],"picked":"Flash of Steel","floor":39},{"not_picked":["Bandage Up","Chrysalis"],"picked":"Dramatic Entrance","floor":39},{"not_picked":["Clothesline+1","Evolve"],"picked":"Armaments+1","floor":40},{"not_picked":["Thunderclap","Twin Strike+1"],"picked":"Intimidate+1","floor":42},{"not_picked":["Body Slam","Sword Boomerang"],"picked":"Armaments+1","floor":45},{"not_picked":["Flex+1","Clash+1"],"picked":"Barricade","floor":46},{"not_picked":["Clothesline","Dropkick"],"picked":"Warcry+1","floor":48}],"player_experience":449634,"relics_obtained":[{"floor":6,"key":"Omamori"},{"floor":9,"key":"Kunai"},{"floor":14,"key":"Meat on the Bone"},{"floor":26,"key":"Vajra"},{"floor":27,"key":"StoneCalendar"},{"floor":30,"key":"Bottled Flame"},{"floor":36,"key":"Dead Branch"},{"floor":40,"key":"Toxic Egg 2"},{"floor":43,"key":"Whetstone"},{"floor":45,"key":"WingedGreaves"},{"floor":46,"key":"Champion Belt"}],"event_choices":[{"damage_healed":0,"gold_gain":0,"cards_transformed":["Defend_R"],"player_choice":"Transformed","damage_taken":0,"max_hp_gain":0,"max_hp_loss":0,"event_name":"Transmorgrifier","floor":11,"gold_loss":0,"cards_obtained":["Impervious"]},{"damage_healed":0,"gold_gain":0,"player_choice":"Fight","damage_taken":0,"max_hp_gain":0,"max_hp_loss":0,"event_name":"Mysterious Sphere","floor":36,"gold_loss":0},{"damage_healed":0,"gold_gain":0,"player_choice":"Memory 2","damage_taken":5,"max_hp_gain":0,"max_hp_loss":0,"event_name":"SensoryStone","floor":39,"gold_loss":0},{"damage_healed":0,"gold_gain":0,"player_choice":"Embrace Madness","damage_taken":10,"max_hp_gain":0,"max_hp_loss":0,"event_name":"Winding Halls","floor":41,"gold_loss":0,"cards_obtained":["Madness","Madness"]},{"damage_healed":0,"gold_gain":0,"player_choice":"Fight","damage_taken":0,"max_hp_gain":0,"max_hp_loss":0,"event_name":"MindBloom","floor":46,"gold_loss":0},{"damage_healed":0,"gold_gain":0,"player_choice":"Paid","damage_taken":0,"relics_obtained":["Red Mask"],"max_hp_gain":0,"max_hp_loss":0,"event_name":"Tomb of Lord Red Mask","floor":47,"gold_loss":290}],"is_beta":false,"boss_relics":[{"not_picked":["Astrolabe","Runic Pyramid"],"picked":"Coffee Dripper"},{"not_picked":["Eternal Feather","Velvet Choker"],"picked":"Runic Cube"}],"items_purged_floors":[],"is_endless":false,"potions_floor_spawned":[3,4,6,13,14,16,18,19,27,28,33,35,37],"ascension_level":0}