{"gold_per_floor":[16,26,41,55,73,73,101,114,114,64,76,76,86,36,36,131,131,149,161,161,171,121,121,135,135,182,194,194,194,209,209,209,310,310,328,340,72,82,82,82,102,102,127,159,171,0,22,47,59,71],"floor_reached":50,"playtime":3840,"items_purged":["Strike_R","Strike_R","Body Slam"],"score":452,"play_id":"a2792b31-1f43-40a5-8786-3a0fd7eb8bb2","local_time":"20180923232633","is_ascension_mode":false,"campfire_choices":[{"data":"Heavy Blade","floor":6.0,"key":"SMITH"},{"floor":12.0,"key":"REST"},{"floor":15.0,"key":"REST"},{"floor":23.0,"key":"REST"},{"floor":25.0,"key":"REST"},{"floor":29.0,"key":"REST"},{"floor":32.0,"key":"REST"},{"floor":40.0,"key":"REST"},{"floor":42.0,"key":"REST"},{"floor":45.0,"key":"REST"},{"floor":49,"key":"REST"}],"neow_cost":"NO_GOLD","seed_source_timestamp":0,"circlet_count":0,"master_deck":["Strike_R","Strike_R","Defend_R","Defend_R+1","Defend_R+1","Defend_R","Bash","Seeing Red","Headbutt","Flex","Heavy Blade+1","Headbutt","Perfected Strike","Uppercut","Cleave","Fiend Fire","Blood for Blood+1","Perfected Strike","Battle Trance+1","Iron Wave","Shrug It Off","Immolate","Iron Wave+1","Perfected Strike","Reaper","Heavy Blade","Flex","Wild Strike+1","Berserk","Power Through+1"],"special_seed":0,"relics":["Burning Blood","Pocketwatch","Smiling Mask","War Paint","Lizard Tail","Lantern","Kunai","White Beast Statue","Regal Pillow","MawBank","Red Mask"],"potions_floor_usage":[50],"damage_taken":[{"damage":0.0,"enemies":"Small Slimes","floor":1.0,"turns":3.0},{"damage":5.0,"enemies":"2 Louse","floor":2.0,"turns":2.0},{"damage":1.0,"enemies":"Cultist","floor":3.0,"turns":3.0},{"damage":21.0,"enemies":"3 Louse","floor":4.0,"turns":3.0},{"damage":11.0,"enemies":"Large Slime","floor":5.0,"turns":4.0},{"damage":24.0,"enemies":"3 Sentries","floor":7.0,"turns":6.0},{"damage":20.0,"enemies":"Exordium Thugs","floor":8.0,"turns":3.0},{"damage":0.0,"enemies":"Exordium Wildlife","floor":11.0,"turns":2.0},{"damage":6.0,"enemies":"3 Louse","floor":13.0,"turns":3.0},{"damage":11.0,"enemies":"Slime Boss","floor":16.0,"turns":9.0},{"damage":29.0,"enemies":"2 Thieves","floor":18.0,"turns":3.0},{"damage":10.0,"enemies":"Spheric Guardian","floor":19.0,"turns":3.0},{"damage":22.0,"enemies":"Centurion and Healer","floor":21.0,"turns":7.0},{"damage":39.0,"enemies":"Cultist and Chosen","floor":24.0,"turns":6.0},{"damage":18.0,"enemies":"Shelled Parasite and Fungi","floor":27.0,"turns":2.0},{"damage":25.0,"enemies":"Snake Plant","floor":30.0,"turns":3.0},{"damage":9.0,"enemies":"Colosseum Slavers","floor":31.0,"turns":4.0},{"damage":101.0,"enemies":"Automaton","floor":33.0,"turns":12.0},{"damage":47.0,"enemies":"3 Darklings","floor":35.0,"turns":4.0},{"damage":9.0,"enemies":"Orb Walker","floor":36.0,"turns":4.0},{"damage":31.0,"enemies":"Sphere and 2 Shapes","floor":38.0,"turns":4.0},{"damage":34.0,"enemies":"3 Darklings","floor":41.0,"turns":5.0},{"damage":52.0,"enemies":"4 Shapes","floor":44.0,"turns":3.0},{"damage":32.0,"enemies":"Sphere and 2 Shapes","floor":47.0,"turns":5.0},{"damage":34.0,"enemies":"Transient","floor":48.0,"turns":5.0},{"damage":84,"enemies":"Awakened One","floor":50,"turns":6}],"seed_played":"-5656935231437961036","potions_obtained":[{"floor":1.0,"key":"Block Potion"},{"floor":3.0,"key":"Dexterity Potion"},{"floor":11.0,"key":"LiquidBronze"},{"floor":21.0,"key":"Swift Potion"},{"floor":30.0,"key":"EssenceOfSteel"},{"floor":33.0,"key":"Block Potion"},{"floor":35.0,"key":"Strength Potion"},{"floor":36.0,"key":"Energy Potion"},{"floor":38.0,"key":"Regen Potion"},{"floor":41.0,"key":"Poison Potion"},{"floor":44.0,"key":"Poison Potion"},{"floor":47.0,"key":"SpeedPotion"},{"floor":48.0,"key":"Poison Potion"}],"is_trial":false,"path_per_floor":["M","M","M","M","M","R","E","M","T","?","M","R","M","$","R","B",null,"M","M","?","M","$","R","M","R","T","M","T","R","M","?","R","B",null,"M","M","$","M","?","R","M","R","T","M","R","?","M","M","R"],"character_chosen":"IRONCLAD","items_purchased":["Regal Pillow","Reaper"],"campfire_rested":10,"item_purchase_floors":[37,37],"current_hp_per_floor":[80,80,80,65,60,60,42,28,28,28,34,58,58,58,80,75,80,57,53,38,22,22,47,14,39,39,27,27,52,33,30,55,15,85,44,41,41,16,16,56,40,80,80,34,74,74,48,41,81,0],"gold":71,"neow_bonus":"ONE_RARE_RELIC","is_prod":false,"is_daily":false,"chose_seed":false,"campfire_upgraded":1,"win_rate":0.0,"timestamp":1537770393,"path_taken":["M","M","M","M","M","R","E","M","T","?","M","R","M","$","R","BOSS","M","?","?","M","$","R","M","R","T","?","?","R","M","?","R","BOSS","M","?","$","?","?","R","M","R","T","M","R","?","?","M","R","BOSS"],"build_version":"2018-09-20","purchased_purges":3,"victory":false,"max_hp_per_floor":[80,80,80,80,80,80,80,80,80,80,80,80,80,80,80,80,80,80,80,85,85,85,85,85,85,85,85,85,85,85,85,85,85,85,85,85,85,85,85,85,85,85,85,85,85,85,85,85,85,85],"card_choices":[{"not_picked":["Havoc","Wild Strike"],"picked":"Seeing Red","floor":1.0},{"not_picked":["Pommel Strike","Wild Strike"],"picked":"Headbutt","floor":2.0},{"not_picked":["Armaments","Combust"],"picked":"Flex","floor":3.0},{"not_picked":["True Grit","Evolve"],"picked":"Heavy Blade","floor":4.0},{"not_picked":["Pommel Strike","Clash"],"picked":"Headbutt","floor":5.0},{"not_picked":["Pommel Strike","Hemokinesis"],"picked":"Perfected Strike","floor":7.0},{"not_picked":["Iron Wave","Ghostly Armor"],"picked":"Uppercut","floor":8.0},{"not_picked":["Shrug It Off","Clothesline"],"picked":"Cleave","floor":11.0},{"not_picked":["Uppercut","Battle Trance"],"picked":"Body Slam","floor":13.0},{"not_picked":["Impervious","Brutality"],"picked":"Fiend Fire","floor":16.0},{"not_picked":["Wild Strike","Infernal Blade+1"],"picked":"Blood for Blood+1","floor":18.0},{"not_picked":["Evolve","Clothesline"],"picked":"Perfected Strike","floor":19.0},{"not_picked":["Body Slam+1","Inflame"],"picked":"Battle Trance+1","floor":21.0},{"not_picked":["Clash+1","Anger+1","Ghostly Armor"],"picked":"SKIP","floor":24.0},{"not_picked":["Perfected Strike","Ghostly Armor"],"picked":"Iron Wave","floor":27.0},{"not_picked":["Juggernaut","Anger"],"picked":"Shrug It Off","floor":30.0},{"not_picked":["Reaper","Barricade"],"picked":"Immolate","floor":33.0},{"not_picked":["Anger+1","Body Slam"],"picked":"Iron Wave+1","floor":35.0},{"not_picked":["Pommel Strike","Heavy Blade"],"picked":"Perfected Strike","floor":36.0},{"not_picked":["Rupture","Bloodletting"],"picked":"Heavy Blade","floor":38.0},{"not_picked":["Pommel Strike+1","Thunderclap"],"picked":"Flex","floor":41.0},{"not_picked":["Spot Weakness+1","Havoc"],"picked":"Wild Strike+1","floor":44.0},{"not_picked":["Clash","Shrug It Off"],"picked":"Berserk","floor":47.0},{"not_picked":["Havoc+1","Rupture+1"],"picked":"Power Through+1","floor":48.0}],"player_experience":66833,"relics_obtained":[{"floor":7.0,"key":"Smiling Mask"},{"floor":9.0,"key":"War Paint"},{"floor":26.0,"key":"Lantern"},{"floor":28.0,"key":"Kunai"},{"floor":43.0,"key":"MawBank"}],"event_choices":[{"event_name":"World of Goop","player_choice":"Left","floor":10.0,"damage_taken":0.0},{"event_name":"Forgotten Altar","player_choice":"Shed Blood","floor":20.0,"damage_taken":0.0},{"event_name":"Colosseum","player_choice":"Fight","floor":31.0,"damage_taken":0.0},{"event_name":"Colosseum","player_choice":"Fled From Nobs","floor":31.0,"damage_taken":0.0},{"event_name":"Falling","player_choice":"Removed Attack","floor":39.0,"damage_taken":0.0},{"event_name":"Tomb of Lord Red Mask","player_choice":"Paid","floor":46.0,"damage_taken":0.0}],"is_beta":false,"boss_relics":[{"not_picked":["Coffee Dripper","Mark of Pain"],"picked":"Lizard Tail"},{"not_picked":["Philosopher\u0027s Stone","Eternal Feather"],"picked":"White Beast Statue"}],"items_purged_floors":[14,22,37],"is_endless":false,"potions_floor_spawned":[1,3,11,21,30,31,33,35,36,38,41,44,47,48],"killed_by":"Awakened One","ascension_level":0}