{"gold_per_floor":[209,56,68,68,86,86,115,115,115,130,155,155,155,165,165,270,270,283,283,293,293,313,313,313,313,395,407,506,313,342,58,58,154,154,165,180,233,233,159,159,159,169,169,184,202,219,65,65],"floor_reached":48,"playtime":3326,"items_purged":["Strike_R","Defend_R"],"score":728,"play_id":"54f37db2-8e89-4c3d-9436-167a944ab621","local_time":"20190827222950","is_ascension_mode":true,"campfire_choices":[{"data":"Bash","floor":6,"key":"SMITH"},{"floor":8,"key":"REST"},{"data":"Twin Strike","floor":12,"key":"SMITH"},{"floor":15,"key":"REST"},{"floor":23,"key":"REST"},{"floor":25,"key":"REST"},{"floor":32,"key":"REST"},{"floor":40,"key":"REST"}],"neow_cost":"NONE","seed_source_timestamp":1079426873705599,"circlet_count":0,"master_deck":["AscendersBane","Strike_R","Strike_R","Defend_R","Defend_R","Bash+1","Pommel Strike","Evolve","Battle Trance","Heavy Blade","Shrug It Off","Anger","True Grit","Twin Strike+1","Offering","Intimidate","Fiend Fire","Havoc","Sword Boomerang","Rage","Power Through","Clothesline","Dual Wield","Corruption+1","Demon Form+1","Carnage","Exhume","Demon Form+1","Battle Trance+1","Dark Shackles","Armaments+1"],"relics":["Burning Blood","Mercury Hourglass","Blue Candle","Pen Nib","Frozen Egg 2","Snecko Eye","Self Forming Clay","Letter Opener","Mark of Pain","Ice Cream","Bottled Lightning","Happy Flower"],"potions_floor_usage":[11,16,16,27,30,33,42,42,44,45],"damage_taken":[{"damage":1,"enemies":"Cultist","floor":1,"turns":4},{"damage":12,"enemies":"Jaw Worm","floor":3,"turns":2},{"damage":5,"enemies":"2 Louse","floor":5,"turns":2},{"damage":32,"enemies":"Lagavulin","floor":7,"turns":4},{"damage":9,"enemies":"Looter","floor":10,"turns":3},{"damage":17,"enemies":"3 Sentries","floor":11,"turns":5},{"damage":14,"enemies":"Exordium Thugs","floor":14,"turns":3},{"damage":44,"enemies":"Slime Boss","floor":16,"turns":5},{"damage":16,"enemies":"2 Thieves","floor":18,"turns":3},{"damage":22,"enemies":"3 Byrds","floor":20,"turns":6},{"damage":15,"enemies":"Shelled Parasite and Fungi","floor":22,"turns":3},{"damage":10,"enemies":"Snecko","floor":27,"turns":3},{"damage":31,"enemies":"Slavers","floor":30,"turns":4},{"damage":42,"enemies":"Champ","floor":33,"turns":8},{"damage":24,"enemies":"3 Darklings","floor":35,"turns":5},{"damage":6,"enemies":"Orb Walker","floor":36,"turns":3},{"damage":28,"enemies":"2 Orb Walkers","floor":37,"turns":4},{"damage":11,"enemies":"Maw","floor":42,"turns":5},{"damage":10,"enemies":"3 Darklings","floor":44,"turns":3},{"damage":40,"enemies":"Sphere and 2 Shapes","floor":45,"turns":5},{"damage":11,"enemies":"Writhing Mass","floor":46,"turns":4},{"damage":25,"enemies":"Jaw Worm Horde","floor":48,"turns":2}],"seed_played":"6260207496518712024","potions_obtained":[{"floor":7,"key":"Regen Potion"},{"floor":10,"key":"GamblersBrew"},{"floor":14,"key":"Swift Potion"},{"floor":20,"key":"FearPotion"},{"floor":22,"key":"Dexterity Potion"},{"floor":27,"key":"GamblersBrew"},{"floor":30,"key":"SteroidPotion"},{"floor":37,"key":"Explosive Potion"},{"floor":42,"key":"SpeedPotion"},{"floor":44,"key":"SkillPotion"}],"is_trial":false,"path_per_floor":["M","$","M","?","M","R","E","R","T","M","E","R","T","M","R","B",null,"M","?","M","?","M","R","?","R","T","M","?","$","E","$","R","B",null,"M","M","?","?","$","R","?","M","T","M","M","M","$","M"],"character_chosen":"IRONCLAD","items_purchased":["Evolve","Battle Trance","Heavy Blade","Dual Wield","Corruption+1","Carnage","Exhume","GamblersBrew","Happy Flower"],"campfire_rested":6,"item_purchase_floors":[2,2,2,29,29,31,31,39,47],"current_hp_per_floor":[77,77,71,76,77,77,51,76,76,73,76,76,76,68,85,47,76,66,66,50,50,41,66,50,77,77,73,73,73,48,48,75,39,77,59,59,37,37,37,64,64,59,59,55,21,16,16,0],"gold":65,"neow_bonus":"HUNDRED_GOLD","is_prod":false,"is_daily":false,"chose_seed":false,"campfire_upgraded":2,"win_rate":0,"timestamp":1566912590,"path_taken":["M","$","M","?","M","R","E","R","T","M","E","R","?","?","R","BOSS","M","?","M","?","M","R","?","R","T","?","?","$","E","$","R","BOSS","M","M","?","?","?","R","?","M","T","?","?","M","$","M"],"build_version":"2019-07-17","purchased_purges":2,"victory":false,"max_hp_per_floor":[80,80,80,85,85,85,85,85,85,85,85,85,85,85,85,85,85,85,85,85,85,85,85,90,90,90,90,90,90,90,90,90,90,90,90,90,90,90,90,90,90,90,90,90,90,90,90,90],"card_choices":[{"not_picked":["Thunderclap","Clash"],"picked":"Pommel Strike","floor":1},{"not_picked":["Cleave","Armaments"],"picked":"Shrug It Off","floor":3},{"not_picked":["Seeing Red","Cleave"],"picked":"Anger","floor":5},{"not_picked":["Armaments","Havoc"],"picked":"True Grit","floor":7},{"not_picked":["Sword Boomerang","Cleave"],"picked":"Twin Strike","floor":10},{"not_picked":["Pommel Strike","Rupture"],"picked":"Offering","floor":11},{"not_picked":["Pommel Strike","Cleave"],"picked":"Intimidate","floor":14},{"not_picked":["Offering","Brutality+1"],"picked":"Fiend Fire","floor":16},{"not_picked":["Cleave","Headbutt"],"picked":"Havoc","floor":18},{"not_picked":["Heavy Blade","Armaments","Anger"],"picked":"SKIP","floor":20},{"not_picked":["True Grit","Body Slam"],"picked":"Power Through","floor":22},{"not_picked":["Inflame+1","Perfected Strike+1"],"picked":"Clothesline","floor":27},{"not_picked":["Flame Barrier+1","Fire Breathing+1"],"picked":"Demon Form+1","floor":30},{"not_picked":["Fiend Fire","Exhume"],"picked":"Demon Form+1","floor":33},{"not_picked":["Inflame+1","Thunderclap","True Grit+1"],"picked":"SKIP","floor":35},{"not_picked":["Entrench+1","Perfected Strike"],"picked":"Battle Trance+1","floor":36},{"not_picked":["Magnetism+1","Swift Strike"],"picked":"Dark Shackles","floor":41},{"not_picked":["Flex+1","Clash"],"picked":"Armaments+1","floor":42},{"not_picked":["Iron Wave+1","Perfected Strike","Pommel Strike+1"],"picked":"SKIP","floor":44},{"not_picked":["Pommel Strike+1","Brutality+1","Flex"],"picked":"SKIP","floor":45},{"not_picked":["Seeing Red+1","Rupture+1","Corruption+1"],"picked":"SKIP","floor":46}],"player_experience":223992,"relics_obtained":[{"floor":7,"key":"Mercury Hourglass"},{"floor":9,"key":"Blue Candle"},{"floor":11,"key":"Pen Nib"},{"floor":13,"key":"Frozen Egg 2"},{"floor":26,"key":"Self Forming Clay"},{"floor":30,"key":"Letter Opener"},{"floor":37,"key":"Ice Cream"},{"floor":43,"key":"Bottled Lightning"}],"event_choices":[{"damage_healed":0,"gold_gain":0,"player_choice":"Donut","damage_taken":0,"max_hp_gain":5,"max_hp_loss":0,"event_name":"Big Fish","floor":4,"gold_loss":0},{"damage_healed":0,"gold_gain":0,"cards_transformed":["Strike_R","Strike_R"],"player_choice":"Became Test Subject","damage_taken":0,"max_hp_gain":0,"max_hp_loss":0,"event_name":"Drug Dealer","floor":19,"gold_loss":0,"cards_obtained":["Sword Boomerang","Rage"]},{"damage_healed":0,"gold_gain":0,"player_choice":"Ignored","damage_taken":0,"max_hp_gain":0,"max_hp_loss":0,"event_name":"Ghosts","floor":21,"gold_loss":0},{"damage_healed":0,"gold_gain":0,"player_choice":"Shed Blood","damage_taken":21,"max_hp_gain":5,"max_hp_loss":0,"event_name":"Forgotten Altar","floor":24,"gold_loss":0},{"damage_healed":0,"gold_gain":99,"player_choice":"Stole From Cult","damage_taken":0,"max_hp_gain":0,"max_hp_loss":0,"event_name":"Nest","floor":28,"gold_loss":0},{"damage_healed":0,"gold_gain":0,"player_choice":"Fight","damage_taken":0,"max_hp_gain":0,"max_hp_loss":0,"event_name":"Mysterious Sphere","floor":37,"gold_loss":0},{"cards_removed":["Defend_R"],"damage_healed":0,"gold_gain":0,"player_choice":"Removed Skill","damage_taken":0,"max_hp_gain":0,"max_hp_loss":0,"event_name":"Falling","floor":38,"gold_loss":0},{"damage_healed":0,"gold_gain":0,"player_choice":"Memory 1","damage_taken":0,"max_hp_gain":0,"max_hp_loss":0,"event_name":"SensoryStone","floor":41,"gold_loss":0}],"is_beta":false,"boss_relics":[{"not_picked":["Philosopher\u0027s Stone","Runic Pyramid"],"picked":"Snecko Eye"},{"not_picked":["Orrery","Runic Cube"],"picked":"Mark of Pain"}],"items_purged_floors":[29,31],"is_endless":false,"potions_floor_spawned":[7,10,14,20,22,27,30,37,42,44],"killed_by":"Jaw Worm Horde","ascension_level":10}