{"gold_per_floor":[119,69,88,107,119,119,119,137,137,157,157,169,169,196,196,291,291,305,39,58,74,94,94,129,129,129,158,176,194,194,212,212,315,315,331,331,24,24,38,38,53,53,53,53,63,63,63,63],"floor_reached":48,"playtime":3453,"items_purged":["Defend_B","Defend_B"],"score":722,"play_id":"9da604b2-1bc6-4eb5-b76a-b93bddfd97b7","local_time":"20190825015816","is_ascension_mode":true,"campfire_choices":[{"data":"Dualcast","floor":6.0,"key":"SMITH"},{"data":"Go for the Eyes","floor":11.0,"key":"SMITH"},{"floor":13.0,"key":"REST"},{"data":"Cold Snap","floor":15.0,"key":"SMITH"},{"floor":23.0,"key":"REST"},{"data":"Force Field","floor":32.0,"key":"SMITH"},{"data":"Ball Lightning","floor":40,"key":"SMITH"},{"floor":42,"key":"REST"},{"data":"Barrage","floor":44,"key":"SMITH"}],"neow_cost":"NONE","seed_source_timestamp":0,"circlet_count":0,"master_deck":["AscendersBane","Strike_B","Strike_B","Strike_B","Defend_B","Zap+1","Dualcast+1","Go for the Eyes+1","Ball Lightning+1","Leap","Cold Snap+1","Self Repair","Creative AI+1","Loop","Reinforced Body","Dark Shackles","Coolheaded","Capacitor","Glacier","Leap","Force Field+1","Chill","Amplify","Barrage+1","FTL","Ball Lightning","Parasite","Enlightenment"],"special_seed":0,"relics":["Cracked Core","Kunai","Symbiotic Virus","Blood Vial","Sozu","Anchor","Bird Faced Urn","Oddly Smooth Stone","Empty Cage","PreservedInsect","Regal Pillow"],"potions_floor_usage":[],"damage_taken":[{"damage":2.0,"enemies":"Jaw Worm","floor":1.0,"turns":3.0},{"damage":0.0,"enemies":"Cultist","floor":3.0,"turns":4.0},{"damage":9.0,"enemies":"Small Slimes","floor":4.0,"turns":3.0},{"damage":10.0,"enemies":"Gremlin Gang","floor":5.0,"turns":6.0},{"damage":2.0,"enemies":"Exordium Wildlife","floor":8.0,"turns":4.0},{"damage":1.0,"enemies":"2 Fungi Beasts","floor":10.0,"turns":3.0},{"damage":9.0,"enemies":"3 Louse","floor":12.0,"turns":3.0},{"damage":2.0,"enemies":"Hexaghost","floor":16.0,"turns":7.0},{"damage":15.0,"enemies":"Spheric Guardian","floor":18.0,"turns":4.0},{"damage":5.0,"enemies":"Shell Parasite","floor":20.0,"turns":5.0},{"damage":22.0,"enemies":"Centurion and Healer","floor":21.0,"turns":9.0},{"damage":26.0,"enemies":"Snake Plant","floor":22.0,"turns":5.0},{"damage":43.0,"enemies":"Slavers","floor":24.0,"turns":8.0},{"damage":12.0,"enemies":"Book of Stabbing","floor":27.0,"turns":9.0},{"damage":32.0,"enemies":"Snecko","floor":28.0,"turns":7.0},{"damage":0.0,"enemies":"Centurion and Healer","floor":29.0,"turns":10.0},{"damage":10.0,"enemies":"Chosen and Byrds","floor":31.0,"turns":8.0},{"damage":5.0,"enemies":"Automaton","floor":33.0,"turns":15.0},{"damage":1.0,"enemies":"3 Shapes","floor":35.0,"turns":6.0},{"damage":16,"enemies":"3 Darklings","floor":39,"turns":8},{"damage":63,"enemies":"Transient","floor":41,"turns":5},{"damage":47,"enemies":"Writhing Mass","floor":45,"turns":8},{"damage":55,"enemies":"Jaw Worm Horde","floor":48,"turns":7}],"seed_played":"-1313212603242175025","potions_obtained":[{"floor":3.0,"key":"Dexterity Potion"},{"floor":4.0,"key":"FocusPotion"},{"floor":10.0,"key":"PowerPotion"}],"is_trial":false,"path_per_floor":["M","?","M","M","M","R","?","M","T","M","R","M","R","T","R","B",null,"M","$","M","M","M","R","E","?","T","E","M","M","?","M","R","B",null,"M","?","$","?","M","R","M","R","T","R","M","$","?","M"],"character_chosen":"DEFECT","items_purchased":["Loop","Reinforced Body","Dark Shackles","PreservedInsect","Barrage"],"campfire_rested":3,"item_purchase_floors":[19,19,19,37,37],"current_hp_per_floor":[66,66,66,57,47,47,40,38,38,37,37,28,50,50,50,57,71,65,65,69,56,39,61,27,27,27,32,14,39,39,56,56,75,75,75,75,75,75,70,70,29,51,51,51,31,31,31,0],"gold":63,"neow_bonus":"UPGRADE_CARD","is_prod":false,"is_daily":false,"chose_seed":false,"campfire_upgraded":6,"win_rate":0,"timestamp":1566712696,"path_taken":["M","?","M","M","M","R","?","M","T","M","R","M","R","?","R","BOSS","M","$","M","M","M","R","E","?","T","E","M","M","?","?","R","BOSS","M","?","$","?","M","R","M","R","T","R","M","$","?","M"],"build_version":"2019-07-17","purchased_purges":2,"victory":false,"max_hp_per_floor":[75,75,75,75,75,75,75,75,75,75,75,75,75,75,75,75,75,75,75,75,75,75,75,75,75,75,75,75,75,75,75,75,75,75,75,75,75,75,75,75,75,75,75,75,75,75,75,75],"card_choices":[{"not_picked":["Stack","Scrape"],"picked":"Go for the Eyes","floor":1.0},{"not_picked":["Recycle","Storm"],"picked":"Ball Lightning","floor":3.0},{"not_picked":["Scrape","Turbo"],"picked":"Leap","floor":4.0},{"not_picked":["Coolheaded","Compile Driver"],"picked":"Cold Snap","floor":5.0},{"not_picked":["Thunder Strike","Stack"],"picked":"Sweeping Beam","floor":8.0},{"not_picked":["Turbo","Compile Driver","Tempest"],"picked":"SKIP","floor":10.0},{"not_picked":["Redo","Blizzard"],"picked":"Self Repair","floor":12.0},{"not_picked":["Reboot","Buffer"],"picked":"Creative AI","floor":16.0},{"not_picked":["Gash","Tempest","Darkness+1"],"picked":"SKIP","floor":18.0},{"not_picked":["Hologram","Leap"],"picked":"Coolheaded","floor":20.0},{"not_picked":["Sunder","Compile Driver+1"],"picked":"Capacitor","floor":21.0},{"not_picked":["Compile Driver","Redo"],"picked":"Glacier","floor":22.0},{"not_picked":["Stack","Scrape"],"picked":"Leap","floor":24.0},{"not_picked":["Conserve Battery","Coolheaded"],"picked":"Force Field","floor":27.0},{"not_picked":["Coolheaded+1","Reprogram","Fusion"],"picked":"SKIP","floor":28.0},{"not_picked":["Beam Cell","Compile Driver"],"picked":"Chill","floor":29.0},{"not_picked":["Redo","Auto Shields","Sweeping Beam"],"picked":"SKIP","floor":31.0},{"not_picked":["Meteor Strike","Thunder Strike"],"picked":"Amplify","floor":33.0},{"not_picked":["Stack","Hologram+1","Steam Power+1"],"picked":"SKIP","floor":35.0},{"not_picked":["BootSequence","Conserve Battery+1"],"picked":"FTL","floor":39},{"not_picked":["Stack+1","Gash"],"picked":"Ball Lightning","floor":41},{"not_picked":["Compile Driver+1","Ball Lightning+1","Beam Cell"],"picked":"SKIP","floor":45}],"player_experience":569905,"relics_obtained":[{"floor":9.0,"key":"Symbiotic Virus"},{"floor":14.0,"key":"Blood Vial"},{"floor":24.0,"key":"Anchor"},{"floor":26.0,"key":"Bird Faced Urn"},{"floor":27.0,"key":"Oddly Smooth Stone"},{"floor":43,"key":"Regal Pillow"}],"event_choices":[{"cards_removed":["Strike_B"],"damage_healed":0.0,"max_hp_gain":0.0,"max_hp_loss":0.0,"gold_gain":0.0,"event_name":"The Cleric","player_choice":"Card Removal","floor":2.0,"gold_loss":50.0,"damage_taken":0.0},{"damage_healed":0.0,"max_hp_gain":0.0,"max_hp_loss":0.0,"gold_gain":0.0,"event_name":"Scrap Ooze","player_choice":"Success","floor":7.0,"gold_loss":0.0,"damage_taken":7.0,"relics_obtained":["Kunai"]},{"damage_healed":0.0,"max_hp_gain":0.0,"max_hp_loss":0.0,"gold_gain":0.0,"event_name":"Forgotten Altar","player_choice":"Smashed Altar","floor":25.0,"gold_loss":0.0,"damage_taken":0.0,"cards_obtained":["Decay"]},{"damage_healed":0.0,"max_hp_gain":0.0,"max_hp_loss":0.0,"gold_gain":0.0,"event_name":"Upgrade Shrine","player_choice":"Upgraded","floor":30.0,"gold_loss":0.0,"damage_taken":0.0,"cards_upgraded":["Creative AI"]},{"cards_removed":["Sweeping Beam"],"damage_healed":0.0,"max_hp_gain":0.0,"max_hp_loss":0.0,"gold_gain":0.0,"event_name":"Falling","player_choice":"Removed Attack","floor":36.0,"gold_loss":0.0,"damage_taken":0.0},{"damage_healed":0,"gold_gain":0,"player_choice":"Ignored","damage_taken":0,"max_hp_gain":0,"max_hp_loss":0,"event_name":"Mysterious Sphere","floor":38,"gold_loss":0},{"damage_healed":0,"gold_gain":0,"player_choice":"1 cards matched","damage_taken":0,"max_hp_gain":0,"max_hp_loss":0,"event_name":"Match and Keep!","floor":47,"gold_loss":0,"cards_obtained":["Enlightenment"]}],"is_beta":false,"boss_relics":[{"not_picked":["Fusion Hammer","Busted Crown"],"picked":"Sozu"},{"not_picked":["Black Star","Philosopher\u0027s Stone"],"picked":"Empty Cage"}],"items_purged_floors":[19,37],"is_endless":false,"potions_floor_spawned":[3,4,10,21,22,27,31,35,39],"killed_by":"Jaw Worm Horde","ascension_level":11}