{"gold_per_floor":[109,125,125,50,50,50,91,110,110,146,146,170,185,229,229,359,359,378,378,401,311,326,340,404,404,430,458,15,40,40,78,78,206,206,226,8,0,14,28,28,46,46,46,46,46,46,66,66,66,66],"floor_reached":51,"playtime":3716,"items_purged":["Strike_B","Pain"],"score":1153,"play_id":"5fd46829-5b4d-49c9-9981-2abdbb7ab3b6","local_time":"20190814070252","is_ascension_mode":true,"campfire_choices":[{"data":"Dualcast","floor":6,"key":"SMITH"},{"data":"Redo","floor":11,"key":"SMITH"},{"data":"Darkness","floor":15,"key":"SMITH"},{"data":"Zap","floor":25,"key":"SMITH"},{"data":"Coolheaded","floor":30,"key":"SMITH"},{"floor":32,"key":"REST"},{"data":"Machine Learning","floor":40,"key":"SMITH"},{"data":"Defragment","floor":44,"key":"SMITH"},{"data":"Glacier","floor":46,"key":"SMITH"},{"floor":49,"key":"REST"}],"neow_cost":"NONE","seed_source_timestamp":313250052671600,"circlet_count":0,"master_deck":["AscendersBane","Strike_B+1","Strike_B","Strike_B+1","Defend_B+1","Defend_B+1","Defend_B","Defend_B","Zap+1","Dualcast+1","Self Repair","Sunder+1","Redo+1","Darkness+1","Leap","Glacier+1","Leap","Coolheaded+1","Multi-Cast","BootSequence","Conserve Battery","Reinforced Body","Machine Learning+1","Reinforced Body","Bandage Up","Rebound","Rebound","Seek+1","Redo+1","Redo+1","Master of Strategy+1","FTL","Defragment+1","Clumsy","Normality","Coolheaded+1"],"relics":["Cracked Core","NeowsBlessing","Golden Idol","Blue Candle","Meat on the Bone","Blood Vial","Whetstone","Cursed Key","Boot","Happy Flower","Tiny Chest","MawBank","Oddly Smooth Stone","Toxic Egg 2","Philosopher\u0027s Stone","Red Mask","Smiling Mask","Thread and Needle"],"potions_floor_usage":[7,14,22,24,27,31,33,35,39,50],"damage_taken":[{"damage":0,"enemies":"Cultist","floor":1,"turns":1},{"damage":0,"enemies":"Small Slimes","floor":2,"turns":1},{"damage":0,"enemies":"3 Sentries","floor":7,"turns":1},{"damage":3,"enemies":"2 Louse","floor":8,"turns":2},{"damage":17,"enemies":"Lagavulin","floor":10,"turns":7},{"damage":0,"enemies":"Blue Slaver","floor":12,"turns":3},{"damage":0,"enemies":"Exordium Wildlife","floor":13,"turns":4},{"damage":27,"enemies":"Gremlin Nob","floor":14,"turns":5},{"damage":17,"enemies":"Hexaghost","floor":16,"turns":8},{"damage":1,"enemies":"Chosen","floor":18,"turns":4},{"damage":9,"enemies":"2 Thieves","floor":22,"turns":4},{"damage":4,"enemies":"Shelled Parasite and Fungi","floor":23,"turns":8},{"damage":41,"enemies":"Gremlin Leader","floor":24,"turns":9},{"damage":30,"enemies":"Cultist and Chosen","floor":27,"turns":6},{"damage":7,"enemies":"Snake Plant","floor":29,"turns":6},{"damage":51,"enemies":"Slavers","floor":31,"turns":9},{"damage":50,"enemies":"Automaton","floor":33,"turns":11},{"damage":14,"enemies":"3 Shapes","floor":35,"turns":4},{"damage":9,"enemies":"3 Darklings","floor":38,"turns":9},{"damage":8,"enemies":"Transient","floor":39,"turns":5},{"damage":9,"enemies":"Spire Growth","floor":41,"turns":5},{"damage":14,"enemies":"Maw","floor":47,"turns":7},{"damage":65,"enemies":"Awakened One","floor":50,"turns":16}],"seed_played":"-778711239468045334","potions_obtained":[{"floor":1,"key":"Dexterity Potion"},{"floor":8,"key":"AttackPotion"},{"floor":16,"key":"GamblersBrew"},{"floor":18,"key":"PowerPotion"},{"floor":24,"key":"Block Potion"},{"floor":33,"key":"Swift Potion"},{"floor":38,"key":"Poison Potion"},{"floor":41,"key":"SpeedPotion"}],"is_trial":false,"path_per_floor":["M","M","?","$","?","R","E","M","T","E","R","M","M","E","R","B",null,"M","?","T","?","M","M","E","R","T","M","$","M","R","E","R","B",null,"M","$","?","M","M","R","M","T","T","R","$","R","M","?","R","B",null],"character_chosen":"DEFECT","items_purchased":["Oddly Smooth Stone","Ancient Potion","SpeedPotion","Bandage Up","Redo+1","Master of Strategy+1"],"campfire_rested":2,"item_purchase_floors":[28,28,28,28,36,36],"current_hp_per_floor":[68,75,57,57,42,42,42,46,46,48,48,57,66,48,48,52,69,75,75,75,75,73,75,53,53,53,37,37,55,55,29,51,26,63,62,62,62,66,64,64,61,61,61,61,61,61,60,60,75,33],"gold":66,"neow_bonus":"THREE_ENEMY_KILL","is_prod":false,"is_daily":false,"chose_seed":false,"campfire_upgraded":8,"win_rate":0,"timestamp":1565733772,"path_taken":["M","?","?","$","?","R","E","M","T","E","R","M","M","E","R","BOSS","M","?","?","?","?","M","E","R","T","M","?","M","R","E","R","BOSS","M","$","?","M","M","R","M","?","T","R","$","R","?","?","R","BOSS"],"build_version":"2019-07-17","purchased_purges":2,"victory":true,"max_hp_per_floor":[75,75,75,75,75,75,75,75,75,75,75,75,75,75,75,75,75,75,75,75,75,75,75,75,75,75,75,75,75,75,75,75,75,75,75,75,75,75,75,75,75,75,75,75,75,75,75,75,75,75],"card_choices":[{"not_picked":["Force Field","Cold Snap"],"picked":"Self Repair","floor":1},{"not_picked":["Recycle","Cold Snap"],"picked":"Sunder","floor":2},{"not_picked":["Stack","Barrage"],"picked":"Redo","floor":7},{"not_picked":["Stack","Amplify"],"picked":"Darkness","floor":8},{"not_picked":["Loop","Barrage"],"picked":"Leap","floor":10},{"not_picked":["Blizzard","Streamline"],"picked":"Glacier","floor":12},{"not_picked":["Beam Cell","Sweeping Beam"],"picked":"Leap","floor":13},{"not_picked":["Hyperbeam","Ball Lightning"],"picked":"Coolheaded","floor":14},{"not_picked":["All For One","Core Surge"],"picked":"Multi-Cast","floor":16},{"not_picked":["Steam","Rip and Tear+1"],"picked":"BootSequence","floor":18},{"not_picked":["Go for the Eyes","Steam"],"picked":"Conserve Battery","floor":22},{"not_picked":["Stack+1","Aggregate"],"picked":"Reinforced Body","floor":23},{"not_picked":["Blizzard","Compile Driver"],"picked":"Machine Learning","floor":24},{"not_picked":["BootSequence","Lockon"],"picked":"Reinforced Body","floor":27},{"not_picked":["Rip and Tear","Genetic Algorithm"],"picked":"Rebound","floor":29},{"not_picked":["Ball Lightning","Cold Snap"],"picked":"Rebound","floor":31},{"not_picked":["Hyperbeam","Amplify+1"],"picked":"Seek+1","floor":33},{"not_picked":["Streamline","Go for the Eyes"],"picked":"Redo+1","floor":35},{"not_picked":["Loop","Conserve Battery+1"],"picked":"FTL","floor":38},{"not_picked":["Barrage","Leap+1","Storm"],"picked":"SKIP","floor":39},{"not_picked":["Sweeping Beam","Streamline+1"],"picked":"Defragment","floor":41},{"not_picked":["Sunder","Streamline"],"picked":"Coolheaded+1","floor":47}],"player_experience":701041,"relics_obtained":[{"floor":7,"key":"Blue Candle"},{"floor":9,"key":"Meat on the Bone"},{"floor":10,"key":"Blood Vial"},{"floor":14,"key":"Whetstone"},{"floor":20,"key":"Happy Flower"},{"floor":24,"key":"Tiny Chest"},{"floor":26,"key":"MawBank"},{"floor":31,"key":"Toxic Egg 2"},{"floor":42,"key":"Smiling Mask"},{"floor":43,"key":"Thread and Needle"}],"event_choices":[{"damage_healed":0,"gold_gain":0,"player_choice":"Take Damage","damage_taken":18,"relics_obtained":["Golden Idol"],"max_hp_gain":0,"max_hp_loss":0,"event_name":"Golden Idol","floor":3,"gold_loss":0},{"damage_healed":0,"gold_gain":0,"player_choice":"Entered Light","damage_taken":15,"max_hp_gain":0,"max_hp_loss":0,"event_name":"Shining Light","floor":5,"gold_loss":0,"cards_upgraded":["Defend_B","Strike_B"]},{"damage_healed":0,"gold_gain":0,"player_choice":"Opened","damage_taken":0,"relics_obtained":["Boot"],"max_hp_gain":0,"max_hp_loss":0,"event_name":"The Mausoleum","floor":19,"gold_loss":0},{"cards_removed":["Decay"],"damage_healed":0,"gold_gain":0,"player_choice":"Upgrade and Remove","damage_taken":0,"max_hp_gain":0,"max_hp_loss":0,"event_name":"Designer","floor":21,"gold_loss":90,"cards_upgraded":["Defend_B"]},{"damage_healed":0,"gold_gain":0,"player_choice":"Paid","damage_taken":0,"relics_obtained":["Red Mask"],"max_hp_gain":0,"max_hp_loss":0,"event_name":"Tomb of Lord Red Mask","floor":37,"gold_loss":8},{"damage_healed":0,"gold_gain":0,"player_choice":"Ignored","damage_taken":0,"max_hp_gain":0,"max_hp_loss":0,"event_name":"Mysterious Sphere","floor":48,"gold_loss":0}],"is_beta":false,"boss_relics":[{"not_picked":["Lizard Tail","Ectoplasm"],"picked":"Cursed Key"},{"not_picked":["FrozenCore","Coffee Dripper"],"picked":"Philosopher\u0027s Stone"}],"items_purged_floors":[4,28],"is_endless":false,"potions_floor_spawned":[1,8,16,18,24,33,38,41],"ascension_level":12}