{"path_per_floor":["M","M","$","?","?","R","E","R","T","M","M","M","$","$","R","B",null,"M","$","M","?","?","R","M","M","T","?","R","M","E","M","R","B",null,"M","M","?","?","M","E","M","M","T","E","R","M","$","?","R"],"character_chosen":"IRONCLAD","items_purchased":[],"gold_per_floor":[115,133,58,58,58,58,85,85,132,144,161,175,75,75,75,170,170,140,15,15,15,15,15,15,15,15,0,0,0,0,0,0,0,0,0,0,0,0,0,0,0,0,0,0,0,0,0,0,0,0],"floor_reached":50,"campfire_rested":3,"playtime":3239,"current_hp_per_floor":[79,80,80,80,80,80,47,71,71,56,49,51,51,51,75,63,76,61,61,63,47,47,47,53,63,63,63,80,80,68,72,72,9,62,47,51,71,75,70,60,53,53,53,77,77,80,80,80,80,0],"items_purged":["Defend_R","Normality","Strike_R"],"gold":0,"score":686,"play_id":"297c725e-79dc-4ee2-88d1-6e5a72ece689","local_time":"20180512213146","is_prod":false,"is_daily":false,"chose_seed":false,"is_ascension_mode":true,"campfire_upgraded":4,"timestamp":1526131906,"path_taken":["M","M","$","?","?","R","E","R","T","?","M","M","?","$","R","BOSS","M","$","M","?","?","R","M","M","T","?","R","M","E","M","R","BOSS","M","M","?","?","M","E","?","M","T","E","R","M","$","?","R","BOSS"],"build_version":"2018-05-10","seed_source_timestamp":0,"purchased_purges":3,"victory":false,"master_deck":["Strike_R","Strike_R","Defend_R","Bash","Uppercut","Offering+1","Armaments+1","Cleave","Fiend Fire+1","Seeing Red","Cleave+1","Reaper","Carnage+1","Pummel+1","Seeing Red","Flex","Offering+1","Flex","Cleave+1","Writhe","Seeing Red+1","Battle Trance","Exhume"],"max_hp_per_floor":[80,80,80,80,80,80,80,80,80,80,80,80,80,80,80,80,80,80,80,80,80,80,80,80,80,80,80,80,80,80,80,80,80,80,80,80,80,80,80,80,80,80,80,80,80,80,80,80,80,80],"relics":["Burning Blood","Bag of Marbles","Matryoshka","Prayer Wheel","Bag of Preparation","Ectoplasm","Enchiridion","Dream Catcher","Whetstone","Blood Vial","Black Star","Unceasing Top","Gremlin Horn","Kunai","Peace Pipe","Omamori","Lantern"],"card_choices":[{"not_picked":["Headbutt","Blood for Blood"],"picked":"Uppercut","floor":1.0},{"not_picked":["Flex","Feel No Pain"],"picked":"Armaments","floor":11.0},{"not_picked":["Infernal Blade","Entrench"],"picked":"Cleave","floor":12.0},{"not_picked":["Juggernaut","Feed"],"picked":"Fiend Fire","floor":16.0},{"not_picked":["Hemokinesis","Wild Strike"],"picked":"Seeing Red","floor":18.0},{"not_picked":["Headbutt","Iron Wave"],"picked":"Cleave","floor":24.0},{"not_picked":["Perfected Strike","Iron Wave"],"picked":"Reaper","floor":26.0},{"not_picked":["Hemokinesis","Rage"],"picked":"Carnage","floor":28.0},{"not_picked":["Havoc","Heavy Blade"],"picked":"Pummel","floor":29.0},{"not_picked":["Hemokinesis","Rampage"],"picked":"Seeing Red","floor":30.0},{"not_picked":["Anger","Perfected Strike"],"picked":"Flex","floor":31.0},{"not_picked":["Juggernaut","Reaper"],"picked":"Offering","floor":33.0},{"not_picked":["Shrug It Off","Headbutt"],"picked":"Flex","floor":35.0},{"not_picked":["Headbutt","Iron Wave"],"picked":"Cleave","floor":36.0},{"not_picked":["Disarm","Pommel Strike"],"picked":"Seeing Red","floor":41.0},{"not_picked":["Headbutt","Warcry"],"picked":"Battle Trance","floor":44.0},{"not_picked":["Thunderclap","Intimidate"],"picked":"Exhume","floor":46.0}],"player_experience":47169,"potions_floor_usage":[50,50,50],"damage_taken":[{"damage":7.0,"enemies":"2 Louse","floor":1.0,"turns":2.0},{"damage":0.0,"enemies":"Cultist","floor":2.0,"turns":3.0},{"damage":39.0,"enemies":"Lagavulin","floor":7.0,"turns":5.0},{"damage":21.0,"enemies":"Exordium Thugs","floor":10.0,"turns":4.0},{"damage":13.0,"enemies":"Looter","floor":11.0,"turns":3.0},{"damage":4.0,"enemies":"Large Slime","floor":12.0,"turns":5.0},{"damage":18.0,"enemies":"Slime Boss","floor":16.0,"turns":10.0},{"damage":21.0,"enemies":"2 Thieves","floor":18.0,"turns":3.0},{"damage":4.0,"enemies":"Spheric Guardian","floor":20.0,"turns":1.0},{"damage":0.0,"enemies":"Snake Plant","floor":24.0,"turns":1.0},{"damage":4.0,"enemies":"Cultist and Chosen","floor":25.0,"turns":3.0},{"damage":5.0,"enemies":"Centurion and Healer","floor":29.0,"turns":2.0},{"damage":18.0,"enemies":"Book of Stabbing","floor":30.0,"turns":2.0},{"damage":4.0,"enemies":"Sentry and Sphere","floor":31.0,"turns":2.0},{"damage":71.0,"enemies":"Champ","floor":33.0,"turns":8.0},{"damage":23.0,"enemies":"3 Darklings","floor":35.0,"turns":2.0},{"damage":4.0,"enemies":"3 Shapes","floor":36.0,"turns":1.0},{"damage":4.0,"enemies":"…Ò√ÿ‘≤«Ú","floor":38.0,"turns":1.0},{"damage":13.0,"enemies":"Flame Bruiser 2 Orb","floor":39.0,"turns":3.0},{"damage":37.0,"enemies":"Giant Head","floor":40.0,"turns":5.0},{"damage":15.0,"enemies":"4 Shapes","floor":41.0,"turns":1.0},{"damage":8.0,"enemies":"3 Darklings","floor":42.0,"turns":1.0},{"damage":8.0,"enemies":"2 Orb Walkers","floor":44.0,"turns":1.0},{"damage":4.0,"enemies":"Spire Growth","floor":46.0,"turns":1.0},{"damage":80,"enemies":"Awakened One","floor":50,"turns":6}],"event_choices":[{"event_name":"Living Wall","player_choice":"Change","floor":4.0,"damage_taken":0.0},{"event_name":"Accursed Blacksmith","player_choice":"Rummage","floor":5.0,"damage_taken":0.0},{"event_name":"Cursed Tome","player_choice":"Obtained Book","floor":21.0,"damage_taken":0.0},{"event_name":"Purifier","player_choice":"One Purge","floor":22.0,"damage_taken":0.0},{"event_name":"Masked Bandits","player_choice":"Paid Bandits 15 gold","floor":27.0,"damage_taken":0.0},{"event_name":"Winding Halls","player_choice":"Writhe","floor":37.0,"damage_taken":0.0},{"event_name":"Mysterious Sphere","player_choice":"Fight","floor":38.0,"damage_taken":0.0}],"boss_relics":[],"potions_floor_spawned":[1,10,11,12,20,29,31,33,35,36,39,46],"seed_played":"-6293285854239480172","killed_by":"Awakened One","ascension_level":5,"is_trial":false}