{"gold_per_floor":[119,185,185,208,261,261,285,285,285,14,39,52,52,75,75,198,198,221,242,255,270,1,1,19,19,45,45,58,71,84,123,123,123],"floor_reached":33,"playtime":2716,"items_purged":[],"score":243,"play_id":"621977cd-534a-41a4-a531-39737ade1a4a","local_time":"20190811003608","is_ascension_mode":false,"campfire_choices":[{"floor":6,"key":"REST"},{"data":"Panacea","floor":8,"key":"SMITH"},{"floor":15,"key":"REST"},{"floor":23,"key":"REST"},{"data":"Flex","floor":25,"key":"SMITH"},{"data":"Rage","floor":27,"key":"SMITH"},{"floor":32,"key":"REST"}],"neow_cost":"PERCENT_DAMAGE","seed_source_timestamp":0,"circlet_count":0,"master_deck":["Strike_R","Strike_R","Strike_R","Strike_R","Strike_R","Defend_R","Defend_R","Defend_R","Defend_R","Bash","Panacea+1","Good Instincts","Clothesline","Juggernaut+1","Feel No Pain","Thunderclap","Flex","Armaments","Metallicize","Perfected Strike","Cleave","Feed","Armaments+1","Clash+1","Flex+1","Cleave","Rage+1","Whirlwind+1","Spot Weakness","Power Through","Corruption","Corruption"],"special_seed":0,"relics":["Burning Blood","Golden Idol","Oddly Smooth Stone","Pocketwatch","Happy Flower","Mark of Pain","Medical Kit","Anchor","Red Mask"],"potions_floor_usage":[20,24,30,31,33,33],"damage_taken":[{"damage":5,"enemies":"Jaw Worm","floor":1,"turns":4},{"damage":0,"enemies":"2 Louse","floor":4,"turns":2},{"damage":6,"enemies":"Cultist","floor":7,"turns":5},{"damage":13,"enemies":"3 Louse","floor":11,"turns":3},{"damage":23,"enemies":"Gremlin Gang","floor":12,"turns":5},{"damage":7,"enemies":"Looter","floor":14,"turns":2},{"damage":39,"enemies":"Slime Boss","floor":16,"turns":9},{"damage":2,"enemies":"Spheric Guardian","floor":18,"turns":4},{"damage":4,"enemies":"Chosen","floor":19,"turns":4},{"damage":19,"enemies":"Snake Plant","floor":20,"turns":5},{"damage":17,"enemies":"Shelled Parasite and Fungi","floor":21,"turns":7},{"damage":24,"enemies":"Centurion and Healer","floor":24,"turns":5},{"damage":38,"enemies":"Snecko","floor":28,"turns":6},{"damage":12,"enemies":"Snake Plant","floor":29,"turns":3},{"damage":5,"enemies":"Centurion and Healer","floor":30,"turns":5},{"damage":15,"enemies":"Masked Bandits","floor":31,"turns":4},{"damage":51,"enemies":"Champ","floor":33,"turns":11}],"seed_played":"-1700804371328917043","potions_obtained":[{"floor":1,"key":"SkillPotion"},{"floor":14,"key":"Fire Potion"},{"floor":16,"key":"Dexterity Potion"},{"floor":21,"key":"Poison Potion"},{"floor":29,"key":"Strength Potion"},{"floor":31,"key":"GamblersBrew"}],"is_trial":false,"path_per_floor":["M","?","?","M","T","R","M","R","T","$","M","M","?","M","R","B",null,"M","M","M","M","$","R","M","R","T","R","M","M","M","?","R","B"],"character_chosen":"IRONCLAD","items_purchased":["Thunderclap","Happy Flower","Flex","Armaments","Medical Kit","Rage"],"campfire_rested":4,"item_purchase_floors":[10,10,10,10,22,22],"current_hp_per_floor":[57,57,37,43,43,67,67,67,67,67,60,43,43,42,66,33,80,80,80,67,56,56,80,62,62,62,62,30,24,25,19,43,0],"gold":123,"neow_bonus":"RANDOM_COLORLESS_2","is_prod":false,"is_daily":false,"chose_seed":false,"campfire_upgraded":3,"win_rate":0.0,"timestamp":1565476568,"path_taken":["M","?","?","M","?","R","M","R","T","$","?","M","?","M","R","BOSS","M","M","M","?","$","R","M","R","T","R","M","M","M","?","R","BOSS"],"build_version":"2019-07-17","purchased_purges":0,"victory":false,"max_hp_per_floor":[80,80,80,80,80,80,80,80,80,80,80,80,80,80,80,80,80,80,80,80,80,80,80,80,80,80,80,80,80,80,83,83,83],"card_choices":[{"not_picked":["Cleave","Battle Trance"],"picked":"Clothesline","floor":1},{"not_picked":["True Grit","Second Wind"],"picked":"Juggernaut","floor":4},{"not_picked":["Dual Wield","Clothesline"],"picked":"Feel No Pain","floor":7},{"not_picked":["Ghostly Armor","Warcry"],"picked":"Metallicize","floor":11},{"not_picked":["Pommel Strike","Fire Breathing"],"picked":"Perfected Strike","floor":12},{"not_picked":["Evolve","Hemokinesis"],"picked":"Cleave","floor":14},{"not_picked":["Fiend Fire","Juggernaut"],"picked":"Feed","floor":16},{"not_picked":["Searing Blow","True Grit"],"picked":"Armaments+1","floor":18},{"not_picked":["Body Slam","Infernal Blade"],"picked":"Clash+1","floor":19},{"not_picked":["Second Wind","Warcry"],"picked":"Flex","floor":20},{"not_picked":["Wild Strike","Warcry+1"],"picked":"Cleave","floor":21},{"not_picked":["Entrench+1","True Grit"],"picked":"Whirlwind+1","floor":24},{"not_picked":["Thunderclap","Burning Pact"],"picked":"Spot Weakness","floor":28},{"not_picked":["Clothesline","Immolate"],"picked":"Power Through","floor":29},{"not_picked":["Thunderclap","True Grit"],"picked":"Corruption","floor":30},{"not_picked":["Blood for Blood","Warcry"],"picked":"Corruption","floor":31}],"player_experience":26067,"relics_obtained":[{"floor":5,"key":"Oddly Smooth Stone"},{"floor":9,"key":"Pocketwatch"},{"floor":26,"key":"Anchor"},{"floor":31,"key":"Red Mask"}],"event_choices":[{"damage_healed":0,"gold_gain":66,"player_choice":"Gained Gold","damage_taken":0,"max_hp_gain":0,"max_hp_loss":0,"event_name":"Golden Wing","floor":2,"gold_loss":0},{"damage_healed":0,"gold_gain":0,"player_choice":"Take Damage","damage_taken":20,"relics_obtained":["Golden Idol"],"max_hp_gain":0,"max_hp_loss":0,"event_name":"Golden Idol","floor":3,"gold_loss":0},{"damage_healed":0,"gold_gain":0,"player_choice":"Forge","damage_taken":0,"max_hp_gain":0,"max_hp_loss":0,"event_name":"Accursed Blacksmith","floor":13,"gold_loss":0,"cards_upgraded":["Juggernaut"]},{"damage_healed":0,"gold_gain":0,"player_choice":"Fought Bandits","damage_taken":0,"max_hp_gain":0,"max_hp_loss":0,"event_name":"Masked Bandits","floor":31,"gold_loss":0}],"is_beta":false,"boss_relics":[{"not_picked":["Coffee Dripper","Runic Cube"],"picked":"Mark of Pain"}],"items_purged_floors":[],"is_endless":false,"potions_floor_spawned":[1,14,16,19,21,29,31],"killed_by":"Champ","ascension_level":0}