{"gold_per_floor":[117,129,139,150,169,194,194,210,210,240,240,258,258,258,258,358,358,372,389,403,403,12,42,42],"floor_reached":24,"playtime":1508,"items_purged":[],"score":255,"play_id":"eb1f668a-cd69-4756-9295-9c234d1e8048","local_time":"20181119190937","is_ascension_mode":false,"campfire_choices":[{"floor":11.0,"key":"RECALL"},{"floor":13.0,"key":"REST"},{"data":"Shockwave","floor":15.0,"key":"SMITH"}],"neow_cost":"PERCENT_DAMAGE","seed_source_timestamp":63104588919600,"circlet_count":0,"master_deck":["Strike_R","Strike_R","Strike_R","Strike_R","Strike_R","Defend_R","Defend_R","Defend_R","Defend_R","Bash","Battle Trance","Intimidate","Combust","Carnage","Juggernaut","Rupture","True Grit","Shockwave+1","Seeing Red","Iron Wave","Dark Embrace","Shrug It Off","Disarm","Dropkick","Sentinel","Heavy Blade","Bloodletting"],"special_seed":0,"relics":["Burning Blood","Pantograph","Letter Opener","Sundial","Philosopher\u0027s Stone","Peace Pipe","Membership Card","Pen Nib","Happy Flower","Lantern"],"potions_floor_usage":[],"damage_taken":[{"damage":5.0,"enemies":"Jaw Worm","floor":1.0,"turns":4.0},{"damage":7.0,"enemies":"Small Slimes","floor":2.0,"turns":3.0},{"damage":3.0,"enemies":"Cultist","floor":3.0,"turns":5.0},{"damage":4.0,"enemies":"3 Louse","floor":4.0,"turns":3.0},{"damage":11.0,"enemies":"Exordium Thugs","floor":5.0,"turns":3.0},{"damage":26.0,"enemies":"Gremlin Nob","floor":6.0,"turns":4.0},{"damage":18.0,"enemies":"Large Slime","floor":8.0,"turns":5.0},{"damage":14.0,"enemies":"3 Sentries","floor":10.0,"turns":5.0},{"damage":15.0,"enemies":"Looter","floor":12.0,"turns":3.0},{"damage":49.0,"enemies":"The Guardian","floor":16.0,"turns":9.0},{"damage":40.0,"enemies":"3 Byrds","floor":18.0,"turns":4.0},{"damage":17.0,"enemies":"Shell Parasite","floor":19.0,"turns":6.0},{"damage":30.0,"enemies":"Snake Plant","floor":20.0,"turns":5.0},{"damage":39.0,"enemies":"Book of Stabbing","floor":23.0,"turns":7.0},{"damage":9,"enemies":"Sentry and Sphere","floor":24,"turns":2}],"seed_played":"2483627714648195477","potions_obtained":[{"floor":1.0,"key":"Fire Potion"},{"floor":2.0,"key":"Energy Potion"},{"floor":6.0,"key":"Explosive Potion"},{"floor":12.0,"key":"Explosive Potion"},{"floor":16.0,"key":"SteroidPotion"},{"floor":18.0,"key":"Regen Potion"},{"floor":20.0,"key":"Block Potion"}],"is_trial":false,"path_per_floor":["M","M","M","M","M","E","?","M","T","E","R","M","R","?","R","B",null,"M","M","M","?","$","E","M"],"character_chosen":"IRONCLAD","items_purchased":["Membership Card","Sentinel","Pen Nib","Happy Flower","Heavy Blade"],"campfire_rested":1,"item_purchase_floors":[22,22,22,22,22],"current_hp_per_floor":[73,72,75,77,72,52,52,40,40,32,32,23,51,51,51,33,96,62,66,42,42,42,9,0],"gold":42,"neow_bonus":"TWENTY_PERCENT_HP_BONUS","is_prod":false,"is_daily":false,"chose_seed":false,"campfire_upgraded":1,"win_rate":0,"timestamp":1542622177,"path_taken":["M","M","M","M","M","E","?","M","T","E","R","M","R","?","R","BOSS","M","M","M","?","$","E","M"],"build_version":"2018-11-15","purchased_purges":0,"victory":false,"max_hp_per_floor":[96,96,96,96,96,96,96,96,96,96,96,96,96,96,96,96,96,96,96,96,96,96,96,96],"card_choices":[{"not_picked":["Fire Breathing","Burning Pact"],"picked":"Battle Trance","floor":1.0},{"not_picked":["Shockwave","Power Through"],"picked":"Intimidate","floor":2.0},{"not_picked":["Warcry","Evolve"],"picked":"Combust","floor":3.0},{"not_picked":["True Grit","Anger"],"picked":"Carnage","floor":4.0},{"not_picked":["True Grit","Heavy Blade"],"picked":"Juggernaut","floor":5.0},{"not_picked":["Infernal Blade","Twin Strike"],"picked":"Rupture","floor":6.0},{"not_picked":["Wild Strike","Sword Boomerang"],"picked":"True Grit","floor":8.0},{"not_picked":["Burning Pact","Sword Boomerang"],"picked":"Shockwave","floor":10.0},{"not_picked":["Flame Barrier","Limit Break"],"picked":"Seeing Red","floor":12.0},{"not_picked":["Offering","Demon Form"],"picked":"Dark Embrace","floor":16.0},{"not_picked":["Body Slam","Thunderclap"],"picked":"Shrug It Off","floor":18.0},{"not_picked":["Havoc","True Grit"],"picked":"Disarm","floor":19.0},{"not_picked":["Entrench","Fire Breathing+1"],"picked":"Dropkick","floor":20.0},{"not_picked":["Searing Blow","Heavy Blade"],"picked":"Bloodletting","floor":23.0}],"player_experience":462558,"relics_obtained":[{"floor":6.0,"key":"Pantograph"},{"floor":10.0,"key":"Sundial"},{"floor":23.0,"key":"Lantern"}],"event_choices":[{"damage_healed":0.0,"max_hp_gain":0.0,"max_hp_loss":0.0,"gold_gain":0.0,"event_name":"Big Fish","player_choice":"Box","floor":7.0,"gold_loss":0.0,"damage_taken":0.0,"relics_obtained":["Letter Opener"],"cards_obtained":["Regret"]},{"cards_removed":["Regret"],"damage_healed":0.0,"max_hp_gain":0.0,"max_hp_loss":0.0,"gold_gain":0.0,"event_name":"NoteForYourself","player_choice":"Took Card","floor":14.0,"gold_loss":0.0,"damage_taken":0.0,"cards_obtained":["Iron Wave"]},{"damage_healed":0.0,"max_hp_gain":0.0,"max_hp_loss":0.0,"gold_gain":0.0,"event_name":"The Mausoleum","player_choice":"Opened","floor":21.0,"gold_loss":0.0,"damage_taken":0.0,"relics_obtained":["Peace Pipe"]}],"is_beta":false,"boss_relics":[{"not_picked":["Velvet Choker","Runic Dome"],"picked":"Philosopher\u0027s Stone"}],"items_purged_floors":[],"is_endless":false,"potions_floor_spawned":[1,2,6,12,16,18,20],"killed_by":"Sentry and Sphere","ascension_level":0}