{"gold_per_floor":[110,110,110,124,124,152,152,14,62,74,108,108,121,3,3,108,108,123,123,22,42,53,53,77,77,77,94,106,120,137,152,152,152],"floor_reached":33,"playtime":5664,"items_purged":[],"score":259,"play_id":"e89e2d32-303f-474d-8731-2fd7fdd4634d","local_time":"20190629195533","is_ascension_mode":false,"campfire_choices":[{"floor":7,"key":"REST"},{"floor":12,"key":"REST"},{"floor":15,"key":"REST"},{"floor":23,"key":"REST"},{"floor":25,"key":"REST"},{"floor":32,"key":"REST"}],"neow_cost":"NONE","seed_source_timestamp":43675397909600,"circlet_count":0,"master_deck":["Defend_G","Defend_G+1","Defend_G+1","Defend_G","Defend_G","Strike_G+1","Strike_G","Strike_G","Strike_G","Strike_G","Survivor","Neutralize","Endless Agony+1","Infinite Blades","Blade Dance","Expertise","Blade Dance","Dagger Throw","PiercingWail","Noxious Fumes","Sucker Punch","Infinite Blades","Dodge and Roll","Adrenaline","PiercingWail","Finisher","Deflect","Well Laid Plans","Blur","Dodge and Roll+1","Outmaneuver+1","Endless Agony","Deflect","Reflex+1"],"relics":["Ring of the Snake","Bag of Marbles","CultistMask","Whetstone","Potion Belt","Dodecahedron","Lizard Tail","Oddly Smooth Stone","Gambling Chip"],"potions_floor_usage":[11,16,22,22,29,30,30],"damage_taken":[{"damage":1,"enemies":"Cultist","floor":1,"turns":4},{"damage":0,"enemies":"Small Slimes","floor":4,"turns":2},{"damage":29,"enemies":"3 Sentries","floor":6,"turns":11},{"damage":0,"enemies":"2 Louse","floor":10,"turns":1},{"damage":16,"enemies":"Lagavulin","floor":11,"turns":5},{"damage":2,"enemies":"Large Slime","floor":13,"turns":5},{"damage":31,"enemies":"Hexaghost","floor":16,"turns":9},{"damage":5,"enemies":"Shell Parasite","floor":18,"turns":4},{"damage":36,"enemies":"Colosseum Slavers","floor":19,"turns":7},{"damage":4,"enemies":"2 Thieves","floor":21,"turns":5},{"damage":9,"enemies":"Centurion and Healer","floor":22,"turns":5},{"damage":14,"enemies":"Chosen and Byrds","floor":27,"turns":7},{"damage":5,"enemies":"Snake Plant","floor":28,"turns":8},{"damage":15,"enemies":"Shelled Parasite and Fungi","floor":29,"turns":7},{"damage":41,"enemies":"Cultist and Chosen","floor":30,"turns":10},{"damage":16,"enemies":"3 Cultists","floor":31,"turns":7},{"damage":55,"enemies":"Collector","floor":33,"turns":6}],"seed_played":"8013584198593792905","potions_obtained":[{"floor":4,"key":"Poison Potion"},{"floor":6,"key":"SpeedPotion"},{"floor":16,"key":"Regen Potion"},{"floor":18,"key":"Energy Potion"},{"floor":21,"key":"Poison Potion"},{"floor":27,"key":"EssenceOfSteel"},{"floor":28,"key":"SteroidPotion"}],"is_trial":false,"path_per_floor":["M","?","?","M","?","E","R","$","T","M","E","R","M","$","R","B",null,"M","?","$","M","M","R","T","R","T","M","M","M","M","M","R","B"],"character_chosen":"THE_SILENT","items_purchased":["Expertise","Blade Dance","Dagger Throw","Infinite Blades","Dodge and Roll","Finisher","Deflect"],"campfire_rested":6,"item_purchase_floors":[8,8,8,14,14,20,20],"current_hp_per_floor":[69,69,69,69,55,26,47,47,47,47,31,52,50,50,70,39,70,65,29,29,25,30,51,51,70,70,56,51,36,33,17,38,0],"gold":152,"neow_bonus":"RANDOM_COMMON_RELIC","is_prod":false,"is_daily":false,"chose_seed":false,"campfire_upgraded":0,"win_rate":0.0,"timestamp":1561805733,"path_taken":["M","?","?","?","?","E","R","$","T","M","E","R","M","$","R","BOSS","M","?","$","M","M","R","?","R","T","M","M","M","M","M","R","BOSS"],"build_version":"2019-01-23","purchased_purges":0,"victory":false,"max_hp_per_floor":[70,70,70,70,70,70,70,70,70,70,70,70,70,70,70,70,70,70,70,70,70,70,70,70,70,70,70,70,70,70,70,70,70],"card_choices":[{"not_picked":["Prepared","Leg Sweep"],"picked":"Endless Agony","floor":1},{"not_picked":["Dagger Spray","Finisher"],"picked":"Infinite Blades","floor":4},{"not_picked":["Sucker Punch","Prepared"],"picked":"Blade Dance","floor":6},{"not_picked":["Acrobatics","Outmaneuver"],"picked":"PiercingWail","floor":10},{"not_picked":["Heel Hook","Blur"],"picked":"Noxious Fumes","floor":11},{"not_picked":["Dagger Spray","Quick Slash"],"picked":"Sucker Punch","floor":13},{"not_picked":["Malaise","Unload"],"picked":"Adrenaline","floor":16},{"not_picked":["Blade Dance","Dagger Throw"],"picked":"PiercingWail","floor":18},{"not_picked":["Infinite Blades","Sucker Punch+1"],"picked":"Well Laid Plans","floor":21},{"not_picked":["Acrobatics","Deadly Poison"],"picked":"Blur","floor":22},{"not_picked":["Quick Slash","Flechettes"],"picked":"Dodge and Roll+1","floor":27},{"not_picked":["Dagger Spray","Acrobatics"],"picked":"Outmaneuver+1","floor":28},{"not_picked":["Crippling Poison","Unload"],"picked":"Endless Agony","floor":29},{"not_picked":["Flying Knee","Prepared"],"picked":"Deflect","floor":30},{"not_picked":["Dodge and Roll","Choke+1"],"picked":"Reflex+1","floor":31}],"player_experience":22837,"relics_obtained":[{"floor":6,"key":"Whetstone"},{"floor":9,"key":"Potion Belt"},{"floor":11,"key":"Dodecahedron"},{"floor":24,"key":"Oddly Smooth Stone"},{"floor":26,"key":"Gambling Chip"}],"event_choices":[{"damage_healed":0,"gold_gain":0,"player_choice":"Ignored","damage_taken":0,"max_hp_gain":0,"max_hp_loss":0,"event_name":"Liars Game","floor":2,"gold_loss":0},{"damage_healed":0,"gold_gain":0,"player_choice":"Trade","damage_taken":0,"relics_obtained":["CultistMask"],"max_hp_gain":0,"max_hp_loss":0,"event_name":"FaceTrader","floor":3,"gold_loss":0},{"damage_healed":0,"gold_gain":0,"player_choice":"Entered Light","damage_taken":14,"max_hp_gain":0,"max_hp_loss":0,"event_name":"Shining Light","floor":5,"gold_loss":0,"cards_upgraded":["Defend_G","Defend_G"]},{"damage_healed":0,"gold_gain":0,"player_choice":"Fight","damage_taken":0,"max_hp_gain":0,"max_hp_loss":0,"event_name":"Colosseum","floor":19,"gold_loss":0},{"damage_healed":0,"gold_gain":0,"player_choice":"Fled From Nobs","damage_taken":0,"max_hp_gain":0,"max_hp_loss":0,"event_name":"Colosseum","floor":19,"gold_loss":0}],"is_beta":false,"boss_relics":[{"not_picked":["HoveringKite","Astrolabe"],"picked":"Lizard Tail"}],"items_purged_floors":[],"is_endless":false,"potions_floor_spawned":[4,6,16,18,21,27,28],"killed_by":"Collector","ascension_level":0}