{"gold_per_floor":[109,4,4,4,19,46,46,56,56,56,74,105,118,18,18,94,94,106,120,70,87,7,7,7],"floor_reached":24,"playtime":1253,"items_purged":["Strike_B","Strike_B"],"score":439,"play_id":"1e099a6a-b389-4cc9-9c28-3eb0b8f5e5fd","local_time":"20190822132255","is_ascension_mode":true,"campfire_choices":[{"data":"Go for the Eyes","floor":7,"key":"SMITH"},{"data":"Zap","floor":10,"key":"SMITH"},{"data":"Coolheaded","floor":15,"key":"SMITH"},{"floor":23,"key":"REST"}],"neow_cost":"NONE","seed_source_timestamp":110569405458800,"circlet_count":0,"master_deck":["AscendersBane","Strike_B","Strike_B","Defend_B","Defend_B","Defend_B","Defend_B","Zap+1","Dualcast","Reinforced Body","Ball Lightning","Hyperbeam","Ball Lightning","Go for the Eyes+1","Doom and Gloom","Reinforced Body","Capacitor","Coolheaded+1","Buffer","Leap+1","Sunder+1","Undo","Defragment"],"relics":["Cracked Core","NeowsBlessing","Pocketwatch","Meat on the Bone","Regal Pillow","White Beast Statue"],"potions_floor_usage":[16,18,18,21,24,24],"damage_taken":[{"damage":0,"enemies":"2 Louse","floor":1,"turns":1},{"damage":0,"enemies":"Small Slimes","floor":5,"turns":1},{"damage":0,"enemies":"Lagavulin","floor":6,"turns":1},{"damage":0,"enemies":"Cultist","floor":8,"turns":2},{"damage":0,"enemies":"Large Slime","floor":11,"turns":3},{"damage":10,"enemies":"3 Sentries","floor":12,"turns":3},{"damage":18,"enemies":"Gremlin Gang","floor":13,"turns":3},{"damage":9,"enemies":"The Guardian","floor":16,"turns":12},{"damage":11,"enemies":"3 Byrds","floor":18,"turns":4},{"damage":16,"enemies":"Spheric Guardian","floor":19,"turns":10},{"damage":29,"enemies":"Cultist and Chosen","floor":21,"turns":7},{"damage":64,"enemies":"Gremlin Leader","floor":24,"turns":8}],"seed_played":"-4302285581195320146","potions_obtained":[{"floor":1,"key":"SteroidPotion"},{"floor":11,"key":"Dexterity Potion"},{"floor":13,"key":"Swift Potion"},{"floor":16,"key":"Dexterity Potion"},{"floor":18,"key":"Block Potion"},{"floor":19,"key":"Swift Potion"},{"floor":21,"key":"FocusPotion"}],"is_trial":false,"path_per_floor":["M","$","?","?","M","E","R","M","T","R","M","E","M","$","R","B",null,"M","M","?","M","$","R","E"],"character_chosen":"DEFECT","items_purchased":["Ball Lightning","Defragment"],"campfire_rested":1,"item_purchase_floors":[2,22],"current_hp_per_floor":[64,64,69,69,69,69,69,69,69,69,69,59,41,41,41,44,68,57,41,41,24,24,61,0],"gold":7,"neow_bonus":"THREE_ENEMY_KILL","is_prod":false,"is_daily":false,"chose_seed":false,"campfire_upgraded":3,"win_rate":0,"timestamp":1566447775,"path_taken":["M","$","?","?","M","E","R","M","T","R","?","E","M","$","R","BOSS","M","M","?","?","$","R","E"],"build_version":"2019-07-17","purchased_purges":2,"victory":false,"max_hp_per_floor":[71,71,76,76,76,76,76,76,76,76,76,76,76,76,76,76,76,76,76,76,76,76,76,76],"card_choices":[{"not_picked":["Go for the Eyes","Turbo"],"picked":"Reinforced Body","floor":1},{"not_picked":["Coolheaded","Stack"],"picked":"Ball Lightning","floor":5},{"not_picked":["Coolheaded","Amplify"],"picked":"Go for the Eyes","floor":6},{"not_picked":["Stack","Leap"],"picked":"Doom and Gloom","floor":8},{"not_picked":["Compile Driver","Heatsinks"],"picked":"Reinforced Body","floor":11},{"not_picked":["Barrage","Rebound"],"picked":"Capacitor","floor":12},{"not_picked":["Streamline","Beam Cell"],"picked":"Coolheaded","floor":13},{"not_picked":["All For One","Creative AI"],"picked":"Buffer","floor":16},{"not_picked":["Streamline","Sunder"],"picked":"Leap+1","floor":18},{"not_picked":["Cold Snap","Turbo"],"picked":"Sunder+1","floor":19},{"not_picked":["Coolheaded","Turbo"],"picked":"Undo","floor":21}],"player_experience":750968,"relics_obtained":[{"floor":6,"key":"Pocketwatch"},{"floor":9,"key":"Meat on the Bone"},{"floor":12,"key":"Regal Pillow"}],"event_choices":[{"damage_healed":0,"gold_gain":0,"player_choice":"Donut","damage_taken":0,"max_hp_gain":5,"max_hp_loss":0,"event_name":"Big Fish","floor":3,"gold_loss":0},{"damage_healed":0,"gold_gain":0,"player_choice":"1 cards matched","damage_taken":0,"max_hp_gain":0,"max_hp_loss":0,"event_name":"Match and Keep!","floor":4,"gold_loss":0,"cards_obtained":["Hyperbeam"]},{"damage_healed":0,"gold_gain":0,"player_choice":"Bet on Owner","damage_taken":0,"max_hp_gain":0,"max_hp_loss":0,"event_name":"The Joust","floor":20,"gold_loss":50}],"is_beta":false,"boss_relics":[{"not_picked":["Eternal Feather","Tiny House"],"picked":"White Beast Statue"}],"items_purged_floors":[2,14],"is_endless":false,"potions_floor_spawned":[1,11,13,16,18,19,21],"killed_by":"Gremlin Leader","ascension_level":18}