{"gold_per_floor":[112,35,35,45,64,64,99,99,99,99,110,110,122,141,141,215,215,234,234],"floor_reached":19,"playtime":677,"items_purged":[],"score":330,"play_id":"d9079c85-f998-4966-9e9d-90d0ee85bbec","local_time":"20190807020401","is_ascension_mode":true,"campfire_choices":[{"data":"Dash","floor":6,"key":"SMITH"},{"floor":10,"key":"REST"},{"floor":15,"key":"REST"}],"neow_cost":"NONE","seed_source_timestamp":348154863490000,"circlet_count":0,"master_deck":["AscendersBane","Strike_G","Strike_G","Strike_G","Strike_G","Strike_G","Defend_G","Defend_G","Defend_G","Defend_G","Defend_G","Survivor","Neutralize","Dash+1","Glass Knife","Escape Plan","Cloak And Dagger","Bane+1","Poisoned Stab+1","Sucker Punch+1","Sucker Punch+1","Die Die Die+1","Shame","Clumsy","Regret","Well Laid Plans"],"relics":["Ring of the Snake","NeowsBlessing","Molten Egg 2","Art of War","Pantograph","Calling Bell","Potion Belt","Letter Opener","Peace Pipe"],"potions_floor_usage":[7,16,16],"damage_taken":[{"damage":0,"enemies":"Small Slimes","floor":1,"turns":1},{"damage":0,"enemies":"Cultist","floor":4,"turns":1},{"damage":0,"enemies":"Jaw Worm","floor":5,"turns":1},{"damage":30,"enemies":"Lagavulin","floor":7,"turns":7},{"damage":0,"enemies":"Blue Slaver","floor":11,"turns":4},{"damage":6,"enemies":"Lots of Slimes","floor":13,"turns":5},{"damage":0,"enemies":"Exordium Wildlife","floor":14,"turns":3},{"damage":49,"enemies":"Slime Boss","floor":16,"turns":10},{"damage":33,"enemies":"Spheric Guardian","floor":18,"turns":6},{"damage":23,"enemies":"Chosen","floor":19,"turns":3}],"seed_played":"6014050533223727109","potions_obtained":[{"floor":1,"key":"Swift Potion"},{"floor":3,"key":"SneckoOil"},{"floor":4,"key":"AttackPotion"},{"floor":13,"key":"Fire Potion"}],"is_trial":false,"path_per_floor":["M","$","?","M","M","R","E","?","T","R","M","?","M","M","R","B",null,"M","M"],"character_chosen":"THE_SILENT","items_purchased":["Glass Knife"],"campfire_rested":2,"item_purchase_floors":[2],"current_hp_per_floor":[59,59,59,59,59,59,29,3,3,22,22,22,16,16,35,11,52,19,0],"gold":234,"neow_bonus":"THREE_ENEMY_KILL","is_prod":false,"is_daily":false,"chose_seed":false,"campfire_upgraded":1,"win_rate":0,"timestamp":1565111041,"path_taken":["M","$","?","?","M","R","E","?","T","R","M","?","M","M","R","BOSS","M","?"],"build_version":"2019-07-17","purchased_purges":0,"victory":false,"max_hp_per_floor":[66,66,66,66,66,66,66,66,66,66,66,66,66,66,66,66,66,66,66],"card_choices":[{"not_picked":["Riddle With Holes","Deflect"],"picked":"Dash","floor":1},{"not_picked":["PiercingWail","Underhanded Strike"],"picked":"Escape Plan","floor":4},{"not_picked":["Outmaneuver","Infinite Blades"],"picked":"Cloak And Dagger","floor":5},{"not_picked":["Bouncing Flask","Deflect"],"picked":"Bane","floor":7},{"not_picked":["Outmaneuver","Infinite Blades"],"picked":"Poisoned Stab+1","floor":11},{"not_picked":["Underhanded Strike+1","Caltrops"],"picked":"Sucker Punch+1","floor":13},{"not_picked":["Quick Slash+1","Underhanded Strike+1"],"picked":"Sucker Punch+1","floor":14},{"not_picked":["Unload+1","Grand Finale+1"],"picked":"Die Die Die+1","floor":16},{"not_picked":["Infinite Blades","Escape Plan"],"picked":"Well Laid Plans","floor":18}],"player_experience":600552,"relics_obtained":[{"floor":7,"key":"Molten Egg 2"},{"floor":9,"key":"Pantograph"},{"floor":17,"key":"Potion Belt"},{"floor":17,"key":"Letter Opener"},{"floor":17,"key":"Peace Pipe"}],"event_choices":[{"damage_healed":0,"gold_gain":0,"player_choice":"Got Potions","damage_taken":0,"max_hp_gain":0,"max_hp_loss":0,"event_name":"Lab","floor":3,"gold_loss":0},{"damage_healed":0,"gold_gain":0,"player_choice":"Success","damage_taken":26,"relics_obtained":["Art of War"],"max_hp_gain":0,"max_hp_loss":0,"event_name":"Scrap Ooze","floor":8,"gold_loss":0},{"damage_healed":0,"gold_gain":0,"player_choice":"Leave","damage_taken":0,"max_hp_gain":0,"max_hp_loss":0,"event_name":"FaceTrader","floor":12,"gold_loss":0}],"is_beta":false,"boss_relics":[{"not_picked":["Tiny House","Velvet Choker"],"picked":"Calling Bell"}],"items_purged_floors":[],"is_endless":false,"potions_floor_spawned":[1,4,13],"killed_by":"Chosen","ascension_level":19}