{"path_per_floor":["M","M","$","M","M","R","E","R","T","M","?","M","M","T","R","B",null,"M","M","?","$","M","E","M","?","T","R","M","M","R","?","R","B",null,"M","?","M","M","M","E","T","?","T","$","R","M","R","M","R","B"],"character_chosen":"IRONCLAD","items_purchased":["Inflame","Mummified Hand","Master of Strategy","Singing Bowl"],"gold_per_floor":[114,129,54,69,84,84,114,114,139,154,104,119,134,134,134,234,234,249,264,179,3,18,48,63,63,88,88,103,118,118,118,118,218,218,233,233,248,263,278,308,308,558,583,1,1,16,16,31,31,31],"floor_reached":51,"campfire_rested":1,"playtime":3416,"current_hp_per_floor":[80,83,83,86,87,87,93,93,93,99,99,96,98,98,98,54,105,96,89,89,89,80,66,71,71,71,71,64,65,100,100,100,71,117,117,117,120,118,114,108,108,108,108,108,108,106,106,123,123,121],"items_purged":["Barricade","Berserk","Regret"],"gold":31,"score":853,"play_id":"d7018841-7883-4b09-a0a2-079a956286e7","local_time":"20180417021526","daily_mods":["Shiny","Time Dilation","Uncertain Future"],"is_prod":false,"is_daily":true,"chose_seed":false,"is_ascension_mode":false,"campfire_upgraded":8,"timestamp":1523898926,"path_taken":["M","M","$","M","M","R","E","R","T","M","?","?","M","?","R","BOSS","M","M","?","$","M","E","M","?","T","R","M","M","R","?","R","BOSS","M","?","M","M","M","E","?","?","T","$","R","M","R","M","R","BOSS"],"build_version":"2018-04-12","seed_source_timestamp":0,"purchased_purges":3,"victory":true,"master_deck":["Double Tap+1","Bludgeon","Impervious","Feed","Brutality+1","Limit Break+1","Reaper","Exhume+1","Offering+1","Fiend Fire","Dark Embrace+1","Immolate+1","Battle Trance","Blood for Blood","Warcry","Battle Trance","Warcry","Whirlwind","Intimidate","Impervious","Uppercut","Intimidate","Inflame","Rage+1","Clothesline+1","Armaments+1","Flex+1","Exhume","Immolate+1","Feel No Pain+1","Headbutt+1","Heavy Blade+1","True Grit+1","Fiend Fire+1","Master of Strategy","Thunderclap+1","Warcry+1"],"max_hp_per_floor":[80,83,83,86,89,89,99,99,99,99,99,102,102,102,102,105,105,105,108,108,108,111,111,114,114,114,114,114,117,117,117,117,117,117,117,117,120,120,123,123,123,123,123,123,123,123,123,123,123,123],"relics":["Burning Blood","Strawberry","Oddly Smooth Stone","Mercury Hourglass","Black Star","Molten Egg 2","Frozen Egg 2","Bottled Lightning","Juzu Bracelet","Mark of Pain","Ancient Tea Set","Bag of Marbles","The Courier","Anchor","Mummified Hand","Singing Bowl"],"card_choices":[{"not_picked":["Flame Barrier","Reckless Charge"],"picked":"Battle Trance","floor":1},{"not_picked":["Metallicize","Cleave"],"picked":"Blood for Blood","floor":2},{"not_picked":["Searing Blow","Reckless Charge"],"picked":"Warcry","floor":5},{"not_picked":["Uppercut","Clash"],"picked":"Battle Trance","floor":7},{"not_picked":["Uppercut","Carnage"],"picked":"Warcry","floor":10},{"not_picked":["Sentinel","Combust"],"picked":"Whirlwind","floor":12},{"not_picked":["Cleave","Metallicize"],"picked":"Intimidate","floor":13},{"not_picked":["Demon Form","Limit Break"],"picked":"Impervious","floor":16},{"not_picked":["Anger","Perfected Strike"],"picked":"Uppercut","floor":18},{"not_picked":["Pommel Strike","Ghostly Armor"],"picked":"Intimidate","floor":19},{"not_picked":["Perfected Strike","Body Slam"],"picked":"Rage","floor":22},{"not_picked":["Twin Strike","Entrench"],"picked":"Clothesline","floor":23},{"not_picked":["Warcry","Body Slam"],"picked":"Armaments","floor":24},{"not_picked":["Blood for Blood","Hemokinesis"],"picked":"Flex","floor":29},{"not_picked":["Bludgeon","Brutality"],"picked":"Immolate","floor":33},{"not_picked":["Clothesline","Flex"],"picked":"Feel No Pain","floor":35},{"not_picked":["Armaments","Shrug It Off"],"picked":"Headbutt","floor":37},{"not_picked":["Armaments","Reckless Charge"],"picked":"Heavy Blade","floor":38},{"not_picked":["Searing Blow","Perfected Strike"],"picked":"True Grit","floor":39},{"not_picked":["Second Wind","Dropkick"],"picked":"Fiend Fire","floor":40},{"not_picked":["Fire Breathing","Anger"],"picked":"Thunderclap","floor":46},{"not_picked":["Clothesline","Anger"],"picked":"Warcry","floor":48}],"player_experience":430992,"potions_floor_usage":[7,7,16,22,24,38,50,50,50],"damage_taken":[{"damage":4,"enemies":"Cultist","floor":1,"turns":2},{"damage":8,"enemies":"Small Slimes","floor":2,"turns":1},{"damage":4,"enemies":"Jaw Worm","floor":4,"turns":1},{"damage":8,"enemies":"2 Fungi Beasts","floor":5,"turns":1},{"damage":12,"enemies":"3 Sentries","floor":7,"turns":5},{"damage":0,"enemies":"Looter","floor":10,"turns":2},{"damage":16,"enemies":"Blue Slaver","floor":12,"turns":2},{"damage":4,"enemies":"3 Louse","floor":13,"turns":1},{"damage":59,"enemies":"The Guardian","floor":16,"turns":6},{"damage":15,"enemies":"Spheric Guardian","floor":18,"turns":3},{"damage":16,"enemies":"Shell Parasite","floor":19,"turns":4},{"damage":24,"enemies":"Centurion and Healer","floor":22,"turns":3},{"damage":20,"enemies":"Book of Stabbing","floor":23,"turns":4},{"damage":16,"enemies":"Chosen and Byrds","floor":24,"turns":3},{"damage":19,"enemies":"Snake Plant","floor":28,"turns":3},{"damage":8,"enemies":"Slaver and Parasite","floor":29,"turns":2},{"damage":35,"enemies":"Automaton","floor":33,"turns":6},{"damage":8,"enemies":"3 Shapes","floor":35,"turns":1},{"damage":11,"enemies":"Orb Walker","floor":37,"turns":4},{"damage":8,"enemies":"3 Darklings","floor":38,"turns":1},{"damage":13,"enemies":"Maw","floor":39,"turns":2},{"damage":12,"enemies":"2 Orb Walkers","floor":40,"turns":1},{"damage":8,"enemies":"4 Shapes","floor":46,"turns":1},{"damage":6,"enemies":"Sphere and 2 Shapes","floor":48,"turns":3},{"damage":16,"enemies":"Awakened One","floor":50,"turns":5}],"event_choices":[{"event_name":"The Cleric","player_choice":"Card Removal","floor":11,"damage_taken":0},{"event_name":"Addict","player_choice":"Obtained Relic","floor":20,"damage_taken":0},{"event_name":"Drug Dealer","player_choice":"Ignored","floor":25,"damage_taken":0},{"event_name":"The Library","player_choice":"Read","floor":31,"damage_taken":0},{"event_name":"Golden Shrine","player_choice":"Desecrate","floor":42,"damage_taken":0}],"boss_relics":[{"not_picked":["Tiny House","White Beast Statue"],"picked":"Black Star"},{"not_picked":["Snecko Eye","Orrery"],"picked":"Mark of Pain"}],"potions_floor_spawned":[1,2,7,12,13,18,19,33,37,39,40,46],"seed_played":"-1844585125611022648","ascension_level":0,"is_trial":false}