{"gold_per_floor":[364,380,380,394,183,203,203,231,254,254,268,268,268,281,281,410,410,430,444,274,274,290,290,90,90,90,90,90,129,129,163,163,163],"floor_reached":33,"playtime":753,"items_purged":["Pain","Strike_R","Strike_R"],"score":283,"play_id":"38ce7658-4942-4813-933f-da04f8eb8166","local_time":"20190806190529","is_ascension_mode":false,"campfire_choices":[{"data":"Inflame","floor":7.0,"key":"SMITH"},{"data":"Spot Weakness","floor":10.0,"key":"SMITH"},{"data":"Inflame","floor":15.0,"key":"SMITH"},{"data":"Heavy Blade","floor":23,"key":"SMITH"},{"data":"Inflame","floor":25,"key":"SMITH"},{"data":"Immolate","floor":30,"key":"SMITH"},{"floor":32,"key":"REST"}],"neow_cost":"CURSE","seed_source_timestamp":1347150675034,"circlet_count":0,"master_deck":["Strike_R","Defend_R","Defend_R","Defend_R","Bash+1","Thunderclap","Inflame+1","Dropkick","Twin Strike","Spot Weakness+1","Inflame+1","Heavy Blade","Sword Boomerang","Immolate+1","Heavy Blade+1","Inflame+1"],"special_seed":0,"relics":["Burning Blood","Bag of Marbles","Anchor","Golden Idol","Empty Cage","Singing Bowl","Orichalcum","Self Forming Clay"],"potions_floor_usage":[19,33],"damage_taken":[{"damage":10.0,"enemies":"2 Louse","floor":1.0,"turns":3.0},{"damage":4.0,"enemies":"Cultist","floor":2.0,"turns":3.0},{"damage":4.0,"enemies":"Jaw Worm","floor":4.0,"turns":3.0},{"damage":6.0,"enemies":"Lots of Slimes","floor":6.0,"turns":4.0},{"damage":8.0,"enemies":"Gremlin Nob","floor":8.0,"turns":4.0},{"damage":0.0,"enemies":"Red Slaver","floor":11.0,"turns":2.0},{"damage":0.0,"enemies":"Large Slime","floor":14.0,"turns":3.0},{"damage":26.0,"enemies":"The Guardian","floor":16.0,"turns":6.0},{"damage":0.0,"enemies":"Chosen","floor":18.0,"turns":2.0},{"damage":18,"enemies":"3 Byrds","floor":19,"turns":5},{"damage":0,"enemies":"Cultist and Chosen","floor":22,"turns":3},{"damage":32,"enemies":"Slavers","floor":29,"turns":3},{"damage":31,"enemies":"Book of Stabbing","floor":31,"turns":4},{"damage":72,"enemies":"Collector","floor":33,"turns":6}],"seed_played":"-2703881442994429180","potions_obtained":[{"floor":2.0,"key":"Fire Potion"},{"floor":4.0,"key":"Weak Potion"},{"floor":6.0,"key":"LiquidBronze"},{"floor":14.0,"key":"AttackPotion"},{"floor":29,"key":"FearPotion"}],"is_trial":false,"path_per_floor":["M","M","?","M","$","M","R","E","T","R","M","?","?","M","R","B",null,"M","M","$","?","M","R","$","R","T","$","?","E","R","E","R","B"],"character_chosen":"IRONCLAD","items_purchased":["Inflame","Dropkick","Immolate","Inflame"],"campfire_rested":1,"item_purchase_floors":[5,5,20,24],"current_hp_per_floor":[76,78,78,80,80,80,80,78,78,78,80,74,74,74,74,54,74,74,62,62,84,84,84,84,84,84,84,84,60,60,37,63,0],"gold":163,"neow_bonus":"TWO_FIFTY_GOLD","is_prod":false,"is_daily":false,"chose_seed":false,"campfire_upgraded":6,"win_rate":0,"timestamp":1565139929,"path_taken":["M","M","?","M","$","M","R","E","T","R","?","?","?","?","R","BOSS","M","M","$","?","?","R","$","R","T","?","?","E","R","E","R","BOSS"],"build_version":"2019-07-17","purchased_purges":3,"victory":false,"max_hp_per_floor":[80,80,80,80,80,80,80,80,80,80,80,74,74,74,74,74,74,74,74,74,84,84,84,84,84,84,84,84,86,86,88,88,88],"card_choices":[{"not_picked":["Seeing Red","Evolve"],"picked":"Thunderclap","floor":1.0},{"not_picked":["Armaments","Havoc","Perfected Strike"],"picked":"SKIP","floor":2.0},{"not_picked":["Rage","Warcry","Anger"],"picked":"SKIP","floor":4.0},{"not_picked":["Clash","Iron Wave"],"picked":"Twin Strike","floor":6.0},{"not_picked":["Seeing Red","Spot Weakness","Warcry"],"picked":"SKIP","floor":8.0},{"not_picked":["Seeing Red","Spot Weakness","Warcry"],"picked":"SKIP","floor":8.0},{"not_picked":["Seeing Red","Warcry"],"picked":"Spot Weakness","floor":8.0},{"not_picked":["Perfected Strike","Metallicize"],"picked":"Inflame","floor":11.0},{"not_picked":["Spot Weakness","Havoc","Ghostly Armor"],"picked":"SKIP","floor":14.0},{"not_picked":["Dark Embrace","Impervious"],"picked":"Demon Form","floor":16.0},{"not_picked":["Shrug It Off","Sever Soul","Armaments"],"picked":"SKIP","floor":18.0},{"not_picked":["Shrug It Off","Twin Strike"],"picked":"Sword Boomerang","floor":19},{"not_picked":["Headbutt","Second Wind"],"picked":"Heavy Blade","floor":22},{"not_picked":["Sword Boomerang","Impervious","Rupture"],"picked":"Singing Bowl","floor":29},{"not_picked":["Thunderclap","Flame Barrier","Twin Strike"],"picked":"Singing Bowl","floor":31}],"player_experience":1643161,"relics_obtained":[{"floor":8.0,"key":"Bag of Marbles"},{"floor":9.0,"key":"Anchor"},{"floor":26,"key":"Singing Bowl"},{"floor":29,"key":"Orichalcum"},{"floor":31,"key":"Self Forming Clay"}],"event_choices":[{"damage_healed":0.0,"max_hp_gain":0.0,"max_hp_loss":0.0,"gold_gain":0.0,"event_name":"Upgrade Shrine","player_choice":"Upgraded","floor":3.0,"gold_loss":0.0,"damage_taken":0.0,"cards_upgraded":["Bash"]},{"damage_healed":0.0,"max_hp_gain":0.0,"max_hp_loss":6.0,"gold_gain":0.0,"event_name":"Golden Idol","player_choice":"Lose Max HP","floor":12.0,"gold_loss":0.0,"damage_taken":0.0,"relics_obtained":["Golden Idol"]},{"damage_healed":0.0,"max_hp_gain":0.0,"max_hp_loss":0.0,"gold_gain":0.0,"cards_transformed":["Strike_R"],"event_name":"Transmorgrifier","player_choice":"Transformed","floor":13.0,"gold_loss":0.0,"damage_taken":0.0,"cards_obtained":["Heavy Blade"]},{"cards_removed":["Demon Form"],"damage_healed":12,"gold_gain":0,"player_choice":"Offered Rare","damage_taken":0,"max_hp_gain":10,"max_hp_loss":0,"event_name":"Bonfire Elementals","floor":21,"gold_loss":0},{"damage_healed":0,"gold_gain":0,"player_choice":"Ignored","damage_taken":0,"max_hp_gain":0,"max_hp_loss":0,"event_name":"Vampires","floor":28,"gold_loss":0}],"is_beta":false,"boss_relics":[{"not_picked":["Runic Pyramid","Calling Bell"],"picked":"Empty Cage"}],"items_purged_floors":[5,20,24],"is_endless":false,"potions_floor_spawned":[2,4,6,14,29],"killed_by":"Collector","ascension_level":0}