{"gold_per_floor":[19,34,47,58,78,106,106,136,161,161,193,205,205,238,238,357,357,382,395,411,20,35,71,71,71,71,71,91,104,104,104,104,223,223,243,14,27,47,71,102,17,41,41,57,57,57,77,98,98,98],"floor_reached":51,"playtime":3582,"items_purged":[],"score":829,"play_id":"e6c201e4-ec0a-4709-ae13-e24e7346f378","local_time":"20190822113458","is_ascension_mode":true,"campfire_choices":[{"floor":7,"key":"REST"},{"data":"Entrench","floor":10,"key":"SMITH"},{"floor":15,"key":"REST"},{"floor":25,"key":"REST"},{"data":"Juggernaut","floor":30,"key":"SMITH"},{"floor":32,"key":"REST"},{"floor":46,"key":"RECALL"},{"floor":49,"key":"REST"}],"neow_cost":"NO_GOLD","seed_source_timestamp":219815230956300,"circlet_count":0,"master_deck":["Defend_R+1","Defend_R+1","Defend_R+1","Defend_R+1","Bash","Impervious","Headbutt","Carnage","Body Slam","Spot Weakness","Metallicize","Entrench+1","Iron Wave","Bloodletting","Combust","Headbutt","Juggernaut+1","Rage+1","Cleave+1","Combust","Impervious","Shrug It Off","Wild Strike+1","Immolate","Doubt","Bite","Bite","Bite","Bite","Bite","Shockwave+1","Rupture+1","Necronomicurse","Reaper","Warcry+1","Evolve","Metallicize+1","Power Through+1","Parasite","Wild Strike+1","Whirlwind","Panacea","Shrug It Off","Normality","Combust","Uppercut+1","Body Slam+1"],"relics":["Burning Blood","Bottled Tornado","Happy Flower","Lantern","Golden Idol","Strawberry","Cursed Key","Oddly Smooth Stone","Shuriken","PreservedInsect","Necronomicon","Mark of Pain","Bronze Scales","Self Forming Clay"],"potions_floor_usage":[6,8,11,16,23,33,33,40,42,48,48,50],"damage_taken":[{"damage":6,"enemies":"2 Louse","floor":1,"turns":3},{"damage":10,"enemies":"Small Slimes","floor":2,"turns":3},{"damage":4,"enemies":"Jaw Worm","floor":3,"turns":3},{"damage":0,"enemies":"Large Slime","floor":4,"turns":3},{"damage":17,"enemies":"Looter","floor":5,"turns":3},{"damage":27,"enemies":"3 Sentries","floor":6,"turns":8},{"damage":22,"enemies":"Gremlin Nob","floor":8,"turns":4},{"damage":11,"enemies":"3 Sentries","floor":11,"turns":3},{"damage":3,"enemies":"3 Louse","floor":12,"turns":3},{"damage":24,"enemies":"Lagavulin","floor":14,"turns":6},{"damage":39,"enemies":"The Guardian","floor":16,"turns":8},{"damage":15,"enemies":"3 Byrds","floor":18,"turns":5},{"damage":7,"enemies":"Chosen","floor":19,"turns":4},{"damage":6,"enemies":"Snecko","floor":20,"turns":5},{"damage":20,"enemies":"Snake Plant","floor":22,"turns":4},{"damage":52,"enemies":"Slavers","floor":23,"turns":7},{"damage":8,"enemies":"Cultist and Chosen","floor":28,"turns":5},{"damage":3,"enemies":"Snecko","floor":29,"turns":4},{"damage":20,"enemies":"Champ","floor":33,"turns":6},{"damage":4,"enemies":"Orb Walker","floor":35,"turns":3},{"damage":16,"enemies":"3 Shapes","floor":37,"turns":1},{"damage":42,"enemies":"Spire Growth","floor":38,"turns":6},{"damage":4,"enemies":"Writhing Mass","floor":39,"turns":3},{"damage":15,"enemies":"Reptomancer","floor":40,"turns":2},{"damage":5,"enemies":"Sphere and 2 Shapes","floor":42,"turns":5},{"damage":10,"enemies":"3 Darklings","floor":44,"turns":3},{"damage":0,"enemies":"Jaw Worm Horde","floor":47,"turns":2},{"damage":27,"enemies":"Writhing Mass","floor":48,"turns":5},{"damage":80,"enemies":"Time Eater","floor":50,"turns":10}],"seed_played":"6581664533585121802","potions_obtained":[{"floor":1,"key":"PowerPotion"},{"floor":5,"key":"SkillPotion"},{"floor":8,"key":"AttackPotion"},{"floor":14,"key":"GamblersBrew"},{"floor":16,"key":"SteroidPotion"},{"floor":20,"key":"Poison Potion"},{"floor":23,"key":"AttackPotion"},{"floor":33,"key":"Fire Potion"},{"floor":35,"key":"Strength Potion"},{"floor":38,"key":"LiquidBronze"},{"floor":44,"key":"Block Potion"},{"floor":47,"key":"Fruit Juice"}],"is_trial":false,"path_per_floor":["M","M","M","M","M","E","R","E","T","R","E","M","?","E","R","B",null,"M","M","M","$","M","E","?","R","T","?","M","M","R","?","R","B",null,"M","$","M","M","M","E","$","M","T","M","?","R","M","M","R","B",null],"character_chosen":"IRONCLAD","items_purchased":["Oddly Smooth Stone","Impervious","Shrug It Off","Heavy Blade","Evolve","Bronze Scales","Panacea"],"campfire_rested":5,"item_purchase_floors":[21,21,21,21,36,36,41],"current_hp_per_floor":[80,76,78,80,69,48,72,56,56,56,53,58,58,49,73,42,81,72,73,75,75,63,19,19,43,43,43,47,54,54,38,62,54,81,81,81,75,47,49,44,44,51,51,47,47,47,57,51,76,10],"gold":98,"neow_bonus":"THREE_RARE_CARDS","is_prod":false,"is_daily":false,"chose_seed":false,"campfire_upgraded":2,"win_rate":0,"timestamp":1566498898,"path_taken":["M","M","M","M","M","E","R","E","T","R","E","M","?","E","R","BOSS","M","M","M","$","M","E","?","R","T","?","M","M","R","?","R","BOSS","M","$","M","M","M","E","$","M","T","M","?","R","M","M","R","BOSS"],"build_version":"2019-07-17","purchased_purges":0,"victory":true,"max_hp_per_floor":[80,80,80,80,80,80,80,80,80,80,80,80,74,81,81,81,81,81,81,81,81,81,81,81,81,81,81,81,81,81,81,81,81,81,81,81,81,81,81,81,81,81,81,81,81,81,81,86,86,86],"card_choices":[{"not_picked":["Juggernaut","Limit Break"],"picked":"Impervious","floor":0},{"not_picked":["Fire Breathing","Heavy Blade"],"picked":"Headbutt","floor":1},{"not_picked":["Headbutt","Havoc"],"picked":"Carnage","floor":2},{"not_picked":["Thunderclap","Fire Breathing"],"picked":"Body Slam","floor":3},{"not_picked":["Sever Soul","Flex"],"picked":"Spot Weakness","floor":4},{"not_picked":["Shrug It Off","Perfected Strike"],"picked":"Metallicize","floor":5},{"not_picked":["Havoc","Carnage"],"picked":"Entrench","floor":6},{"not_picked":["Feed","Thunderclap"],"picked":"Iron Wave","floor":8},{"not_picked":["Cleave","Havoc"],"picked":"Bloodletting","floor":11},{"not_picked":["Perfected Strike","Sever Soul"],"picked":"Combust","floor":12},{"not_picked":["Pommel Strike","Limit Break"],"picked":"Headbutt","floor":14},{"not_picked":["Double Tap","Exhume"],"picked":"Juggernaut","floor":16},{"not_picked":["Wild Strike","Burning Pact+1"],"picked":"Rage+1","floor":18},{"not_picked":["Armaments","Clash"],"picked":"Cleave+1","floor":19},{"not_picked":["Hemokinesis","Second Wind"],"picked":"Combust","floor":20},{"not_picked":["Feel No Pain","Headbutt"],"picked":"Wild Strike+1","floor":22},{"not_picked":["Flex","Blood for Blood"],"picked":"Immolate","floor":23},{"not_picked":["Power Through","Headbutt"],"picked":"Shockwave+1","floor":28},{"not_picked":["Havoc","Warcry"],"picked":"Rupture+1","floor":29},{"not_picked":["Berserk","Fiend Fire"],"picked":"Reaper","floor":33},{"not_picked":["Flex","Body Slam+1"],"picked":"Warcry+1","floor":35},{"not_picked":["Battle Trance+1","True Grit"],"picked":"Metallicize+1","floor":37},{"not_picked":["Battle Trance+1","Inflame"],"picked":"Power Through+1","floor":38},{"not_picked":["Pommel Strike+1","Pummel+1"],"picked":"Wild Strike+1","floor":39},{"not_picked":["Offering","Iron Wave"],"picked":"Whirlwind","floor":40},{"not_picked":["Burning Pact+1","Flex+1"],"picked":"Shrug It Off","floor":42},{"not_picked":["Anger+1","Clothesline"],"picked":"Combust","floor":44},{"not_picked":["Blood for Blood","Perfected Strike"],"picked":"Uppercut+1","floor":47},{"not_picked":["Headbutt+1","Fire Breathing"],"picked":"Body Slam+1","floor":48}],"player_experience":62301,"relics_obtained":[{"floor":6,"key":"Bottled Tornado"},{"floor":8,"key":"Blood Vial"},{"floor":9,"key":"Happy Flower"},{"floor":11,"key":"Lantern"},{"floor":14,"key":"Strawberry"},{"floor":23,"key":"Shuriken"},{"floor":26,"key":"PreservedInsect"},{"floor":31,"key":"Necronomicon"},{"floor":40,"key":"Self Forming Clay"}],"event_choices":[{"damage_healed":0,"gold_gain":0,"player_choice":"Lose Max HP","damage_taken":0,"relics_obtained":["Golden Idol"],"max_hp_gain":0,"max_hp_loss":6,"event_name":"Golden Idol","floor":13,"gold_loss":0},{"damage_healed":0,"gold_gain":0,"player_choice":"Simplicity","damage_taken":0,"max_hp_gain":0,"max_hp_loss":0,"event_name":"Back to Basics","floor":24,"gold_loss":0,"cards_upgraded":["Strike_R","Strike_R","Strike_R","Strike_R","Strike_R","Defend_R","Defend_R","Defend_R","Defend_R"]},{"damage_healed":0,"gold_gain":0,"player_choice":"Became a vampire (Vial)","damage_taken":0,"max_hp_gain":0,"max_hp_loss":0,"event_name":"Vampires","floor":27,"relics_lost":["Blood Vial"],"gold_loss":0,"cards_obtained":["Bite","Bite","Bite","Bite","Bite"]},{"damage_healed":0,"gold_gain":0,"player_choice":"Obtained Book","damage_taken":16,"max_hp_gain":0,"max_hp_loss":0,"event_name":"Cursed Tome","floor":31,"gold_loss":0},{"cards_removed":["Heavy Blade"],"damage_healed":0,"gold_gain":0,"player_choice":"Removed Attack","damage_taken":0,"max_hp_gain":0,"max_hp_loss":0,"event_name":"Falling","floor":45,"gold_loss":0}],"is_beta":false,"boss_relics":[{"not_picked":["Tiny House","White Beast Statue"],"picked":"Cursed Key"},{"not_picked":["Black Blood","Astrolabe"],"picked":"Mark of Pain"}],"items_purged_floors":[],"is_endless":false,"potions_floor_spawned":[1,5,8,14,16,20,23,33,35,38,44,47],"ascension_level":2}