{"gold_per_floor":[109,8,8,8,25,50,50,84,108,124,142,142,142,161,161,258,258,276,351,369,380,251,251,102,102,156,173,173,188,208,285,285,386,386,402,402,421,441,316,316,316,98,98,98,116,135,135,135,135,135],"floor_reached":51,"playtime":3191,"items_purged":["Strike_B","Defend_B","Defend_B","Strike_B"],"score":892,"play_id":"8bec7216-d12f-44f6-b6a2-e6b01e2d9e48","local_time":"20190723145910","is_ascension_mode":true,"campfire_choices":[{"floor":7,"key":"REST"},{"data":"Zap","floor":13,"key":"SMITH"},{"data":"Fission","floor":15,"key":"SMITH"},{"data":"Seek","floor":23,"key":"SMITH"},{"data":"Dualcast","floor":25,"key":"SMITH"},{"data":"Undo","floor":28,"key":"SMITH"},{"floor":32,"key":"REST"},{"data":"Go for the Eyes","floor":40,"key":"SMITH"},{"data":"Defragment","floor":44,"key":"SMITH"},{"data":"Consume","floor":47,"key":"SMITH"},{"floor":49,"key":"RECALL"}],"neow_cost":"NONE","seed_source_timestamp":349899452883700,"circlet_count":0,"master_deck":["Strike_B+1","Defend_B+1","Defend_B+1","Zap+1","Dualcast+1","Undo+1","Self Repair+1","Conserve Battery+1","Lockon+1","Consume+1","Leap+1","FTL+1","FTL+1","Fission+1","Seek+1","Conserve Battery+1","FTL+1","Barrage+1","Conserve Battery+1","Cold Snap+1","Conserve Battery+1","Go for the Eyes+1","Self Repair+1","Machine Learning+1","Barrage+1","Cold Snap+1","Defragment+1","Chill+1","Skim+1"],"relics":["Cracked Core","NeowsBlessing","Bronze Scales","Letter Opener","Darkstone Periapt","Singing Bowl","Strawberry","Inserter","Regal Pillow","Tiny Chest","Coffee Dripper","Pen Nib","Mark of the Bloom"],"potions_floor_usage":[8,16,18,29,33,38,50],"damage_taken":[{"damage":0,"enemies":"2 Louse","floor":1,"turns":1},{"damage":0,"enemies":"Jaw Worm","floor":5,"turns":1},{"damage":0,"enemies":"Gremlin Nob","floor":6,"turns":1},{"damage":20,"enemies":"Lagavulin","floor":8,"turns":7},{"damage":2,"enemies":"Cultist","floor":10,"turns":3},{"damage":10,"enemies":"Exordium Thugs","floor":11,"turns":4},{"damage":8,"enemies":"Large Slime","floor":14,"turns":5},{"damage":0,"enemies":"The Guardian","floor":16,"turns":11},{"damage":1,"enemies":"Spheric Guardian","floor":18,"turns":4},{"damage":18,"enemies":"Shell Parasite","floor":20,"turns":8},{"damage":16,"enemies":"3 Cultists","floor":21,"turns":6},{"damage":18,"enemies":"Centurion and Healer","floor":27,"turns":7},{"damage":14,"enemies":"Snecko","floor":29,"turns":7},{"damage":14,"enemies":"Snake Plant","floor":30,"turns":5},{"damage":12,"enemies":"Champ","floor":33,"turns":15},{"damage":2,"enemies":"3 Shapes","floor":35,"turns":5},{"damage":4,"enemies":"Orb Walker","floor":37,"turns":3},{"damage":12,"enemies":"Sphere and 2 Shapes","floor":38,"turns":7},{"damage":22,"enemies":"Maw","floor":45,"turns":8},{"damage":5,"enemies":"Writhing Mass","floor":46,"turns":8},{"damage":0,"enemies":"Donu and Deca","floor":50,"turns":10}],"seed_played":"-6189452982349913288","potions_obtained":[{"floor":6,"key":"Poison Potion"},{"floor":8,"key":"Strength Potion"},{"floor":14,"key":"SpeedPotion"},{"floor":20,"key":"Energy Potion"},{"floor":27,"key":"AttackPotion"},{"floor":29,"key":"Weak Potion"},{"floor":33,"key":"Fire Potion"},{"floor":37,"key":"AttackPotion"},{"floor":45,"key":"EssenceOfSteel"}],"is_trial":false,"path_per_floor":["M","$","?","?","M","E","R","E","T","M","M","?","R","M","R","B",null,"M","?","M","M","$","R","$","R","T","M","R","M","M","T","R","B",null,"M","?","M","M","$","R","?","$","T","R","M","M","R","?","R","B",null],"character_chosen":"DEFECT","items_purchased":["Self Repair","Conserve Battery","Conserve Battery","Cold Snap","Defragment"],"campfire_rested":2,"item_purchase_floors":[2,2,22,24,42],"current_hp_per_floor":[75,75,75,42,42,42,64,51,58,63,53,46,46,38,38,45,82,82,74,63,54,54,54,54,54,54,43,43,36,29,29,68,73,82,84,84,84,86,86,86,86,86,86,86,81,86,86,86,86,86],"gold":135,"neow_bonus":"THREE_ENEMY_KILL","is_prod":false,"is_daily":false,"chose_seed":false,"campfire_upgraded":8,"win_rate":0,"timestamp":1563861550,"path_taken":["M","$","?","?","M","E","R","E","T","M","M","?","R","?","R","BOSS","M","?","?","M","$","R","$","R","T","M","R","M","M","?","R","BOSS","M","?","?","M","$","R","?","$","T","R","M","M","R","?","R","BOSS"],"build_version":"2019-07-17","purchased_purges":4,"victory":true,"max_hp_per_floor":[75,75,75,75,75,75,75,75,82,82,82,82,82,82,82,82,82,82,82,82,82,82,82,82,82,82,82,82,82,82,82,82,82,82,84,84,84,86,86,86,86,86,86,86,86,86,86,86,86,86],"card_choices":[{"not_picked":["Rebound","Aggregate"],"picked":"Undo","floor":1},{"not_picked":["Hologram","Sweeping Beam"],"picked":"Lockon","floor":5},{"not_picked":["Static Discharge","Hologram"],"picked":"Consume","floor":6},{"not_picked":["Barrage","Redo"],"picked":"Leap","floor":8},{"not_picked":["Coolheaded","Barrage"],"picked":"FTL","floor":10},{"not_picked":["Lockon","Redo"],"picked":"FTL","floor":11},{"not_picked":["Doom and Gloom","Coolheaded"],"picked":"Fission","floor":14},{"not_picked":["Machine Learning","Multi-Cast"],"picked":"Seek","floor":16},{"not_picked":["Blizzard","Capacitor+1"],"picked":"Conserve Battery","floor":18},{"not_picked":["Sweeping Beam","Streamline"],"picked":"FTL+1","floor":20},{"not_picked":["Conserve Battery","Loop"],"picked":"Barrage+1","floor":21},{"not_picked":["Aggregate","Compile Driver"],"picked":"Conserve Battery","floor":27},{"not_picked":["Heatsinks","Aggregate"],"picked":"Go for the Eyes","floor":29},{"not_picked":["Auto Shields","Leap"],"picked":"Self Repair+1","floor":30},{"not_picked":["Echo Form","Thunder Strike"],"picked":"Machine Learning","floor":33},{"not_picked":["Steam+1","Lockon+1","Beam Cell"],"picked":"Singing Bowl","floor":35},{"not_picked":["Redo+1","Leap"],"picked":"Cold Snap+1","floor":37},{"not_picked":["Stack","Compile Driver","Storm"],"picked":"Singing Bowl","floor":38},{"not_picked":["Aggregate+1","Stack"],"picked":"Chill","floor":45},{"not_picked":["Redo+1","Genetic Algorithm+1"],"picked":"Skim+1","floor":46}],"player_experience":426958,"relics_obtained":[{"floor":6,"key":"Darkstone Periapt"},{"floor":8,"key":"Singing Bowl"},{"floor":9,"key":"Strawberry"},{"floor":26,"key":"Regal Pillow"},{"floor":31,"key":"Tiny Chest"},{"floor":43,"key":"Pen Nib"}],"event_choices":[{"damage_healed":0,"gold_gain":0,"player_choice":"Box","damage_taken":0,"relics_obtained":["Bronze Scales"],"max_hp_gain":0,"max_hp_loss":0,"event_name":"Big Fish","floor":3,"gold_loss":0,"cards_obtained":["Regret"]},{"damage_healed":0,"gold_gain":0,"player_choice":"Success","damage_taken":33,"relics_obtained":["Letter Opener"],"max_hp_gain":0,"max_hp_loss":0,"event_name":"Scrap Ooze","floor":4,"gold_loss":0},{"cards_removed":["Regret"],"damage_healed":0,"gold_gain":0,"player_choice":"Card Removal","damage_taken":7,"max_hp_gain":0,"max_hp_loss":0,"event_name":"Golden Wing","floor":12,"gold_loss":0},{"damage_healed":0,"gold_gain":75,"player_choice":"Touch","damage_taken":8,"max_hp_gain":0,"max_hp_loss":0,"event_name":"FaceTrader","floor":19,"gold_loss":0},{"damage_healed":0,"gold_gain":0,"cards_transformed":["Strike_B"],"player_choice":"Transformed","damage_taken":0,"max_hp_gain":0,"max_hp_loss":0,"event_name":"Transmorgrifier","floor":36,"gold_loss":0,"cards_obtained":["Barrage"]},{"damage_healed":0,"gold_gain":0,"player_choice":"Ignored","damage_taken":0,"max_hp_gain":0,"max_hp_loss":0,"event_name":"Mysterious Sphere","floor":41,"gold_loss":0},{"damage_healed":0,"gold_gain":0,"player_choice":"Upgrade","damage_taken":0,"relics_obtained":["Mark of the Bloom"],"max_hp_gain":0,"max_hp_loss":0,"event_name":"MindBloom","floor":48,"gold_loss":0,"cards_upgraded":["Strike_B","Defend_B","Defend_B","Self Repair","Conserve Battery","Lockon","Leap","FTL","FTL","Conserve Battery","Conserve Battery","Cold Snap","Conserve Battery","Machine Learning","Barrage","Chill"]}],"is_beta":false,"boss_relics":[{"not_picked":["Busted Crown","Astrolabe"],"picked":"Inserter"},{"not_picked":["Orrery","Runic Dome"],"picked":"Coffee Dripper"}],"items_purged_floors":[22,24,39,42],"is_endless":false,"potions_floor_spawned":[6,8,14,20,27,29,33,37,45],"ascension_level":3}