{"gold_per_floor":[12,24,42,53,0,0,27,27,51,81,81,81,115,137,149,232,244,267,293,305,242,254,266,289,301,313,87,106,139,139,64,64,64],"floor_reached":33,"playtime":2511,"items_purged":["Strike_B"],"score":491,"play_id":"91e4ef64-2028-46d4-a837-f76d275688bb","local_time":"20190820231338","is_ascension_mode":true,"campfire_choices":[{"data":"Zap","floor":6,"key":"SMITH"},{"data":"Chaos","floor":8,"key":"SMITH"},{"floor":11,"key":"REST"},{"data":"Coolheaded","floor":15,"key":"SMITH"},{"floor":23,"key":"REST"},{"floor":25,"key":"REST"},{"floor":32,"key":"REST"}],"neow_cost":"NO_GOLD","seed_source_timestamp":517089340004800,"circlet_count":0,"master_deck":["AscendersBane","Strike_B","Strike_B","Defend_B","Defend_B","Defend_B","Defend_B","Zap+1","Dualcast","Glacier","Glacier","Streamline","Coolheaded+1","Chaos+1","Chill","Seek","Go for the Eyes+1","Chill","Machine Learning","Undo","Machine Learning+1"],"relics":["Cracked Core","Omamori","Potion Belt","Odd Mushroom","MawBank","Fusion Hammer","Shuriken","Frozen Egg 2"],"potions_floor_usage":[3,7,16,28,29,29,33],"damage_taken":[{"damage":2,"enemies":"Jaw Worm","floor":1,"turns":3},{"damage":5,"enemies":"2 Louse","floor":2,"turns":4},{"damage":2,"enemies":"Small Slimes","floor":3,"turns":4},{"damage":3,"enemies":"Blue Slaver","floor":4,"turns":4},{"damage":21,"enemies":"Gremlin Nob","floor":7,"turns":4},{"damage":10,"enemies":"The Mushroom Lair","floor":10,"turns":5},{"damage":1,"enemies":"3 Sentries","floor":13,"turns":11},{"damage":1,"enemies":"Exordium Wildlife","floor":14,"turns":5},{"damage":5,"enemies":"The Guardian","floor":16,"turns":13},{"damage":6,"enemies":"3 Byrds","floor":18,"turns":6},{"damage":9,"enemies":"Spheric Guardian","floor":19,"turns":5},{"damage":12,"enemies":"Shelled Parasite and Fungi","floor":24,"turns":13},{"damage":10,"enemies":"3 Cultists","floor":28,"turns":6},{"damage":69,"enemies":"Gremlin Leader","floor":29,"turns":8},{"damage":59,"enemies":"Automaton","floor":33,"turns":16}],"seed_played":"8025256636706642277","potions_obtained":[{"floor":1,"key":"SkillPotion"},{"floor":4,"key":"SpeedPotion"},{"floor":10,"key":"SteroidPotion"},{"floor":13,"key":"PowerPotion"},{"floor":24,"key":"Poison Potion"},{"floor":28,"key":"AttackPotion"},{"floor":29,"key":"Fire Potion"}],"is_trial":false,"path_per_floor":["M","M","M","M","$","R","E","R","T","?","R","$","E","M","R","B",null,"M","M","?","?","$","R","M","R","T","$","M","E","?","$","R","B"],"character_chosen":"DEFECT","items_purchased":["Fire Potion","Machine Learning","Machine Learning+1"],"campfire_rested":4,"item_purchase_floors":[5,27,31],"current_hp_per_floor":[76,71,69,66,66,66,45,45,45,35,60,60,59,58,58,53,77,71,62,62,62,62,85,73,85,85,85,75,6,23,23,48,0],"gold":64,"neow_bonus":"TWENTY_PERCENT_HP_BONUS","is_prod":false,"is_daily":false,"chose_seed":false,"campfire_upgraded":3,"win_rate":0,"timestamp":1566310418,"path_taken":["M","M","M","M","$","R","E","R","T","?","R","$","E","M","R","BOSS","M","M","?","?","?","R","M","R","T","$","M","E","?","$","R","BOSS"],"build_version":"2019-07-17","purchased_purges":1,"victory":false,"max_hp_per_floor":[85,85,85,85,85,85,85,85,85,85,85,85,85,85,85,85,85,85,85,85,85,85,85,85,85,85,85,85,85,85,85,85,85],"card_choices":[{"not_picked":["Recycle","Self Repair"],"picked":"Glacier","floor":1},{"not_picked":["Turbo","Beam Cell"],"picked":"Glacier","floor":2},{"not_picked":["Beam Cell","Steam"],"picked":"Streamline","floor":3},{"not_picked":["Hologram","Beam Cell"],"picked":"Coolheaded","floor":4},{"not_picked":["Streamline","Rebound"],"picked":"Chaos","floor":7},{"not_picked":["Rainbow","Coolheaded","Steam Power"],"picked":"SKIP","floor":13},{"not_picked":["Scrape","Compile Driver"],"picked":"Chill","floor":14},{"not_picked":["Biased Cognition","Meteor Strike"],"picked":"Seek","floor":16},{"not_picked":["Genetic Algorithm","Gash"],"picked":"Go for the Eyes+1","floor":18},{"not_picked":["FTL","Steam"],"picked":"Chill","floor":19},{"not_picked":["Streamline","Conserve Battery","Cold Snap"],"picked":"SKIP","floor":24},{"not_picked":["Beam Cell","Barrage"],"picked":"Undo","floor":28},{"not_picked":["Force Field","Scrape","Fusion"],"picked":"SKIP","floor":29}],"player_experience":725104,"relics_obtained":[{"floor":7,"key":"Omamori"},{"floor":9,"key":"Potion Belt"},{"floor":10,"key":"Odd Mushroom"},{"floor":13,"key":"MawBank"},{"floor":26,"key":"Shuriken"},{"floor":29,"key":"Frozen Egg 2"}],"event_choices":[{"damage_healed":0,"gold_gain":0,"player_choice":"Fought Mushrooms","damage_taken":0,"max_hp_gain":0,"max_hp_loss":0,"event_name":"Mushrooms","floor":10,"gold_loss":0},{"damage_healed":0,"gold_gain":0,"player_choice":"Smashed Altar","damage_taken":0,"max_hp_gain":0,"max_hp_loss":0,"event_name":"Forgotten Altar","floor":20,"gold_loss":0,"cards_obtained":["Decay"]},{"cards_removed":["Strike_B"],"damage_healed":0,"gold_gain":0,"player_choice":"Gave Gold","damage_taken":0,"max_hp_gain":0,"max_hp_loss":0,"event_name":"Beggar","floor":21,"gold_loss":75},{"damage_healed":17,"gold_gain":0,"player_choice":"Heal","damage_taken":0,"max_hp_gain":0,"max_hp_loss":0,"event_name":"The Library","floor":30,"gold_loss":0}],"is_beta":false,"boss_relics":[{"not_picked":["Eternal Feather","Lizard Tail"],"picked":"Fusion Hammer"}],"items_purged_floors":[27],"is_endless":false,"potions_floor_spawned":[1,4,10,13,24,28,29],"killed_by":"Automaton","ascension_level":16}