{"path_per_floor":["M","M","$","?","M","R","M","R","T","E","$","E","R","?","R"],"character_chosen":"THE_SILENT","items_purchased":["Strawberry","Crippling Poison"],"gold_per_floor":[118,128,53,128,148,148,168,168,195,225,0,25,25,25,25,25],"floor_reached":16,"campfire_rested":2,"playtime":745,"current_hp_per_floor":[63,63,63,52,52,52,52,52,52,36,43,26,49,30,53,0],"items_purged":["Strike_G"],"gold":25,"score":162,"play_id":"45b1ae66-8655-4667-bb7e-2cb5bd0f90e6","local_time":"20180415224425","is_prod":false,"is_daily":false,"chose_seed":false,"is_ascension_mode":true,"campfire_upgraded":2,"timestamp":1523799865,"path_taken":["M","M","$","?","M","R","M","R","T","E","$","E","R","?","R","BOSS"],"build_version":"2018-04-12","seed_source_timestamp":303813240304223,"purchased_purges":1,"victory":false,"master_deck":["Defend_G","Defend_G","Defend_G","Defend_G","Defend_G","Strike_G","Strike_G","Strike_G","Strike_G","Survivor","Neutralize+1","AscendersBane","Calculated Gamble+1","Dagger Throw","Sucker Punch","Riddle With Holes","Acrobatics","Crippling Poison","Cloak And Dagger","Underhanded Strike","Dagger Spray"],"max_hp_per_floor":[70,70,70,70,70,70,70,70,70,70,77,77,77,77,77,77],"relics":["Ring of the Snake","Bronze Scales","Pen Nib","Dream Catcher","Strawberry","Girya","Golden Idol"],"card_choices":[{"not_picked":["Eviscerate","Underhanded Strike"],"picked":"Calculated Gamble","floor":1},{"not_picked":["Quick Slash","Outmaneuver"],"picked":"Dagger Throw","floor":2},{"not_picked":["Deadly Poison","Choke"],"picked":"Sucker Punch","floor":5},{"not_picked":["Underhanded Strike","Flying Knee"],"picked":"Riddle With Holes","floor":7},{"not_picked":["Underhanded Strike","Skewer"],"picked":"Acrobatics","floor":10},{"not_picked":["Acrobatics","PiercingWail"],"picked":"Cloak And Dagger","floor":12},{"not_picked":["Quick Slash","Flechettes"],"picked":"Underhanded Strike","floor":13},{"not_picked":["Skewer","Caltrops"],"picked":"Dagger Spray","floor":15}],"player_experience":423271,"potions_floor_usage":[10,12],"damage_taken":[{"damage":0,"enemies":"2 Louse","floor":1,"turns":3},{"damage":0,"enemies":"Jaw Worm","floor":2,"turns":4},{"damage":0,"enemies":"Cultist","floor":5,"turns":4},{"damage":0,"enemies":"Large Slime","floor":7,"turns":8},{"damage":16,"enemies":"3 Sentries","floor":10,"turns":6},{"damage":17,"enemies":"Lagavulin","floor":12,"turns":5},{"damage":56,"enemies":"Slime Boss","floor":16,"turns":7}],"event_choices":[{"event_name":"World of Goop","player_choice":"Gather Gold","floor":4,"damage_taken":0},{"event_name":"Golden Idol","player_choice":"Take Damage","floor":14,"damage_taken":0}],"boss_relics":[],"potions_floor_spawned":[1,2],"seed_played":"5880591289102234230","killed_by":"Slime Boss","ascension_level":10,"is_trial":false}