{"gold_per_floor":[212,212,230,230,230,230,244,244,244,244,419,419,432,461,461,557,557,557,557,332,332,232,232,232,232,232,232,232,232,232,232,232,232,232,232,232,232,232,107,107,107,107,107,107,107,107,107,107,107,107],"floor_reached":51,"playtime":893,"items_purged":["Doubt","Strike_R","Defend_R"],"score":916,"play_id":"3b0162cd-e2a7-4b4b-a19b-1becc5eac827","local_time":"20190815030006","is_ascension_mode":false,"campfire_choices":[{"data":"Searing Blow","floor":6.0,"key":"SMITH"},{"data":"Searing Blow+1","floor":8.0,"key":"SMITH"},{"data":"Searing Blow+2","floor":10.0,"key":"SMITH"},{"data":"Searing Blow+3","floor":12.0,"key":"SMITH"},{"data":"Searing Blow+4","floor":15.0,"key":"SMITH"},{"data":"Searing Blow+5","floor":23.0,"key":"SMITH"},{"data":"Searing Blow+6","floor":29.0,"key":"SMITH"},{"data":"Searing Blow+7","floor":32,"key":"SMITH"},{"data":"Searing Blow+8","floor":41,"key":"SMITH"},{"data":"Searing Blow+9","floor":46,"key":"SMITH"},{"data":"Searing Blow+11","floor":49,"key":"SMITH"}],"neow_cost":"NONE","seed_source_timestamp":10696174567368,"circlet_count":0,"master_deck":["Strike_R+1","Defend_R+1","Defend_R+1","Bash+1","Thunderclap+1","Searing Blow+12","Battle Trance+1","Bludgeon+1","Whirlwind+1","Double Tap+1"],"special_seed":0,"relics":["Burning Blood","Meat on the Bone","Juzu Bracelet","Shuriken","Odd Mushroom","Ectoplasm","Bag of Preparation","Oddly Smooth Stone","Coffee Dripper","StoneCalendar","Frozen Egg 2","Mercury Hourglass","Pen Nib","Mark of the Bloom"],"potions_floor_usage":[33,42,50,50,50],"damage_taken":[{"damage":2.0,"enemies":"Small Slimes","floor":1.0,"turns":4.0},{"damage":11.0,"enemies":"Jaw Worm","floor":3.0,"turns":4.0},{"damage":0.0,"enemies":"2 Louse","floor":7.0,"turns":3.0},{"damage":9.0,"enemies":"Exordium Thugs","floor":13.0,"turns":4.0},{"damage":18.0,"enemies":"The Mushroom Lair","floor":14.0,"turns":4.0},{"damage":36.0,"enemies":"Slime Boss","floor":16.0,"turns":8.0},{"damage":9.0,"enemies":"Shell Parasite","floor":18.0,"turns":4.0},{"damage":17.0,"enemies":"Spheric Guardian","floor":19.0,"turns":4.0},{"damage":7.0,"enemies":"Shelled Parasite and Fungi","floor":21.0,"turns":3.0},{"damage":6.0,"enemies":"3 Cultists","floor":25.0,"turns":3.0},{"damage":0.0,"enemies":"Snake Plant","floor":27.0,"turns":1.0},{"damage":0.0,"enemies":"Shelled Parasite and Fungi","floor":28.0,"turns":2.0},{"damage":0,"enemies":"Chosen and Byrds","floor":31,"turns":3},{"damage":16,"enemies":"Champ","floor":33,"turns":3},{"damage":0,"enemies":"3 Shapes","floor":35,"turns":1},{"damage":0,"enemies":"2 Orb Walkers","floor":37,"turns":2},{"damage":12,"enemies":"3 Darklings","floor":38,"turns":4},{"damage":0,"enemies":"Reptomancer","floor":40,"turns":1},{"damage":0,"enemies":"Nemesis","floor":42,"turns":1},{"damage":0,"enemies":"Donu and Deca","floor":50,"turns":2}],"seed_played":"6814767442738167494","potions_obtained":[{"floor":3.0,"key":"Block Potion"},{"floor":16.0,"key":"Weak Potion"},{"floor":18.0,"key":"Strength Potion"},{"floor":21.0,"key":"Fire Potion"},{"floor":27.0,"key":"Swift Potion"},{"floor":33,"key":"SneckoOil"},{"floor":40,"key":"PowerPotion"},{"floor":42,"key":"Dexterity Potion"}],"is_trial":false,"path_per_floor":["M","?","M","T","?","R","M","R","T","R","?","R","M","?","R","B",null,"M","M","$","M","$","R","?","M","T","M","M","R","?","M","R","B",null,"M","?","?","M","$","E","R","E","T","?","?","R","$","?","R","B",null],"character_chosen":"IRONCLAD","items_purchased":["Bag of Preparation"],"campfire_rested":0,"item_purchase_floors":[20],"current_hp_per_floor":[80,77,72,72,72,72,78,78,78,78,78,78,75,63,63,45,80,77,66,66,65,65,65,65,65,65,71,77,77,69,75,75,65,80,80,80,80,74,74,80,80,80,80,80,76,76,76,76,76,76],"gold":107,"neow_bonus":"HUNDRED_GOLD","is_prod":false,"is_daily":false,"chose_seed":false,"campfire_upgraded":11,"win_rate":0,"timestamp":1565859606,"path_taken":["M","?","M","?","?","R","M","R","T","R","?","R","M","?","R","BOSS","M","M","$","M","$","R","?","M","T","M","M","R","?","M","R","BOSS","M","?","?","M","$","E","R","E","T","?","?","R","$","?","R","BOSS"],"build_version":"2019-07-17","purchased_purges":3,"victory":true,"max_hp_per_floor":[80,80,80,80,80,80,80,80,80,80,80,80,80,80,80,80,80,80,80,80,80,80,80,80,80,80,80,80,80,80,80,80,80,80,80,80,80,80,80,80,80,80,80,80,76,76,76,76,76,76],"card_choices":[{"not_picked":["Sever Soul","Wild Strike"],"picked":"Thunderclap","floor":1.0},{"not_picked":["Cleave","Sword Boomerang"],"picked":"Searing Blow","floor":3.0},{"not_picked":["Evolve","Shrug It Off","Combust"],"picked":"SKIP","floor":7.0},{"not_picked":["True Grit","Clothesline","Infernal Blade"],"picked":"SKIP","floor":13.0},{"not_picked":["Cleave","Thunderclap"],"picked":"Battle Trance","floor":14.0},{"not_picked":["Headbutt","Body Slam","Sever Soul+1"],"picked":"SKIP","floor":18.0},{"not_picked":["Ghostly Armor","Perfected Strike","Wild Strike"],"picked":"SKIP","floor":19.0},{"not_picked":["Flame Barrier","Wild Strike","Body Slam"],"picked":"SKIP","floor":21.0},{"not_picked":["Hemokinesis","Searing Blow"],"picked":"Double Tap","floor":25.0},{"not_picked":["Perfected Strike","Havoc","Combust+1"],"picked":"SKIP","floor":27.0},{"not_picked":["Wild Strike+1","Flex","Clothesline"],"picked":"SKIP","floor":28.0},{"not_picked":["Wild Strike","Entrench","Warcry"],"picked":"SKIP","floor":31},{"not_picked":["Anger","Second Wind","Sword Boomerang+1"],"picked":"SKIP","floor":35},{"not_picked":["Carnage","Iron Wave","Wild Strike+1"],"picked":"SKIP","floor":38},{"not_picked":["Infernal Blade","Dark Embrace","Iron Wave"],"picked":"SKIP","floor":40},{"not_picked":["Blood for Blood","Fire Breathing+1","Perfected Strike+1"],"picked":"SKIP","floor":42}],"player_experience":1676199,"relics_obtained":[{"floor":4.0,"key":"Juzu Bracelet"},{"floor":9.0,"key":"Shuriken"},{"floor":14.0,"key":"Odd Mushroom"},{"floor":26.0,"key":"Oddly Smooth Stone"},{"floor":37,"key":"StoneCalendar"},{"floor":40,"key":"Frozen Egg 2"},{"floor":42,"key":"Mercury Hourglass"},{"floor":43,"key":"Pen Nib"}],"event_choices":[{"damage_healed":0.0,"max_hp_gain":0.0,"max_hp_loss":0.0,"gold_gain":0.0,"event_name":"Scrap Ooze","player_choice":"Success","floor":2.0,"gold_loss":0.0,"damage_taken":3.0,"relics_obtained":["Meat on the Bone"]},{"cards_removed":["Strike_R"],"damage_healed":0.0,"max_hp_gain":0.0,"max_hp_loss":0.0,"gold_gain":0.0,"event_name":"Bonfire Elementals","player_choice":"Offered Basic","floor":5.0,"gold_loss":0.0,"damage_taken":0.0},{"damage_healed":0.0,"max_hp_gain":0.0,"max_hp_loss":0.0,"gold_gain":175.0,"event_name":"Liars Game","player_choice":"AGREE","floor":11.0,"gold_loss":0.0,"damage_taken":0.0,"cards_obtained":["Doubt"]},{"damage_healed":0.0,"max_hp_gain":0.0,"max_hp_loss":0.0,"gold_gain":0.0,"event_name":"Mushrooms","player_choice":"Fought Mushrooms","floor":14.0,"gold_loss":0.0,"damage_taken":0.0},{"damage_healed":0.0,"max_hp_gain":0.0,"max_hp_loss":0.0,"gold_gain":0.0,"cards_transformed":["Strike_R","Defend_R"],"event_name":"Drug Dealer","player_choice":"Became Test Subject","floor":24.0,"gold_loss":0.0,"damage_taken":0.0,"cards_obtained":["Bludgeon","Whirlwind"]},{"damage_healed":0,"gold_gain":0,"player_choice":"","damage_taken":8,"max_hp_gain":0,"max_hp_loss":0,"event_name":"Knowing Skull","floor":30,"potions_obtained":[],"gold_loss":0,"cards_obtained":[]},{"cards_removed":["Strike_R"],"damage_healed":0,"gold_gain":0,"player_choice":"Removed Attack","damage_taken":0,"max_hp_gain":0,"max_hp_loss":0,"event_name":"Falling","floor":36,"gold_loss":0},{"damage_healed":0,"gold_gain":0,"player_choice":"Fight","damage_taken":0,"max_hp_gain":0,"max_hp_loss":0,"event_name":"Mysterious Sphere","floor":37,"gold_loss":0},{"damage_healed":0,"gold_gain":0,"player_choice":"Ignored","damage_taken":0,"max_hp_gain":0,"max_hp_loss":0,"event_name":"Tomb of Lord Red Mask","floor":44,"gold_loss":0},{"damage_healed":0,"gold_gain":0,"player_choice":"Max HP","damage_taken":0,"max_hp_gain":0,"max_hp_loss":4,"event_name":"Winding Halls","floor":45,"gold_loss":0},{"damage_healed":0,"gold_gain":0,"player_choice":"Upgrade","damage_taken":0,"relics_obtained":["Mark of the Bloom"],"max_hp_gain":0,"max_hp_loss":0,"event_name":"MindBloom","floor":48,"gold_loss":0,"cards_upgraded":["Strike_R","Defend_R","Defend_R","Bash","Thunderclap","Searing Blow","Battle Trance","Bludgeon","Whirlwind","Double Tap"]}],"is_beta":false,"boss_relics":[{"not_picked":["Tiny House","Orrery"],"picked":"Ectoplasm"},{"not_picked":["Sozu","Calling Bell"],"picked":"Coffee Dripper"}],"items_purged_floors":[20,22,39],"is_endless":false,"potions_floor_spawned":[3,16,18,21,27,33,35,40,42],"ascension_level":0}