{"gold_per_floor":[117,192,209,229,229,229,263,24,47,47,79,79,111,111,111,209,209,225,53,69,20,36,36,61,79,104,119,132,10,10,10,10,112,112,131,6,18,18,35,35,35,35,35,53,66,166,215,235,235,235],"floor_reached":51,"playtime":3823,"items_purged":["Strike_G","Strike_G","Defend_G"],"score":1012,"play_id":"9ed672a2-f642-4839-976d-1bb5eb1f3910","local_time":"20190729005755","is_ascension_mode":true,"campfire_choices":[{"data":"Neutralize","floor":6,"key":"SMITH"},{"floor":12,"key":"REST"},{"data":"Sucker Punch","floor":15,"key":"SMITH"},{"floor":23,"key":"REST"},{"floor":30,"key":"REST"},{"floor":32,"key":"REST"},{"data":"Strike_G","floor":40,"key":"PURGE"},{"data":"Defend_G","floor":42,"key":"PURGE"},{"floor":49,"key":"REST"}],"neow_cost":"NONE","seed_source_timestamp":256503151726900,"circlet_count":0,"master_deck":["AscendersBane","Strike_G","Strike_G","Defend_G","Defend_G","Defend_G","Survivor","Neutralize+1","After Image","Predator","Dash","Sucker Punch+1","Dash","Apotheosis+1","Bullet Time","Bane+1","Unload+1","Riddle With Holes+1","Blur","PiercingWail+1","Footwork","Blur","Dash+1","Acrobatics","After Image","Acrobatics","PiercingWail","Backflip+1","Madness","Madness","Acrobatics+1","Acrobatics+1","Calculated Gamble+1","Choke+1"],"relics":["Ring of the Snake","Pen Nib","Pear","Bag of Marbles","Molten Egg 2","Peace Pipe","Fusion Hammer","Snake Skull","Regal Pillow","Cursed Key","Calipers","Ginger"],"potions_floor_usage":[11,16,18,24,28,28,35,38,39,47,50,50],"damage_taken":[{"damage":2,"enemies":"Jaw Worm","floor":1,"turns":5},{"damage":4,"enemies":"Small Slimes","floor":3,"turns":4},{"damage":2,"enemies":"2 Louse","floor":4,"turns":3},{"damage":16,"enemies":"Lagavulin","floor":7,"turns":11},{"damage":5,"enemies":"3 Sentries","floor":11,"turns":7},{"damage":5,"enemies":"Lagavulin","floor":13,"turns":7},{"damage":15,"enemies":"The Guardian","floor":16,"turns":11},{"damage":0,"enemies":"2 Thieves","floor":18,"turns":2},{"damage":22,"enemies":"Spheric Guardian","floor":20,"turns":4},{"damage":7,"enemies":"Cultist and Chosen","floor":22,"turns":5},{"damage":18,"enemies":"Book of Stabbing","floor":24,"turns":5},{"damage":16,"enemies":"Sentry and Sphere","floor":25,"turns":4},{"damage":8,"enemies":"Chosen and Byrds","floor":27,"turns":5},{"damage":10,"enemies":"Cultist and Chosen","floor":28,"turns":7},{"damage":20,"enemies":"Automaton","floor":33,"turns":16},{"damage":3,"enemies":"3 Darklings","floor":35,"turns":8},{"damage":0,"enemies":"3 Shapes","floor":37,"turns":4},{"damage":0,"enemies":"Sphere and 2 Shapes","floor":38,"turns":2},{"damage":0,"enemies":"Writhing Mass","floor":39,"turns":11},{"damage":0,"enemies":"Spire Growth","floor":44,"turns":7},{"damage":0,"enemies":"3 Darklings","floor":45,"turns":8},{"damage":0,"enemies":"Mind Bloom Boss Battle","floor":46,"turns":9},{"damage":39,"enemies":"2 Orb Walkers","floor":47,"turns":7},{"damage":0,"enemies":"Sphere and 2 Shapes","floor":48,"turns":5},{"damage":3,"enemies":"Donu and Deca","floor":50,"turns":11}],"seed_played":"4175493478703158533","potions_obtained":[{"floor":7,"key":"Explosive Potion"},{"floor":11,"key":"Energy Potion"},{"floor":13,"key":"Regen Potion"},{"floor":18,"key":"Poison Potion"},{"floor":27,"key":"SneckoOil"},{"floor":33,"key":"Fire Potion"},{"floor":35,"key":"SmokeBomb"},{"floor":39,"key":"Weak Potion"},{"floor":46,"key":"SteroidPotion"},{"floor":47,"key":"Strength Potion"}],"is_trial":false,"path_per_floor":["M","?","M","M","?","R","E","$","T","?","E","R","E","?","R","B",null,"M","$","M","$","M","R","E","M","T","M","M","$","R","$","R","B",null,"M","$","M","M","M","R","?","R","T","M","M","?","?","M","R","B",null],"character_chosen":"THE_SILENT","items_purchased":["Apotheosis","Blur","PowerPotion","Acrobatics","GamblersBrew"],"campfire_rested":5,"item_purchase_floors":[8,19,21,29,29],"current_hp_per_floor":[61,50,46,44,41,41,35,35,35,35,30,54,49,49,49,49,72,72,72,50,50,43,67,49,33,33,25,15,15,54,54,80,60,75,72,72,72,72,72,72,62,62,62,62,62,62,23,23,62,59],"gold":235,"neow_bonus":"ONE_RANDOM_RARE_CARD","is_prod":false,"is_daily":false,"chose_seed":false,"campfire_upgraded":2,"win_rate":0,"timestamp":1564329475,"path_taken":["M","?","M","M","?","R","E","$","T","?","E","R","E","?","R","BOSS","M","$","M","?","M","R","E","M","T","M","M","$","R","?","R","BOSS","M","$","M","?","M","R","?","R","T","M","M","?","?","M","R","BOSS"],"build_version":"2019-07-17","purchased_purges":3,"victory":true,"max_hp_per_floor":[70,70,70,70,70,70,80,80,80,80,80,80,80,80,80,80,80,80,80,80,80,80,80,80,80,80,80,80,80,80,80,80,80,80,80,80,80,80,80,80,80,80,80,80,80,80,80,80,80,80],"card_choices":[{"not_picked":["Quick Slash","Dodge and Roll"],"picked":"Predator","floor":1},{"not_picked":["Caltrops","Catalyst"],"picked":"Dash","floor":3},{"not_picked":["Prepared","Finisher"],"picked":"Sucker Punch","floor":4},{"not_picked":["Deadly Poison","Predator"],"picked":"Dash","floor":7},{"not_picked":["Dodge and Roll","Backflip"],"picked":"Bullet Time","floor":11},{"not_picked":["Expertise","Accuracy"],"picked":"Bane+1","floor":13},{"not_picked":["Malaise","A Thousand Cuts"],"picked":"Unload+1","floor":16},{"not_picked":["Backflip","Deflect"],"picked":"Riddle With Holes+1","floor":18},{"not_picked":["Poisoned Stab+1","Deadly Poison+1"],"picked":"PiercingWail+1","floor":20},{"not_picked":["Deadly Poison","Bane+1","Infinite Blades"],"picked":"SKIP","floor":22},{"not_picked":["Flechettes+1","Riddle With Holes+1","Blade Dance+1"],"picked":"SKIP","floor":24},{"not_picked":["Escape Plan","Concentrate"],"picked":"Footwork","floor":25},{"not_picked":["Poisoned Stab+1","Corpse Explosion"],"picked":"Blur","floor":27},{"not_picked":["Dagger Throw+1","Quick Slash+1"],"picked":"Dash+1","floor":28},{"not_picked":["Tools of the Trade","Grand Finale+1"],"picked":"After Image","floor":33},{"not_picked":["Cloak And Dagger","Poisoned Stab+1"],"picked":"Acrobatics","floor":35},{"not_picked":["Blade Dance","Dodge and Roll"],"picked":"PiercingWail","floor":37},{"not_picked":["Leg Sweep","Cloak And Dagger+1"],"picked":"Backflip+1","floor":39},{"not_picked":["Dagger Spray+1","Riddle With Holes+1"],"picked":"Acrobatics+1","floor":44},{"not_picked":["Setup","Sucker Punch+1","Dagger Throw+1"],"picked":"SKIP","floor":45},{"not_picked":["Reflex","Leg Sweep"],"picked":"Acrobatics+1","floor":46},{"not_picked":["Dodge and Roll","Bouncing Flask"],"picked":"Calculated Gamble+1","floor":47},{"not_picked":["Slice+1","Terror"],"picked":"Choke+1","floor":48}],"player_experience":500306,"relics_obtained":[{"floor":7,"key":"Pear"},{"floor":9,"key":"Bag of Marbles"},{"floor":11,"key":"Molten Egg 2"},{"floor":13,"key":"Peace Pipe"},{"floor":24,"key":"Snake Skull"},{"floor":26,"key":"Regal Pillow"},{"floor":46,"key":"Calipers"},{"floor":47,"key":"Ginger"}],"event_choices":[{"damage_healed":0,"gold_gain":75,"player_choice":"Gather Gold","damage_taken":11,"max_hp_gain":0,"max_hp_loss":0,"event_name":"World of Goop","floor":2,"gold_loss":0},{"damage_healed":0,"gold_gain":0,"player_choice":"Success","damage_taken":3,"relics_obtained":["Pen Nib"],"max_hp_gain":0,"max_hp_loss":0,"event_name":"Scrap Ooze","floor":5,"gold_loss":0},{"damage_healed":0,"gold_gain":0,"player_choice":"Grow","damage_taken":0,"max_hp_gain":0,"max_hp_loss":0,"event_name":"Living Wall","floor":10,"gold_loss":0,"cards_upgraded":["Apotheosis"]},{"damage_healed":0,"gold_gain":0,"player_choice":"Bought 0 Potions","damage_taken":0,"max_hp_gain":0,"max_hp_loss":0,"event_name":"The Woman in Blue","floor":14,"gold_loss":0},{"damage_healed":0,"gold_gain":0,"player_choice":"Embrace Madness","damage_taken":10,"max_hp_gain":0,"max_hp_loss":0,"event_name":"Winding Halls","floor":41,"gold_loss":0,"cards_obtained":["Madness","Madness"]},{"damage_healed":0,"gold_gain":0,"player_choice":"Fight","damage_taken":0,"max_hp_gain":0,"max_hp_loss":0,"event_name":"MindBloom","floor":46,"gold_loss":0},{"damage_healed":0,"gold_gain":0,"player_choice":"Fight","damage_taken":0,"max_hp_gain":0,"max_hp_loss":0,"event_name":"Mysterious Sphere","floor":47,"gold_loss":0}],"is_beta":false,"boss_relics":[{"not_picked":["Pandora\u0027s Box","Runic Pyramid"],"picked":"Fusion Hammer"},{"not_picked":["Ring of the Serpent","Velvet Choker"],"picked":"Cursed Key"}],"items_purged_floors":[8,19,36],"is_endless":false,"potions_floor_spawned":[7,11,13,18,27,33,35,39,46,47],"ascension_level":11}