{"gold_per_floor":[110,122,122,147,162,162,190,190,215,273,54,74,74,89,89,188,188,207,84,184,38,38,38,72,72,72,72,72],"floor_reached":28,"playtime":2260,"items_purged":["Decay","Searing Blow"],"score":291,"play_id":"25b4f20e-9c68-41c7-b0e4-754c71c594de","local_time":"20190703084927","is_ascension_mode":true,"campfire_choices":[{"floor":6,"key":"REST"},{"data":"Immolate","floor":8,"key":"SMITH"},{"data":"Shrug It Off","floor":13,"key":"SMITH"},{"data":"Seeing Red","floor":15,"key":"SMITH"},{"data":"Ghostly","floor":23,"key":"SMITH"},{"data":"Ghostly","floor":25,"key":"SMITH"}],"neow_cost":"CURSE","seed_source_timestamp":160794005923900,"circlet_count":0,"master_deck":["Bash","Clothesline","Offering","True Grit","Headbutt+1","Immolate+1","Shrug It Off+1","Rage","Second Wind","Seeing Red+1","Demon Form","Spot Weakness","Flame Barrier","Demon Form","Feel No Pain","Uppercut","Warcry+1","True Grit","Reaper","Ghostly+1","Ghostly+1","Ghostly","Ghostly","Ghostly","Havoc+1"],"relics":["Burning Blood","Potion Belt","Letter Opener","Oddly Smooth Stone","Tiny Chest","Juzu Bracelet","Pandora\u0027s Box","Smiling Mask","Bottled Flame","Centennial Puzzle"],"potions_floor_usage":[7,16,16,16,24],"damage_taken":[{"damage":11,"enemies":"Jaw Worm","floor":1,"turns":5},{"damage":17,"enemies":"Small Slimes","floor":2,"turns":4},{"damage":8,"enemies":"Cultist","floor":5,"turns":3},{"damage":22,"enemies":"Lagavulin","floor":7,"turns":4},{"damage":13,"enemies":"Gremlin Nob","floor":10,"turns":3},{"damage":5,"enemies":"Looter","floor":12,"turns":3},{"damage":6,"enemies":"Exordium Thugs","floor":14,"turns":3},{"damage":16,"enemies":"Hexaghost","floor":16,"turns":10},{"damage":12,"enemies":"2 Thieves","floor":18,"turns":3},{"damage":25,"enemies":"Gremlin Leader","floor":24,"turns":7},{"damage":44,"enemies":"Slavers","floor":28,"turns":6}],"seed_played":"6235589243878268225","potions_obtained":[{"floor":1,"key":"AttackPotion"},{"floor":2,"key":"Block Potion"},{"floor":7,"key":"SkillPotion"},{"floor":12,"key":"Fire Potion"},{"floor":16,"key":"Block Potion"}],"is_trial":false,"path_per_floor":["M","M","?","T","M","R","E","R","T","E","$","M","R","M","R","B",null,"M","$","?","$","?","R","E","R","T","?","E"],"character_chosen":"IRONCLAD","items_purchased":["Juzu Bracelet","True Grit","Reaper"],"campfire_rested":1,"item_purchase_floors":[11,19,21],"current_hp_per_floor":[75,64,48,48,46,70,54,54,54,47,47,48,48,48,48,38,80,74,74,74,74,40,40,40,40,40,40,0],"gold":72,"neow_bonus":"TRANSFORM_TWO_CARDS","is_prod":false,"is_daily":false,"chose_seed":false,"campfire_upgraded":5,"win_rate":0,"timestamp":1562111367,"path_taken":["M","M","?","?","M","R","E","R","T","E","$","M","R","M","R","BOSS","M","$","?","$","?","R","E","R","T","?","E"],"build_version":"2019-07-01","purchased_purges":2,"victory":false,"max_hp_per_floor":[80,80,80,80,80,80,80,80,80,80,80,80,80,80,80,80,80,80,80,80,80,40,40,40,40,40,40,40],"card_choices":[{"not_picked":["Searing Blow","Perfected Strike"],"picked":"True Grit","floor":1},{"not_picked":["Dropkick","Cleave"],"picked":"Headbutt","floor":2},{"not_picked":["True Grit","Sword Boomerang"],"picked":"Immolate","floor":5},{"not_picked":["Pummel","Dropkick"],"picked":"Shrug It Off","floor":7},{"not_picked":["Dropkick","Rampage"],"picked":"Rage","floor":10},{"not_picked":["Perfected Strike","Clash"],"picked":"Second Wind","floor":12},{"not_picked":["Sword Boomerang","Dual Wield"],"picked":"Seeing Red","floor":14},{"not_picked":["Reaper","Fiend Fire"],"picked":"Demon Form","floor":16},{"not_picked":["Anger","Havoc"],"picked":"Warcry+1","floor":18},{"not_picked":["Twin Strike","Anger"],"picked":"Havoc+1","floor":24}],"player_experience":164797,"relics_obtained":[{"floor":4,"key":"Potion Belt"},{"floor":7,"key":"Letter Opener"},{"floor":9,"key":"Oddly Smooth Stone"},{"floor":10,"key":"Tiny Chest"},{"floor":24,"key":"Smiling Mask"},{"floor":26,"key":"Bottled Flame"}],"event_choices":[{"damage_healed":0,"gold_gain":0,"player_choice":"Entered Light","damage_taken":16,"max_hp_gain":0,"max_hp_loss":0,"event_name":"Shining Light","floor":3,"gold_loss":0,"cards_upgraded":["Strike_R","Headbutt"]},{"damage_healed":0,"gold_gain":100,"player_choice":"Pray","damage_taken":0,"max_hp_gain":0,"max_hp_loss":0,"event_name":"Golden Shrine","floor":20,"gold_loss":0},{"damage_healed":0,"gold_gain":0,"player_choice":"Became a Ghost","damage_taken":0,"max_hp_gain":0,"max_hp_loss":40,"event_name":"Ghosts","floor":22,"gold_loss":0,"cards_obtained":["Ghostly","Ghostly","Ghostly","Ghostly","Ghostly"]},{"cards_removed":["Thunderclap"],"damage_healed":0,"gold_gain":0,"player_choice":"Gave Card","damage_taken":0,"relics_obtained":["Centennial Puzzle"],"max_hp_gain":0,"max_hp_loss":0,"event_name":"WeMeetAgain","floor":27,"gold_loss":0}],"is_beta":false,"boss_relics":[{"not_picked":["White Beast Statue","Empty Cage"],"picked":"Pandora\u0027s Box"}],"items_purged_floors":[11,19],"is_endless":false,"potions_floor_spawned":[1,2,7,12,16],"killed_by":"Slavers","ascension_level":2}