{"path_per_floor":["M","M","?","M","M","R","M","R","T","R","M","R","M","E","R","B",null,"M","T","$","?","M","E","R","M","T","$","E","M","E","M","R","B",null,"M","M","?","?","?","E","$","R","T","M","$","R","?","?","R","B"],"character_chosen":"THE_SILENT","items_purchased":["Singing Bowl","Happy Flower","Secret Technique","Shuriken","Paper Crane","Energy Potion","Swift Potion"],"gold_per_floor":[114,129,204,219,234,234,249,249,324,324,339,339,354,384,384,484,484,499,549,65,315,330,360,360,375,375,50,80,95,125,140,140,240,240,255,270,270,270,270,300,0,0,75,90,40,40,40,0,0,0],"floor_reached":51,"campfire_rested":0,"playtime":3134,"current_hp_per_floor":[68,67,56,56,56,56,52,52,52,52,52,52,52,52,52,52,52,51,50,49,48,47,48,47,46,45,44,43,44,43,44,43,42,41,40,39,38,37,32,30,30,30,30,26,26,26,26,26,26,29],"items_purged":["Regret"],"gold":0,"score":1035,"play_id":"2c0d7a5f-430f-4f2f-b16c-1a16568bae9f","local_time":"20180429164809","daily_mods":["Heirloom","Night Terrors","Terminal"],"is_prod":false,"is_daily":true,"chose_seed":false,"is_ascension_mode":false,"campfire_upgraded":7,"timestamp":1524988089,"path_taken":["M","M","?","M","?","R","M","R","T","R","M","R","M","E","R","BOSS","M","?","$","?","M","E","R","M","T","$","E","M","E","M","R","BOSS","M","M","?","?","?","E","$","R","T","M","$","R","?","?","R","BOSS"],"build_version":"2018-04-26","seed_source_timestamp":0,"purchased_purges":1,"victory":true,"master_deck":["Survivor","Neutralize+1","Sucker Punch+1","Finisher","Riddle With Holes","Noxious Fumes+1","PiercingWail","Quick Slash+1","Deflect","Deadly Poison","Venomology+1","Deadly Poison","Bane","PiercingWail","Dodge and Roll","Dagger Throw","Acrobatics","Underhanded Strike","Infinite Blades","Sucker Punch","Acrobatics","Terror+1","Secret Technique+1","Dagger Spray","Calculated Gamble+1","Malaise+1","Cloak And Dagger","Bullet Time","Cloak And Dagger","Blade Dance","Master of Strategy","Madness+1","Madness+1","Injury"],"max_hp_per_floor":[68,67,66,65,64,63,62,61,60,59,58,57,56,55,54,53,52,51,50,49,48,47,48,47,46,45,44,43,44,43,44,43,42,41,40,39,38,37,36,37,36,35,34,35,34,33,32,31,30,29],"relics":["Ring of the Snake","Girya","Toolbox","Juzu Bracelet","Pandora\u0027s Box","Anchor","Singing Bowl","Happy Flower","Calipers","Letter Opener","Shuriken","Orichalcum","Dodecahedron","Lizard Tail","Pantograph","Paper Crane","Molten Egg 2","Red Mask"],"card_choices":[{"not_picked":["Outmaneuver","PiercingWail"],"picked":"Sucker Punch","floor":1},{"not_picked":["Backflip","Phantasmal Killer"],"picked":"Finisher","floor":2},{"not_picked":["Sucker Punch","Dodge and Roll"],"picked":"Riddle With Holes","floor":4},{"not_picked":["Dagger Throw","Flying Knee"],"picked":"Noxious Fumes","floor":5},{"not_picked":["Expertise","Outmaneuver"],"picked":"PiercingWail","floor":7},{"not_picked":["Masterful Stab","Predator"],"picked":"Quick Slash","floor":11},{"not_picked":["Outmaneuver","Eviscerate"],"picked":"Deflect","floor":13},{"not_picked":["Catalyst","Dodge and Roll"],"picked":"Deadly Poison","floor":14},{"not_picked":["Tactician","Burst"],"picked":"Venomology","floor":16},{"not_picked":["Dagger Spray","PiercingWail"],"picked":"Terror","floor":18},{"not_picked":["Slice","Blade Dance"],"picked":"Dagger Spray","floor":22},{"not_picked":["Infinite Blades","Unload"],"picked":"Calculated Gamble","floor":25},{"not_picked":["Flying Knee","Dodge and Roll"],"picked":"Malaise","floor":28},{"not_picked":["Dagger Spray","Envenom"],"picked":"Cloak And Dagger","floor":30},{"not_picked":["After Image","Burst"],"picked":"Bullet Time","floor":33},{"not_picked":["Bouncing Flask","Prepared"],"picked":"Cloak And Dagger","floor":35},{"not_picked":["Blur","Noxious Fumes"],"picked":"Blade Dance","floor":36},{"not_picked":["Dark Shackles","Deep Breath"],"picked":"Master of Strategy","floor":37}],"player_experience":475638,"potions_floor_usage":[5,14,22,22,23,25,25,28,29,30,33,33,36,40,44,50,50,50],"damage_taken":[{"damage":0,"enemies":"Cultist","floor":1,"turns":4},{"damage":0,"enemies":"Jaw Worm","floor":2,"turns":4},{"damage":0,"enemies":"2 Louse","floor":4,"turns":2},{"damage":0,"enemies":"Lots of Slimes","floor":5,"turns":2},{"damage":4,"enemies":"Red Slaver","floor":7,"turns":2},{"damage":0,"enemies":"Large Slime","floor":11,"turns":4},{"damage":0,"enemies":"Exordium Thugs","floor":13,"turns":3},{"damage":0,"enemies":"Gremlin Nob","floor":14,"turns":3},{"damage":0,"enemies":"The Guardian","floor":16,"turns":10},{"damage":0,"enemies":"Shell Parasite","floor":18,"turns":4},{"damage":0,"enemies":"3 Byrds","floor":22,"turns":3},{"damage":0,"enemies":"Gremlin Leader","floor":23,"turns":5},{"damage":0,"enemies":"Snake Plant","floor":25,"turns":2},{"damage":0,"enemies":"Slavers","floor":28,"turns":3},{"damage":0,"enemies":"Centurion and Healer","floor":29,"turns":4},{"damage":0,"enemies":"Book of Stabbing","floor":30,"turns":3},{"damage":0,"enemies":"Chosen and Byrds","floor":31,"turns":2},{"damage":0,"enemies":"Champ","floor":33,"turns":5},{"damage":0,"enemies":"3 Shapes","floor":35,"turns":5},{"damage":0,"enemies":"Orb Walker","floor":36,"turns":2},{"damage":4,"enemies":"2 Orb Walkers","floor":40,"turns":4},{"damage":6,"enemies":"4 Shapes","floor":44,"turns":4},{"damage":0,"enemies":"Awakened One","floor":50,"turns":9}],"event_choices":[{"event_name":"World of Goop","player_choice":"Gather Gold","floor":3,"damage_taken":0},{"event_name":"Golden Shrine","player_choice":"Desecrate","floor":21,"damage_taken":0},{"event_name":"SensoryStone","player_choice":"Memory 1","floor":37,"damage_taken":0},{"event_name":"Upgrade Shrine","player_choice":"Upgraded","floor":38,"damage_taken":0},{"event_name":"Winding Halls","player_choice":"Embrace Madness","floor":39,"damage_taken":0},{"event_name":"Accursed Blacksmith","player_choice":"Forge","floor":47,"damage_taken":0},{"event_name":"Tomb of Lord Red Mask","player_choice":"Paid","floor":48,"damage_taken":0}],"boss_relics":[{"not_picked":["Runic Pyramid","White Beast Statue"],"picked":"Pandora\u0027s Box"},{"not_picked":["Orrery","Velvet Choker"],"picked":"Lizard Tail"}],"potions_floor_spawned":[2,4,11,16,18,23,28,29,30,40],"seed_played":"2526306765528303523","ascension_level":0,"is_trial":false}