{"path_per_floor":["M","?","M","M","$","R","E","M","T","?","?","?","M","M","R","B",null,"M","M","$","M","M","M","R","M","T","R","?","M","?","?","R","B",null,"M","$","?","?","M","R","?","M","T","M","?","R","M","?","R","B"],"character_chosen":"IRONCLAD","items_purchased":["Juzu Bracelet","Paper Frog"],"gold_per_floor":[114,114,133,152,2,2,40,59,109,130,130,130,149,168,168,293,293,312,331,81,100,119,138,138,157,157,157,72,91,91,91,91,216,216,235,235,0,0,19,19,40,59,84,103,103,103,122,122,122,122],"floor_reached":51,"campfire_rested":4,"playtime":2139,"current_hp_per_floor":[94,71,68,71,71,71,62,39,39,42,42,47,53,50,79,69,99,77,51,51,38,41,29,58,53,53,53,53,60,60,60,89,35,99,88,88,88,88,95,95,81,65,65,65,65,65,68,63,92,24],"items_purged":[],"gold":122,"score":701,"play_id":"4df5346d-0fc8-491a-b420-d58dfa7805cc","local_time":"20180415083305","daily_mods":["Heirloom","Lethality","Binary"],"is_prod":false,"is_daily":true,"chose_seed":false,"is_ascension_mode":false,"campfire_upgraded":4,"timestamp":1523748785,"path_taken":["M","?","M","M","$","R","E","M","T","?","?","?","M","M","R","BOSS","M","M","$","M","M","M","R","M","T","R","?","M","?","?","R","BOSS","M","$","?","?","M","R","?","M","T","M","?","R","M","?","R","BOSS"],"build_version":"2018-04-12","seed_source_timestamp":0,"purchased_purges":2,"victory":true,"master_deck":["Bash+1","Flex","Cleave","Rupture+1","Cleave","Power Through+1","Evolve","Brutality+1","True Grit","Iron Wave","Clothesline","Hemokinesis","Thunderclap","Ghostly Armor","Infernal Blade+1","Heavy Blade","Heavy Blade","Seeing Red+1","Iron Wave","Flex","Burning Pact","Ghostly Armor","Limit Break+1","Iron Wave","Armaments+1","Thunderclap+1","Pummel+1","Flame Barrier+1","Battle Trance+1","Secret Technique","Apotheosis"],"max_hp_per_floor":[94,94,94,94,94,94,94,94,94,94,94,99,99,99,99,99,99,99,99,99,99,99,99,99,99,99,99,99,99,99,99,99,99,99,99,99,99,99,99,99,99,99,99,99,99,99,99,99,99,99],"relics":["Burning Blood","Mango","Golden Idol","Juzu Bracelet","Ancient Tea Set","Oddly Smooth Stone","Odd Mushroom","Pandora\u0027s Box","Paper Frog","Peace Pipe","Bird Faced Urn","Question Card","Sozu","Red Mask","Thread and Needle","War Paint"],"card_choices":[{"not_picked":["Body Slam"],"picked":"Flex","floor":1},{"not_picked":["Reckless Charge"],"picked":"Cleave","floor":3},{"not_picked":["Havoc"],"picked":"Rupture","floor":4},{"not_picked":["Sword Boomerang"],"picked":"Dropkick","floor":7},{"not_picked":["Sentinel"],"picked":"Cleave","floor":8},{"not_picked":["Body Slam"],"picked":"Power Through","floor":10},{"not_picked":["Perfected Strike"],"picked":"Evolve","floor":13},{"not_picked":["Bludgeon"],"picked":"Brutality","floor":16},{"not_picked":["Rupture"],"picked":"Heavy Blade","floor":18},{"not_picked":["Heavy Blade"],"picked":"Seeing Red","floor":19},{"not_picked":["Havoc"],"picked":"Iron Wave","floor":22},{"not_picked":["Heavy Blade"],"picked":"Flex","floor":23},{"not_picked":["Twin Strike"],"picked":"Burning Pact","floor":25},{"not_picked":["Infernal Blade"],"picked":"Ghostly Armor","floor":29},{"not_picked":["Brutality","Offering"],"picked":"Limit Break","floor":33},{"not_picked":["Feel No Pain","Sword Boomerang"],"picked":"Iron Wave","floor":35},{"not_picked":["Havoc","Shrug It Off"],"picked":"Armaments","floor":39},{"not_picked":["Armaments","Dropkick"],"picked":"Thunderclap","floor":41},{"not_picked":["True Grit","Entrench"],"picked":"Pummel","floor":42},{"not_picked":["Clash","Shrug It Off"],"picked":"Flame Barrier","floor":44},{"not_picked":["Shrug It Off","Body Slam"],"picked":"Battle Trance","floor":47},{"not_picked":["Good Instincts","Sadistic Nature"],"picked":"Secret Technique","floor":48},{"not_picked":["Purity","Finesse"],"picked":"Apotheosis","floor":48}],"player_experience":411699,"potions_floor_usage":[7,29,33,50,50],"damage_taken":[{"damage":0,"enemies":"Small Slimes","floor":1,"turns":3},{"damage":9,"enemies":"Jaw Worm","floor":3,"turns":2},{"damage":3,"enemies":"2 Louse","floor":4,"turns":2},{"damage":15,"enemies":"Lagavulin","floor":7,"turns":5},{"damage":29,"enemies":"Lots of Slimes","floor":8,"turns":4},{"damage":3,"enemies":"The Mushroom Lair","floor":10,"turns":2},{"damage":0,"enemies":"Looter","floor":13,"turns":2},{"damage":9,"enemies":"2 Fungi Beasts","floor":14,"turns":3},{"damage":16,"enemies":"Slime Boss","floor":16,"turns":9},{"damage":28,"enemies":"2 Thieves","floor":18,"turns":3},{"damage":32,"enemies":"Spheric Guardian","floor":19,"turns":4},{"damage":19,"enemies":"Snake Plant","floor":21,"turns":3},{"damage":3,"enemies":"Centurion and Healer","floor":22,"turns":5},{"damage":18,"enemies":"Snecko","floor":23,"turns":4},{"damage":11,"enemies":"Chosen and Byrds","floor":25,"turns":4},{"damage":1,"enemies":"Centurion and Healer","floor":29,"turns":2},{"damage":66,"enemies":"Automaton","floor":33,"turns":9},{"damage":19,"enemies":"3 Darklings","floor":35,"turns":4},{"damage":5,"enemies":"3 Shapes","floor":39,"turns":4},{"damage":22,"enemies":"ê_îÈÇÃãÖëÃ","floor":41,"turns":3},{"damage":28,"enemies":"Maw","floor":42,"turns":6},{"damage":8,"enemies":"Sphere and 2 Shapes","floor":44,"turns":2},{"damage":9,"enemies":"4 Shapes","floor":47,"turns":4},{"damage":80,"enemies":"Awakened One","floor":50,"turns":10}],"event_choices":[{"event_name":"Golden Idol","player_choice":"Take Damage","floor":2,"damage_taken":0},{"event_name":"Mushrooms","player_choice":"Fought Mushrooms","floor":10,"damage_taken":0},{"event_name":"Upgrade Shrine","player_choice":"Upgraded","floor":11,"damage_taken":0},{"event_name":"Big Fish","player_choice":"Donut","floor":12,"damage_taken":0},{"event_name":"Addict","player_choice":"Obtained Relic","floor":28,"damage_taken":0},{"event_name":"Back to Basics","player_choice":"Elegance","floor":30,"damage_taken":0},{"event_name":"The Mausoleum","player_choice":"Yes","floor":31,"damage_taken":0},{"event_name":"Tomb of Lord Red Mask","player_choice":"Paid","floor":37,"damage_taken":0},{"event_name":"Mysterious Sphere","player_choice":"Fight","floor":41,"damage_taken":0},{"event_name":"SecretPortal","player_choice":"Rejected Portal.","floor":45,"damage_taken":0},{"event_name":"SensoryStone","player_choice":"Memory 2","floor":48,"damage_taken":0}],"boss_relics":[{"not_picked":["Ectoplasm","Runic Pyramid"],"picked":"Pandora\u0027s Box"},{"not_picked":["Astrolabe","Velvet Choker"],"picked":"Sozu"}],"potions_floor_spawned":[3,10,16,19,22,23,25,33,35,44],"seed_played":"8258766859312975591","ascension_level":0,"is_trial":false}