{"gold_per_floor":[109,34,109,9,9,9,38,38,64,64,91,102,121,131,131,232,232,247,172,185,203,203,203,217,11,37,49,49,49,49,60,60,162,162,174,174,24,24,39,69,69,6,6,6,26,56,69,88,88,88],"floor_reached":51,"playtime":764,"items_purged":["Defend_R","Defend_R","Defend_R","Strike_R"],"score":840,"play_id":"c89e30ce-ca62-4847-a1bb-2830526a2532","local_time":"20190807010933","is_ascension_mode":false,"campfire_choices":[{"data":"Bash","floor":6.0,"key":"SMITH"},{"data":"Clash","floor":8.0,"key":"SMITH"},{"data":"Strike_R","floor":10.0,"key":"SMITH"},{"data":"Clash","floor":15,"key":"SMITH"},{"data":"Clash","floor":23,"key":"SMITH"},{"data":"Immolate","floor":29,"key":"SMITH"},{"data":"Clash","floor":32,"key":"SMITH"},{"floor":41,"key":"REST"},{"floor":44,"key":"REST"},{"floor":49,"key":"REST"}],"neow_cost":"NONE","seed_source_timestamp":3506579889350,"circlet_count":0,"master_deck":["Strike_R+1","Strike_R+1","Strike_R+1","Bash+1","Clash+1","Clash+1","Flame Barrier+1","Clash+1","Immolate+1","Twin Strike+1","Flex+1","Clash+1","Flame Barrier+1","Flex+1","Trip+1","Blind+1","Good Instincts+1","Clash+1","Whirlwind+1"],"special_seed":0,"relics":["Burning Blood","NeowsBlessing","FaceOfCleric","Blue Candle","Whetstone","Toxic Egg 2","Runic Dome","Regal Pillow","Mercury Hourglass","Sozu","Singing Bowl","FossilizedHelix","Shuriken","Pantograph"],"potions_floor_usage":[16,33,50,50,50],"damage_taken":[{"damage":0.0,"enemies":"2 Louse","floor":1.0,"turns":1.0},{"damage":0.0,"enemies":"3 Sentries","floor":7.0,"turns":1.0},{"damage":0.0,"enemies":"Gremlin Nob","floor":11.0,"turns":1.0},{"damage":0.0,"enemies":"Cultist","floor":12.0,"turns":2.0},{"damage":0.0,"enemies":"Small Slimes","floor":13.0,"turns":2.0},{"damage":0.0,"enemies":"3 Louse","floor":14.0,"turns":2.0},{"damage":41,"enemies":"Hexaghost","floor":16,"turns":6},{"damage":5,"enemies":"Spheric Guardian","floor":18,"turns":3},{"damage":0,"enemies":"3 Byrds","floor":20,"turns":1},{"damage":21,"enemies":"Cultist and Chosen","floor":21,"turns":5},{"damage":0,"enemies":"Centurion and Healer","floor":24,"turns":2},{"damage":0,"enemies":"3 Cultists","floor":27,"turns":3},{"damage":0,"enemies":"Snecko","floor":31,"turns":3},{"damage":85,"enemies":"Automaton","floor":33,"turns":7},{"damage":0,"enemies":"3 Darklings","floor":35,"turns":2},{"damage":7,"enemies":"3 Shapes","floor":39,"turns":2},{"damage":19,"enemies":"Reptomancer","floor":40,"turns":3},{"damage":0,"enemies":"Writhing Mass","floor":45,"turns":3},{"damage":0,"enemies":"Nemesis","floor":46,"turns":3},{"damage":0,"enemies":"Transient","floor":47,"turns":5},{"damage":28,"enemies":"4 Shapes","floor":48,"turns":2},{"damage":28,"enemies":"Awakened One","floor":50,"turns":7}],"seed_played":"305018393815823676","potions_obtained":[{"floor":1.0,"key":"Poison Potion"},{"floor":7.0,"key":"GamblersBrew"},{"floor":16,"key":"Strength Potion"},{"floor":27,"key":"LiquidBronze"},{"floor":33,"key":"Regen Potion"}],"is_trial":false,"path_per_floor":["M","$","?","$","?","R","E","R","T","R","E","M","M","M","R","B",null,"M","?","M","M","?","R","M","$","T","M","?","R","?","M","R","B",null,"M","?","$","?","M","E","R","?","T","R","M","E","M","M","R","B",null],"character_chosen":"IRONCLAD","items_purchased":["Flame Barrier+1"],"campfire_rested":3,"item_purchase_floors":[25],"current_hp_per_floor":[80,80,69,69,69,69,76,76,76,76,82,83,84,85,85,51,86,87,87,88,74,74,74,81,81,81,88,88,88,88,92,92,14,93,94,89,89,79,79,67,91,91,91,91,94,97,98,79,101,86],"gold":88,"neow_bonus":"THREE_ENEMY_KILL","is_prod":false,"is_daily":false,"chose_seed":false,"campfire_upgraded":7,"win_rate":0,"timestamp":1565161773,"path_taken":["M","$","?","$","?","R","E","R","T","R","E","?","M","M","R","BOSS","M","?","M","M","?","R","M","$","T","M","?","R","?","?","R","BOSS","M","?","$","?","?","E","R","?","T","R","?","E","M","M","R","BOSS"],"build_version":"2019-07-17","purchased_purges":4,"victory":true,"max_hp_per_floor":[80,80,80,80,80,80,81,81,81,81,82,83,84,85,85,86,86,87,87,88,89,89,89,90,90,90,91,91,91,91,92,92,93,93,94,89,89,89,90,91,91,91,91,91,94,97,98,101,101,102],"card_choices":[{"not_picked":["Seeing Red","Havoc"],"picked":"Clash","floor":1.0},{"not_picked":["Second Wind","Body Slam","Intimidate"],"picked":"SKIP","floor":7.0},{"not_picked":["Headbutt","Rupture"],"picked":"Clash","floor":11.0},{"not_picked":["Metallicize","Corruption","Spot Weakness+1"],"picked":"SKIP","floor":12.0},{"not_picked":["True Grit+1","Twin Strike"],"picked":"Flame Barrier+1","floor":13.0},{"not_picked":["Metallicize","Body Slam"],"picked":"Clash","floor":14.0},{"not_picked":["Brutality","Fiend Fire"],"picked":"Immolate","floor":16},{"not_picked":["Evolve","Carnage"],"picked":"Twin Strike+1","floor":18},{"not_picked":["Perfected Strike","Corruption","Sword Boomerang"],"picked":"SKIP","floor":20},{"not_picked":["Shrug It Off+1","Headbutt"],"picked":"Flex+1","floor":21},{"not_picked":["Anger","Spot Weakness+1"],"picked":"Clash","floor":24},{"not_picked":["Anger","True Grit+1","Havoc+1"],"picked":"SKIP","floor":27},{"not_picked":["Sever Soul","Body Slam","Rage+1"],"picked":"SKIP","floor":31},{"not_picked":["Reckless Charge+1","Sentinel+1"],"picked":"Flex+1","floor":35},{"not_picked":["Good Instincts+1","Magnetism"],"picked":"Trip+1","floor":38},{"not_picked":["Jack Of All Trades+1","Apotheosis+1"],"picked":"Blind+1","floor":38},{"not_picked":["Dark Shackles+1","Trip+1"],"picked":"Good Instincts+1","floor":38},{"not_picked":["Havoc+1","Cleave","Iron Wave+1"],"picked":"SKIP","floor":39},{"not_picked":["Bloodletting+1","Dual Wield+1"],"picked":"Clash+1","floor":40},{"not_picked":["Havoc+1","Twin Strike+1","Armaments+1"],"picked":"Singing Bowl","floor":45},{"not_picked":["Reckless Charge+1","Headbutt","Clash"],"picked":"Singing Bowl","floor":46},{"not_picked":["Cleave","Body Slam"],"picked":"Whirlwind+1","floor":47},{"not_picked":["Body Slam","Reaper","Iron Wave"],"picked":"Singing Bowl","floor":48}],"player_experience":1646451,"relics_obtained":[{"floor":7.0,"key":"Blue Candle"},{"floor":9.0,"key":"Whetstone"},{"floor":11.0,"key":"Toxic Egg 2"},{"floor":26,"key":"Regal Pillow"},{"floor":40,"key":"Singing Bowl"},{"floor":43,"key":"Shuriken"},{"floor":46,"key":"Pantograph"}],"event_choices":[{"damage_healed":0.0,"max_hp_gain":0.0,"max_hp_loss":0.0,"gold_gain":75.0,"event_name":"World of Goop","player_choice":"Gather Gold","floor":3.0,"gold_loss":0.0,"damage_taken":11.0},{"damage_healed":0.0,"max_hp_gain":0.0,"max_hp_loss":0.0,"gold_gain":0.0,"event_name":"FaceTrader","player_choice":"Trade","floor":5.0,"gold_loss":0.0,"damage_taken":0.0,"relics_obtained":["FaceOfCleric"]},{"cards_removed":["Defend_R"],"damage_healed":0,"gold_gain":0,"player_choice":"Gave Gold","damage_taken":0,"max_hp_gain":0,"max_hp_loss":0,"event_name":"Beggar","floor":19,"gold_loss":75},{"cards_removed":["Strike_R"],"damage_healed":0,"gold_gain":0,"player_choice":"Elegance","damage_taken":0,"max_hp_gain":0,"max_hp_loss":0,"event_name":"Back to Basics","floor":22,"gold_loss":0},{"damage_healed":0,"gold_gain":0,"player_choice":"Opened","damage_taken":0,"relics_obtained":["Mercury Hourglass"],"max_hp_gain":0,"max_hp_loss":0,"event_name":"The Mausoleum","floor":28,"gold_loss":0},{"damage_healed":0,"gold_gain":0,"player_choice":"Got Potions","damage_taken":0,"max_hp_gain":0,"max_hp_loss":0,"event_name":"Lab","floor":30,"gold_loss":0},{"damage_healed":0,"gold_gain":0,"player_choice":"Max HP","damage_taken":0,"max_hp_gain":0,"max_hp_loss":5,"event_name":"Winding Halls","floor":36,"gold_loss":0},{"damage_healed":0,"gold_gain":0,"player_choice":"Memory 3","damage_taken":10,"max_hp_gain":0,"max_hp_loss":0,"event_name":"SensoryStone","floor":38,"gold_loss":0},{"damage_healed":0,"gold_gain":0,"player_choice":"Paid Gold","damage_taken":0,"relics_obtained":["FossilizedHelix"],"max_hp_gain":0,"max_hp_loss":0,"event_name":"WeMeetAgain","floor":42,"gold_loss":63}],"is_beta":false,"boss_relics":[{"not_picked":["Ectoplasm","Eternal Feather"],"picked":"Runic Dome"},{"not_picked":["Coffee Dripper","Cursed Key"],"picked":"Sozu"}],"items_purged_floors":[2,4,25,37],"is_endless":false,"potions_floor_spawned":[1,7,16,27,31,33,35,40,45,47],"ascension_level":0}