{"gold_per_floor":[115,65,165,182,194,194,229,229,229,229,246,171,186,204,204,303,303,314,303,203,118,137,137,155,155,155,155,189,189,220,235,235,340,340,358,458,474,493,493,493,509,347,415,415,425,451,59,86,86,86],"floor_reached":50,"playtime":4169,"items_purged":["Strike_G","Strike_G","Dagger Spray","Flechettes"],"score":644,"play_id":"96ce3a13-3ab1-4336-9e9a-455b895ea996","local_time":"20190707103933","is_ascension_mode":true,"campfire_choices":[{"data":"Neutralize","floor":6,"key":"SMITH"},{"floor":8,"key":"REST"},{"data":"Caltrops","floor":10,"key":"SMITH"},{"data":"Endless Agony","floor":15,"key":"SMITH"},{"floor":23,"key":"REST"},{"floor":25,"key":"REST"},{"data":"Bouncing Flask","floor":27,"key":"SMITH"},{"floor":32,"key":"REST"},{"floor":40,"key":"REST"},{"floor":44,"key":"REST"},{"floor":49,"key":"REST"}],"neow_cost":"NONE","seed_source_timestamp":511096822494800,"circlet_count":0,"master_deck":["Survivor","Neutralize+1","Endless Agony+1","Caltrops+1","Backstab","Dagger Throw","Escape Plan","Well Laid Plans","Wraith Form v2","Calculated Gamble+1","Leg Sweep","Bouncing Flask+1","Underhanded Strike+1","Blur","Blur+1","Malaise","Storm of Steel","Caltrops","Backstab","Accuracy","Noxious Fumes","After Image","Prepared+1","Backflip","Backflip+1","Expertise","Madness","Madness","Sucker Punch+1","Footwork","Tactician+1","Blur+1","Secret Technique+1"],"relics":["Sozu","Boot","Ninja Scroll","Black Star","Happy Flower","Letter Opener","Pantograph","Gremlin Horn","Orichalcum","Snake Skull","Pandora\u0027s Box","Thread and Needle","The Courier","Anchor","Toxic Egg 2"],"potions_floor_usage":[],"damage_taken":[{"damage":6,"enemies":"Jaw Worm","floor":1,"turns":5},{"damage":0,"enemies":"Cultist","floor":4,"turns":5},{"damage":0,"enemies":"Small Slimes","floor":5,"turns":3},{"damage":24,"enemies":"Gremlin Nob","floor":7,"turns":5},{"damage":0,"enemies":"Exordium Wildlife","floor":11,"turns":3},{"damage":4,"enemies":"2 Fungi Beasts","floor":13,"turns":2},{"damage":1,"enemies":"Lots of Slimes","floor":14,"turns":2},{"damage":51,"enemies":"Slime Boss","floor":16,"turns":11},{"damage":4,"enemies":"Shell Parasite","floor":18,"turns":4},{"damage":0,"enemies":"2 Thieves","floor":19,"turns":4},{"damage":38,"enemies":"Cultist and Chosen","floor":22,"turns":8},{"damage":3,"enemies":"Snecko","floor":24,"turns":8},{"damage":29,"enemies":"Slavers","floor":28,"turns":5},{"damage":15,"enemies":"Book of Stabbing","floor":30,"turns":5},{"damage":0,"enemies":"3 Cultists","floor":31,"turns":4},{"damage":17,"enemies":"Champ","floor":33,"turns":14},{"damage":15,"enemies":"Orb Walker","floor":35,"turns":3},{"damage":6,"enemies":"Mind Bloom Boss Battle","floor":36,"turns":7},{"damage":0,"enemies":"3 Shapes","floor":37,"turns":3},{"damage":11,"enemies":"Jaw Worm Horde","floor":38,"turns":4},{"damage":17,"enemies":"3 Darklings","floor":41,"turns":6},{"damage":14,"enemies":"Maw","floor":45,"turns":9},{"damage":0,"enemies":"Giant Head","floor":46,"turns":10},{"damage":74,"enemies":"Time Eater","floor":50,"turns":12}],"seed_played":"-6281033184635890159","potions_obtained":[],"is_trial":false,"path_per_floor":["M","?","?","M","M","R","E","R","T","R","M","$","M","M","R","B",null,"M","M","$","?","M","R","M","R","T","R","E","?","E","M","R","B",null,"M","?","M","M","?","R","M","$","T","R","M","E","$","T","R","B"],"character_chosen":"THE_SILENT","items_purchased":["Footwork","Tactician+1","Blur+1","Secret Technique+1"],"campfire_rested":7,"item_purchase_floors":[42,47,47,47],"current_hp_per_floor":[64,64,64,64,64,64,40,61,61,61,61,61,57,56,56,5,70,66,66,66,66,28,49,46,67,67,67,38,61,46,46,67,53,70,55,64,64,53,44,65,48,48,48,69,55,55,55,55,70,0],"gold":86,"neow_bonus":"BOSS_RELIC","is_prod":false,"is_daily":false,"chose_seed":false,"campfire_upgraded":4,"win_rate":0,"timestamp":1562463573,"path_taken":["M","?","?","M","M","R","E","R","T","R","M","$","M","M","R","BOSS","M","?","$","?","M","R","M","R","T","R","E","?","E","M","R","BOSS","M","?","M","M","?","R","M","?","T","R","?","E","$","?","R","BOSS"],"build_version":"2019-07-05","purchased_purges":4,"victory":false,"max_hp_per_floor":[70,70,70,70,70,70,70,70,70,70,70,70,70,70,70,70,70,70,70,70,70,70,70,70,70,70,70,70,70,70,70,70,70,70,70,70,70,70,70,70,70,70,70,70,70,70,70,70,70,70],"card_choices":[{"not_picked":["Bane","Riddle With Holes"],"picked":"Dagger Spray","floor":1},{"not_picked":["Setup","Flying Knee"],"picked":"Endless Agony","floor":4},{"not_picked":["Underhanded Strike","Outmaneuver"],"picked":"Caltrops","floor":5},{"not_picked":["Riddle With Holes","Outmaneuver"],"picked":"Backstab","floor":7},{"not_picked":["Bane","Deflect"],"picked":"Dagger Throw","floor":11},{"not_picked":["Dodge and Roll","Bane"],"picked":"Escape Plan","floor":13},{"not_picked":["Wraith Form v2","Predator"],"picked":"Well Laid Plans","floor":14},{"not_picked":["A Thousand Cuts","Night Terror"],"picked":"Wraith Form v2","floor":16},{"not_picked":["Well Laid Plans","Eviscerate","Choke"],"picked":"SKIP","floor":18},{"not_picked":["Slice","Prepared"],"picked":"Calculated Gamble+1","floor":19},{"not_picked":["Dagger Throw","Tactician"],"picked":"Leg Sweep","floor":22},{"not_picked":["Accuracy","Poisoned Stab"],"picked":"Bouncing Flask","floor":24},{"not_picked":["Doppelganger","Slice"],"picked":"Underhanded Strike+1","floor":28},{"not_picked":["Flying Knee+1","Bane+1"],"picked":"Blur","floor":30},{"not_picked":["Bouncing Flask","PiercingWail+1"],"picked":"Blur+1","floor":31},{"not_picked":["Storm of Steel","Grand Finale"],"picked":"Malaise","floor":33},{"not_picked":["Underhanded Strike","Sucker Punch"],"picked":"Prepared+1","floor":35},{"not_picked":["Outmaneuver+1","Slice"],"picked":"Backflip","floor":36},{"not_picked":["Accuracy","Acrobatics"],"picked":"Backflip+1","floor":37},{"not_picked":["Dodge and Roll","Bouncing Flask+1"],"picked":"Expertise","floor":38},{"not_picked":["Backflip","After Image"],"picked":"Sucker Punch+1","floor":41},{"not_picked":["Bane","Terror","Quick Slash"],"picked":"SKIP","floor":45},{"not_picked":["Venomology","Distraction","Quick Slash+1"],"picked":"SKIP","floor":46}],"player_experience":279699,"relics_obtained":[{"floor":7,"key":"Boot"},{"floor":9,"key":"Ninja Scroll"},{"floor":26,"key":"Letter Opener"},{"floor":28,"key":"Pantograph"},{"floor":28,"key":"Gremlin Horn"},{"floor":30,"key":"Orichalcum"},{"floor":30,"key":"Snake Skull"},{"floor":36,"key":"Thread and Needle"},{"floor":43,"key":"The Courier"},{"floor":46,"key":"Anchor"},{"floor":46,"key":"Toxic Egg 2"}],"event_choices":[{"cards_removed":["Strike_G"],"damage_healed":0,"gold_gain":0,"player_choice":"Card Removal","damage_taken":0,"max_hp_gain":0,"max_hp_loss":0,"event_name":"The Cleric","floor":2,"gold_loss":50},{"damage_healed":0,"gold_gain":100,"player_choice":"Pray","damage_taken":0,"max_hp_gain":0,"max_hp_loss":0,"event_name":"Golden Shrine","floor":3,"gold_loss":0},{"damage_healed":0,"gold_gain":0,"player_choice":"Obtained Relic","damage_taken":0,"relics_obtained":["Happy Flower"],"max_hp_gain":0,"max_hp_loss":0,"event_name":"Addict","floor":21,"gold_loss":85},{"damage_healed":23,"gold_gain":0,"player_choice":"Heal","damage_taken":0,"max_hp_gain":0,"max_hp_loss":0,"event_name":"The Library","floor":29,"gold_loss":0},{"damage_healed":0,"gold_gain":0,"player_choice":"Fight","damage_taken":0,"max_hp_gain":0,"max_hp_loss":0,"event_name":"MindBloom","floor":36,"gold_loss":0},{"damage_healed":0,"gold_gain":0,"player_choice":"Embrace Madness","damage_taken":9,"max_hp_gain":0,"max_hp_loss":0,"event_name":"Winding Halls","floor":39,"gold_loss":0,"cards_obtained":["Madness","Madness"]}],"is_beta":false,"boss_relics":[{"not_picked":["HoveringKite","Busted Crown"],"picked":"Black Star"},{"not_picked":["Runic Pyramid","Coffee Dripper"],"picked":"Pandora\u0027s Box"}],"items_purged_floors":[12,20,42,47],"is_endless":false,"potions_floor_spawned":[5,11,13,14,18,22,37,41,46],"killed_by":"Time Eater","ascension_level":4}