{"gold_per_floor":[113,125,137,137,152,152,184,184,184,184],"floor_reached":10,"playtime":488,"items_purged":[],"score":133,"play_id":"75bdd347-90ee-4fec-b387-1db346496a13","local_time":"20190807002919","is_ascension_mode":true,"campfire_choices":[{"floor":6,"key":"DIG"},{"floor":8,"key":"REST"}],"neow_cost":"TEN_PERCENT_HP_LOSS","seed_source_timestamp":342661184880900,"circlet_count":0,"master_deck":["AscendersBane","Strike_G","Strike_G","Strike_G","Strike_G","Strike_G","Defend_G","Defend_G","Defend_G","Defend_G","Defend_G","Survivor","Neutralize","Dagger Throw","Bouncing Flask","Blur","Well Laid Plans","Distraction"],"relics":["Ring of the Snake","Shovel","Unceasing Top","Matryoshka","Juzu Bracelet","Pantograph"],"potions_floor_usage":[7],"damage_taken":[{"damage":11,"enemies":"Cultist","floor":1,"turns":5},{"damage":6,"enemies":"Small Slimes","floor":2,"turns":4},{"damage":1,"enemies":"Jaw Worm","floor":3,"turns":3},{"damage":28,"enemies":"Lots of Slimes","floor":5,"turns":5},{"damage":20,"enemies":"Lagavulin","floor":7,"turns":7},{"damage":25,"enemies":"Exordium Thugs","floor":10,"turns":5}],"seed_played":"4622269046941799185","potions_obtained":[{"floor":2,"key":"Weak Potion"}],"is_trial":false,"path_per_floor":["M","M","M","?","M","R","E","R","T","M"],"character_chosen":"THE_SILENT","items_purchased":[],"campfire_rested":1,"item_purchase_floors":[],"current_hp_per_floor":[48,42,41,60,32,32,12,30,30,5],"gold":184,"neow_bonus":"ONE_RARE_RELIC","is_prod":false,"is_daily":false,"chose_seed":false,"campfire_upgraded":0,"win_rate":0,"timestamp":1565105359,"path_taken":["M","M","M","?","M","R","E","R","T","M"],"build_version":"2019-07-17","purchased_purges":0,"victory":false,"max_hp_per_floor":[60,60,60,60,60,60,60,60,60,60],"card_choices":[{"not_picked":["Blade Dance","Prepared"],"picked":"Dagger Throw","floor":1},{"not_picked":["Flechettes","Prepared"],"picked":"Bouncing Flask","floor":2},{"not_picked":["Crippling Poison","Setup"],"picked":"Blur","floor":3},{"not_picked":["Deadly Poison","PiercingWail"],"picked":"Well Laid Plans","floor":5},{"not_picked":["Dagger Spray","Acrobatics"],"picked":"Distraction","floor":7}],"player_experience":595146,"relics_obtained":[{"floor":6,"key":"Unceasing Top"},{"floor":7,"key":"Matryoshka"},{"floor":9,"key":"Juzu Bracelet"},{"floor":9,"key":"Pantograph"}],"event_choices":[{"damage_healed":20,"gold_gain":0,"player_choice":"Banana","damage_taken":0,"max_hp_gain":0,"max_hp_loss":0,"event_name":"Big Fish","floor":4,"gold_loss":0}],"is_beta":false,"boss_relics":[],"items_purged_floors":[],"is_endless":false,"potions_floor_spawned":[2],"killed_by":"Exordium Thugs","ascension_level":19}