{"gold_per_floor":[119,132,132,144,161,161,182,182,212,226,151,170,170,189,189,289,289,303,316,316,330,330,330,355,355,379,279,154,154,181,193,193,297,297,297],"floor_reached":35,"playtime":974,"items_purged":["Strike_G","Writhe","Strike_G"],"score":397,"play_id":"6c0df91d-6a61-44b5-afec-90358fcecfd1","local_time":"20190731002539","is_ascension_mode":false,"campfire_choices":[{"data":"Neutralize","floor":6.0,"key":"SMITH"},{"data":"Cloak And Dagger","floor":13.0,"key":"SMITH"},{"data":"A Thousand Cuts","floor":15.0,"key":"SMITH"},{"data":"Accuracy","floor":23.0,"key":"SMITH"},{"data":"Cloak And Dagger","floor":25.0,"key":"SMITH"},{"floor":32.0,"key":"REST"}],"neow_cost":"NONE","seed_source_timestamp":4991789125906,"circlet_count":0,"master_deck":["Strike_G","Strike_G","Strike_G+1","Defend_G","Defend_G+1","Defend_G+1","Defend_G","Survivor","Neutralize+1","Cloak And Dagger+1","Cloak And Dagger","Footwork","Accuracy+1","Blade Dance+1","A Thousand Cuts+1","Burst","Cloak And Dagger+1","Necronomicurse","Venomology"],"special_seed":0,"relics":["Ring of the Snake","NeowsBlessing","Odd Mushroom","Tiny Chest","Busted Crown","Molten Egg 2","Boot","Bag of Preparation","Necronomicon","War Paint","Velvet Choker"],"potions_floor_usage":[33,33],"damage_taken":[{"damage":0.0,"enemies":"Cultist","floor":1.0,"turns":1.0},{"damage":0.0,"enemies":"Jaw Worm","floor":2.0,"turns":1.0},{"damage":0.0,"enemies":"Small Slimes","floor":4.0,"turns":1.0},{"damage":0.0,"enemies":"Blue Slaver","floor":5.0,"turns":5.0},{"damage":10.0,"enemies":"The Mushroom Lair","floor":7.0,"turns":6.0},{"damage":25.0,"enemies":"Large Slime","floor":10.0,"turns":9.0},{"damage":0.0,"enemies":"2 Fungi Beasts","floor":12.0,"turns":4.0},{"damage":0.0,"enemies":"Blue Slaver","floor":14.0,"turns":4.0},{"damage":0.0,"enemies":"Slime Boss","floor":16.0,"turns":6.0},{"damage":0.0,"enemies":"Shell Parasite","floor":18.0,"turns":6.0},{"damage":14.0,"enemies":"Spheric Guardian","floor":19.0,"turns":4.0},{"damage":0.0,"enemies":"Centurion and Healer","floor":21.0,"turns":5.0},{"damage":2.0,"enemies":"Snecko","floor":31.0,"turns":4.0},{"damage":27,"enemies":"Champ","floor":33,"turns":10},{"damage":0,"enemies":"Orb Walker","floor":35,"turns":1}],"seed_played":"-7393807065242937547","potions_obtained":[{"floor":1.0,"key":"Energy Potion"},{"floor":4.0,"key":"Poison Potion"},{"floor":5.0,"key":"Weak Potion"},{"floor":7.0,"key":"Strength Potion"},{"floor":16.0,"key":"GamblersBrew"},{"floor":19.0,"key":"SteroidPotion"},{"floor":33,"key":"SteroidPotion"}],"is_trial":false,"path_per_floor":["M","M","?","M","M","R","?","?","T","M","$","M","R","M","R","B",null,"M","M","?","M","?","R","T","R","T","$","$","?","T","M","R","B",null,"M"],"character_chosen":"THE_SILENT","items_purchased":[],"campfire_rested":1,"item_purchase_floors":[],"current_hp_per_floor":[70,70,63,63,63,63,53,39,39,14,14,14,14,14,14,14,70,70,56,56,56,56,56,56,56,56,56,56,40,40,38,59,32,70,70],"gold":297,"neow_bonus":"THREE_ENEMY_KILL","is_prod":false,"is_daily":false,"chose_seed":false,"campfire_upgraded":5,"win_rate":0,"timestamp":1564554339,"path_taken":["M","?","?","M","M","R","?","?","T","M","?","M","R","M","R","BOSS","M","M","?","M","?","R","?","R","T","?","$","?","?","M","R","BOSS","M"],"build_version":"2019-07-17","purchased_purges":3,"victory":false,"max_hp_per_floor":[70,70,70,70,70,70,70,70,70,70,70,70,70,70,70,70,70,70,70,70,70,70,70,70,70,70,70,70,70,70,70,70,70,70,70],"card_choices":[{"not_picked":["Acrobatics","Heel Hook"],"picked":"Cloak And Dagger","floor":1.0},{"not_picked":["Flying Knee","Distraction"],"picked":"Cloak And Dagger","floor":2.0},{"not_picked":["Predator","Outmaneuver"],"picked":"Footwork","floor":4.0},{"not_picked":["Acrobatics","Blade Dance","Catalyst"],"picked":"SKIP","floor":5.0},{"not_picked":["Poisoned Stab","Bouncing Flask"],"picked":"Accuracy","floor":7.0},{"not_picked":["Well Laid Plans","Dodge and Roll","Reflex"],"picked":"SKIP","floor":10.0},{"not_picked":["Outmaneuver","Choke"],"picked":"Blade Dance","floor":12.0},{"not_picked":["Expertise","Concentrate"],"picked":"A Thousand Cuts","floor":14.0},{"not_picked":["Grand Finale","Phantasmal Killer"],"picked":"Burst","floor":16.0},{"not_picked":["PiercingWail+1"],"picked":"SKIP","floor":18.0},{"not_picked":["Deflect"],"picked":"SKIP","floor":19.0},{"not_picked":["Bouncing Flask"],"picked":"SKIP","floor":21.0},{"not_picked":["Slice+1"],"picked":"SKIP","floor":31.0},{"not_picked":[],"picked":"Venomology","floor":33}],"player_experience":1599509,"relics_obtained":[{"floor":7.0,"key":"Odd Mushroom"},{"floor":9.0,"key":"Tiny Chest"},{"floor":24.0,"key":"Boot"},{"floor":26.0,"key":"Bag of Preparation"},{"floor":29.0,"key":"Necronomicon"},{"floor":30.0,"key":"War Paint"}],"event_choices":[{"cards_removed":["Defend_G"],"damage_healed":0.0,"max_hp_gain":0.0,"max_hp_loss":0.0,"gold_gain":0.0,"event_name":"Golden Wing","player_choice":"Card Removal","floor":3.0,"gold_loss":0.0,"damage_taken":7.0},{"damage_healed":0.0,"max_hp_gain":0.0,"max_hp_loss":0.0,"gold_gain":0.0,"event_name":"Mushrooms","player_choice":"Fought Mushrooms","floor":7.0,"gold_loss":0.0,"damage_taken":0.0},{"damage_healed":0.0,"max_hp_gain":0.0,"max_hp_loss":0.0,"gold_gain":0.0,"event_name":"Shining Light","player_choice":"Entered Light","floor":8.0,"gold_loss":0.0,"damage_taken":14.0,"cards_upgraded":["Defend_G","Strike_G"]},{"damage_healed":0.0,"max_hp_gain":0.0,"max_hp_loss":0.0,"gold_gain":0.0,"event_name":"The Library","player_choice":"Read","floor":20.0,"gold_loss":0.0,"damage_taken":0.0,"cards_obtained":["Cloak And Dagger"]},{"damage_healed":0.0,"max_hp_gain":0.0,"max_hp_loss":0.0,"gold_gain":0.0,"event_name":"The Mausoleum","player_choice":"Opened","floor":22.0,"gold_loss":0.0,"damage_taken":0.0,"relics_obtained":["Molten Egg 2"],"cards_obtained":["Writhe"]},{"damage_healed":0.0,"max_hp_gain":0.0,"max_hp_loss":0.0,"gold_gain":0.0,"event_name":"Cursed Tome","player_choice":"Obtained Book","floor":29.0,"gold_loss":0.0,"damage_taken":16.0}],"is_beta":false,"boss_relics":[{"not_picked":["Cursed Key","Fusion Hammer"],"picked":"Busted Crown"},{"not_picked":["Calling Bell","Black Star"],"picked":"Velvet Choker"}],"items_purged_floors":[11,27,28],"is_endless":false,"potions_floor_spawned":[1,4,5,7,16,19,33],"killed_by":"Orb Walker","ascension_level":0}