{"gold_per_floor":[109,59,59,114,189,217,217,236,263,263,276,289,289,303,303,400,400,383,394,414,21,40,66,81,116,116,132,163,163,263,288,288,388,388,404,479,490,501,188,214,225,244,267,281,0,45,45,63,63,63],"floor_reached":51,"playtime":5427,"items_purged":["Regret","Flex"],"score":928,"play_id":"2d0115c8-aed2-4ab7-98e8-5167f69e68a4","local_time":"20190821220632","is_ascension_mode":true,"campfire_choices":[{"floor":7,"key":"RECALL"},{"floor":10,"key":"REST"},{"data":"Second Wind","floor":13,"key":"SMITH"},{"floor":15,"key":"REST"},{"floor":29,"key":"REST"},{"floor":32,"key":"REST"},{"data":"1","floor":49,"key":"LIFT"}],"neow_cost":"NONE","seed_source_timestamp":169455628923500,"circlet_count":0,"master_deck":["Strike_R","Strike_R","Strike_R","Strike_R","Strike_R","Defend_R","Defend_R","Defend_R","Bash+1","Metallicize","Second Wind+1","Body Slam","Pommel Strike","Body Slam","Impervious","Shrug It Off","Metamorphosis","Whirlwind","Blood for Blood+1","Demon Form","Corruption+1","Cleave+1","Perfected Strike+1","Barricade","Impervious","Demon Form","Flex","Perfected Strike","Body Slam+1","Entrench","Transmutation","Entrench+1","Whirlwind","Entrench+1","Bludgeon","Whirlwind","Dual Wield+1"],"relics":["Burning Blood","Calipers","Self Forming Clay","Blood Vial","Snecko Eye","PreservedInsect","Matryoshka","Anchor","Omamori","Ancient Tea Set","Lantern","Girya","Ornamental Fan","Orichalcum","Black Star","Bottled Flame","Ice Cream","Bronze Scales","Red Mask","Champion Belt"],"potions_floor_usage":[16,23,31,33,33,42,50,50,50],"damage_taken":[{"damage":0,"enemies":"2 Louse","floor":1,"turns":3},{"damage":49,"enemies":"Lagavulin","floor":6,"turns":6},{"damage":7,"enemies":"Jaw Worm","floor":8,"turns":4},{"damage":3,"enemies":"Small Slimes","floor":11,"turns":3},{"damage":3,"enemies":"Exordium Wildlife","floor":12,"turns":4},{"damage":22,"enemies":"Large Slime","floor":14,"turns":9},{"damage":68,"enemies":"The Guardian","floor":16,"turns":12},{"damage":10,"enemies":"2 Thieves","floor":18,"turns":4},{"damage":17,"enemies":"Shell Parasite","floor":19,"turns":7},{"damage":20,"enemies":"Snake Plant","floor":20,"turns":4},{"damage":29,"enemies":"Snecko","floor":22,"turns":5},{"damage":0,"enemies":"Book of Stabbing","floor":23,"turns":2},{"damage":17,"enemies":"Centurion and Healer","floor":24,"turns":4},{"damage":0,"enemies":"Gremlin Leader","floor":25,"turns":4},{"damage":6,"enemies":"Cultist and Chosen","floor":27,"turns":6},{"damage":32,"enemies":"Slavers","floor":28,"turns":5},{"damage":7,"enemies":"Colosseum Slavers","floor":30,"turns":3},{"damage":0,"enemies":"Colosseum Nobs","floor":30,"turns":2},{"damage":27,"enemies":"Gremlin Leader","floor":31,"turns":3},{"damage":0,"enemies":"Champ","floor":33,"turns":7},{"damage":10,"enemies":"3 Darklings","floor":35,"turns":5},{"damage":0,"enemies":"Orb Walker","floor":37,"turns":3},{"damage":14,"enemies":"Sphere and 2 Shapes","floor":38,"turns":5},{"damage":23,"enemies":"Reptomancer","floor":40,"turns":5},{"damage":0,"enemies":"Transient","floor":41,"turns":5},{"damage":10,"enemies":"Writhing Mass","floor":42,"turns":6},{"damage":15,"enemies":"3 Darklings","floor":44,"turns":6},{"damage":0,"enemies":"2 Orb Walkers","floor":46,"turns":4},{"damage":9,"enemies":"Transient","floor":48,"turns":5},{"damage":39,"enemies":"Time Eater","floor":50,"turns":8}],"seed_played":"7635477485981850328","potions_obtained":[{"floor":6,"key":"SmokeBomb"},{"floor":8,"key":"Regen Potion"},{"floor":16,"key":"Swift Potion"},{"floor":19,"key":"PowerPotion"},{"floor":20,"key":"SpeedPotion"},{"floor":24,"key":"SpeedPotion"},{"floor":25,"key":"GamblersBrew"},{"floor":33,"key":"PowerPotion"},{"floor":37,"key":"FearPotion"},{"floor":38,"key":"Regen Potion"},{"floor":48,"key":"Poison Potion"}],"is_trial":false,"path_per_floor":["M","?","?","?","?","E","R","M","T","R","M","M","R","M","R","B",null,"M","M","M","$","M","E","M","E","T","M","E","R","?","E","R","B",null,"M","?","M","M","$","E","M","M","T","M","?","?","?","M","R","B",null],"character_chosen":"IRONCLAD","items_purchased":["Metamorphosis","PreservedInsect","Entrench","Transmutation"],"campfire_rested":4,"item_purchase_floors":[21,21,39,39],"current_hp_per_floor":[80,80,80,80,69,26,26,25,25,49,54,59,59,45,69,18,80,76,67,55,55,34,42,33,41,41,43,19,43,52,33,57,65,80,76,68,76,70,70,55,63,76,76,69,69,77,77,76,76,45],"gold":63,"neow_bonus":"UPGRADE_CARD","is_prod":false,"is_daily":false,"chose_seed":false,"campfire_upgraded":1,"win_rate":0,"timestamp":1566450392,"path_taken":["M","?","?","?","?","E","R","M","T","R","M","M","R","M","R","BOSS","M","M","M","$","M","E","M","E","T","M","E","R","?","E","R","BOSS","M","?","M","M","$","E","?","M","T","M","?","?","?","M","R","BOSS"],"build_version":"2019-07-17","purchased_purges":2,"victory":true,"max_hp_per_floor":[80,80,80,80,80,80,80,80,80,80,80,80,80,80,80,80,80,80,80,80,80,80,80,80,80,80,80,80,80,80,80,80,80,80,80,80,80,80,80,80,80,80,80,80,80,80,80,80,80,80],"card_choices":[{"not_picked":["True Grit","Combust"],"picked":"Flex","floor":1},{"not_picked":["Combust","Wild Strike"],"picked":"Metallicize","floor":6},{"not_picked":["Spot Weakness","Twin Strike"],"picked":"Second Wind","floor":8},{"not_picked":["Hemokinesis","Corruption"],"picked":"Body Slam","floor":11},{"not_picked":["Whirlwind","Searing Blow"],"picked":"Pommel Strike","floor":12},{"not_picked":["Warcry","Sword Boomerang"],"picked":"Body Slam","floor":14},{"not_picked":["Reaper","Double Tap"],"picked":"Impervious","floor":16},{"not_picked":["Warcry","Anger+1","Sword Boomerang"],"picked":"SKIP","floor":18},{"not_picked":["Twin Strike","True Grit+1"],"picked":"Clothesline","floor":19},{"not_picked":["True Grit","Iron Wave"],"picked":"Shrug It Off","floor":20},{"not_picked":["Headbutt+1","Anger+1"],"picked":"Whirlwind","floor":22},{"not_picked":["Sword Boomerang","Seeing Red"],"picked":"Blood for Blood+1","floor":23},{"not_picked":["Flex","Armaments+1"],"picked":"Demon Form","floor":24},{"not_picked":["Cleave","Evolve+1"],"picked":"Corruption+1","floor":25},{"not_picked":["Twin Strike","Body Slam"],"picked":"Cleave+1","floor":27},{"not_picked":["Clash+1","Body Slam+1"],"picked":"Perfected Strike+1","floor":28},{"not_picked":["Rage","Flex"],"picked":"Barricade","floor":30},{"not_picked":["Intimidate","Searing Blow"],"picked":"Impervious","floor":31},{"not_picked":["Bludgeon","Impervious"],"picked":"Demon Form","floor":33},{"not_picked":["Warcry","Anger+1"],"picked":"Flex","floor":35},{"not_picked":["Iron Wave+1","Sever Soul"],"picked":"Perfected Strike","floor":37},{"not_picked":["Fiend Fire","Armaments+1"],"picked":"Body Slam+1","floor":38},{"not_picked":["Flex+1","Burning Pact+1"],"picked":"Entrench+1","floor":40},{"not_picked":["Flex+1","Spot Weakness+1"],"picked":"Whirlwind","floor":41},{"not_picked":["Cleave+1","Shrug It Off+1"],"picked":"Entrench+1","floor":42},{"not_picked":["Thunderclap+1","Twin Strike+1"],"picked":"Bludgeon","floor":44},{"not_picked":["Burning Pact","Rampage"],"picked":"Whirlwind","floor":46},{"not_picked":["Spot Weakness","Wild Strike"],"picked":"Dual Wield+1","floor":48}],"player_experience":49403,"relics_obtained":[{"floor":6,"key":"Self Forming Clay"},{"floor":9,"key":"Blood Vial"},{"floor":23,"key":"Matryoshka"},{"floor":25,"key":"Anchor"},{"floor":26,"key":"Omamori"},{"floor":26,"key":"Ancient Tea Set"},{"floor":28,"key":"Lantern"},{"floor":30,"key":"Girya"},{"floor":30,"key":"Ornamental Fan"},{"floor":31,"key":"Orichalcum"},{"floor":40,"key":"Bottled Flame"},{"floor":40,"key":"Ice Cream"},{"floor":43,"key":"Bronze Scales"},{"floor":46,"key":"Champion Belt"}],"event_choices":[{"cards_removed":["Defend_R"],"damage_healed":0,"gold_gain":0,"player_choice":"Card Removal","damage_taken":0,"max_hp_gain":0,"max_hp_loss":0,"event_name":"The Cleric","floor":2,"gold_loss":50},{"damage_healed":0,"gold_gain":0,"player_choice":"Box","damage_taken":0,"relics_obtained":["Calipers"],"max_hp_gain":0,"max_hp_loss":0,"event_name":"Big Fish","floor":3,"gold_loss":0,"cards_obtained":["Regret"]},{"damage_healed":0,"gold_gain":55,"player_choice":"Gained Gold","damage_taken":0,"max_hp_gain":0,"max_hp_loss":0,"event_name":"Golden Wing","floor":4,"gold_loss":0},{"damage_healed":0,"gold_gain":75,"player_choice":"Gather Gold","damage_taken":11,"max_hp_gain":0,"max_hp_loss":0,"event_name":"World of Goop","floor":5,"gold_loss":0},{"damage_healed":0,"gold_gain":0,"player_choice":"Fight","damage_taken":0,"max_hp_gain":0,"max_hp_loss":0,"event_name":"Colosseum","floor":30,"gold_loss":0},{"damage_healed":0,"gold_gain":0,"player_choice":"Fought Nobs","damage_taken":0,"max_hp_gain":0,"max_hp_loss":0,"event_name":"Colosseum","floor":30,"gold_loss":0},{"damage_healed":0,"gold_gain":75,"player_choice":"Touch","damage_taken":8,"max_hp_gain":0,"max_hp_loss":0,"event_name":"FaceTrader","floor":36,"gold_loss":0},{"damage_healed":0,"gold_gain":0,"player_choice":"Paid","damage_taken":0,"relics_obtained":["Red Mask"],"max_hp_gain":0,"max_hp_loss":0,"event_name":"Tomb of Lord Red Mask","floor":45,"gold_loss":281},{"damage_healed":0,"gold_gain":0,"player_choice":"Fight","damage_taken":0,"max_hp_gain":0,"max_hp_loss":0,"event_name":"Mysterious Sphere","floor":46,"gold_loss":0},{"cards_removed":["Clothesline"],"damage_healed":0,"gold_gain":0,"player_choice":"Removed Attack","damage_taken":0,"max_hp_gain":0,"max_hp_loss":0,"event_name":"Falling","floor":47,"gold_loss":0}],"is_beta":false,"boss_relics":[{"not_picked":["Runic Dome","Velvet Choker"],"picked":"Snecko Eye"},{"not_picked":["Mark of Pain","Orrery"],"picked":"Black Star"}],"items_purged_floors":[21,39],"is_endless":false,"potions_floor_spawned":[6,8,16,19,20,24,25,33,37,38,41,48],"ascension_level":1}