{"gold_per_floor":[113,113,66,77,90,117,117,137,183,183,202,202,127,138,138,238,238,258,271,136,61,61,61,91,91,91,102,113,132,151,167,167,270,270,285,297,310,310,185,185,285,38,62,81,136,153,153,163,163,163],"floor_reached":51,"playtime":3703,"items_purged":["Strike_G","Strike_G","Strike_G"],"score":623,"play_id":"72babb31-4b72-4c92-8ca0-b2fabf4b8c46","local_time":"20181228181056","is_ascension_mode":false,"campfire_choices":[{"data":"Deadly Poison","floor":7,"key":"SMITH"},{"data":"Crippling Poison","floor":12,"key":"SMITH"},{"floor":15,"key":"REST"},{"data":"Noxious Fumes","floor":23,"key":"SMITH"},{"data":"Backflip","floor":25,"key":"SMITH"},{"floor":32,"key":"REST"},{"data":"Tools of the Trade","floor":40,"key":"SMITH"},{"floor":47,"key":"REST"},{"floor":49,"key":"REST"}],"neow_cost":"NONE","seed_source_timestamp":27983589648795,"circlet_count":0,"master_deck":["Defend_G","Defend_G","Defend_G","Defend_G","Defend_G","Survivor","Neutralize+1","Backflip+1","Deadly Poison+1","Dash+1","Outmaneuver","PiercingWail","Deadly Poison","Crippling Poison+1","Prepared","Envenom","Poisoned Stab+1","Noxious Fumes+1","Tools of the Trade+1","Noxious Fumes","Burst","Escape Plan+1","Predator","Deadly Poison+1","Blur","Prepared","Bouncing Flask+1"],"relics":["Ring of the Snake","Snake Skull","Sundial","Omamori","Velvet Choker","Orichalcum","Prayer Wheel","Philosopher\u0027s Stone","Ginger","Mummified Hand","Strawberry","Whetstone"],"potions_floor_usage":[16,18,33,46,50,50],"damage_taken":[{"damage":2,"enemies":"Small Slimes","floor":1,"turns":5},{"damage":3,"enemies":"Jaw Worm","floor":4,"turns":4},{"damage":0,"enemies":"Cultist","floor":5,"turns":3},{"damage":10,"enemies":"Lagavulin","floor":6,"turns":8},{"damage":3,"enemies":"3 Louse","floor":8,"turns":6},{"damage":0,"enemies":"Exordium Wildlife","floor":11,"turns":4},{"damage":3,"enemies":"Gremlin Gang","floor":14,"turns":3},{"damage":20,"enemies":"Hexaghost","floor":16,"turns":9},{"damage":7,"enemies":"Spheric Guardian","floor":18,"turns":5},{"damage":0,"enemies":"Chosen","floor":19,"turns":4},{"damage":12,"enemies":"Slavers","floor":24,"turns":5},{"damage":3,"enemies":"Snecko","floor":27,"turns":4},{"damage":2,"enemies":"Cultist and Chosen","floor":28,"turns":5},{"damage":3,"enemies":"Shelled Parasite and Fungi","floor":29,"turns":5},{"damage":8,"enemies":"3 Cultists","floor":30,"turns":5},{"damage":19,"enemies":"Snake Plant","floor":31,"turns":4},{"damage":33,"enemies":"Champ","floor":33,"turns":10},{"damage":3,"enemies":"3 Shapes","floor":35,"turns":4},{"damage":10,"enemies":"Orb Walker","floor":36,"turns":4},{"damage":3,"enemies":"Transient","floor":37,"turns":5},{"damage":0,"enemies":"Mind Bloom Boss Battle","floor":41,"turns":6},{"damage":1,"enemies":"Maw","floor":44,"turns":6},{"damage":20,"enemies":"Writhing Mass","floor":46,"turns":5},{"damage":23,"enemies":"Spire Growth","floor":48,"turns":5},{"damage":54,"enemies":"Donu and Deca","floor":50,"turns":8}],"seed_played":"-5741871317797584291","potions_obtained":[{"floor":4,"key":"LiquidBronze"},{"floor":5,"key":"Swift Potion"},{"floor":11,"key":"Ancient Potion"},{"floor":16,"key":"Swift Potion"},{"floor":19,"key":"Strength Potion"},{"floor":22,"key":"FearPotion"},{"floor":33,"key":"Strength Potion"},{"floor":41,"key":"GhostInAJar"}],"is_trial":false,"path_per_floor":["M","?","$","M","M","E","R","M","T","?","M","R","$","M","R","B",null,"M","M","$","?","?","R","E","R","T","M","M","M","M","M","R","B",null,"M","M","M","?","$","R","?","$","T","M","T","M","R","M","R","B",null],"character_chosen":"THE_SILENT","items_purchased":["Deadly Poison","Noxious Fumes","Mummified Hand"],"campfire_rested":4,"item_purchase_floors":[3,20,42],"current_hp_per_floor":[68,68,68,65,65,55,55,52,52,52,52,52,52,49,70,50,70,63,63,63,63,63,63,51,51,51,48,46,43,35,16,37,4,70,67,57,54,54,54,54,54,54,61,60,60,40,63,40,63,9],"gold":163,"neow_bonus":"RANDOM_COMMON_RELIC","is_prod":false,"is_daily":false,"chose_seed":false,"campfire_upgraded":5,"win_rate":0.0,"timestamp":1545988256,"path_taken":["M","?","$","M","M","E","R","M","T","?","?","R","?","M","R","BOSS","M","M","$","?","?","R","E","R","T","M","?","?","M","M","R","BOSS","M","M","M","?","$","R","?","$","T","M","?","M","R","M","R","BOSS"],"build_version":"2018-12-20","purchased_purges":3,"victory":true,"max_hp_per_floor":[70,70,70,70,70,70,70,70,70,70,70,70,70,70,70,70,70,70,70,70,70,70,70,70,70,70,70,70,70,70,70,70,70,70,70,70,70,70,70,70,70,70,77,77,77,77,77,77,77,77],"card_choices":[{"not_picked":["Blade Dance","Slice"],"picked":"Backflip","floor":1},{"not_picked":["Flying Knee","Distraction"],"picked":"Dash","floor":4},{"not_picked":["Deflect","Dagger Spray"],"picked":"Outmaneuver","floor":5},{"not_picked":["Wraith Form v2","Skewer"],"picked":"PiercingWail","floor":6},{"not_picked":["Finisher","Blade Dance"],"picked":"Deadly Poison","floor":8},{"not_picked":["Heel Hook","Quick Slash"],"picked":"Crippling Poison","floor":11},{"not_picked":["Backstab","Outmaneuver"],"picked":"Prepared","floor":14},{"not_picked":["Malaise","Bullet Time"],"picked":"Envenom","floor":16},{"not_picked":["Outmaneuver","Choke"],"picked":"Poisoned Stab+1","floor":18},{"not_picked":["Flying Knee+1","Sucker Punch","Deflect"],"picked":"SKIP","floor":19},{"not_picked":["Deflect+1","Dash","Unload"],"picked":"SKIP","floor":24},{"not_picked":["Calculated Gamble+1","Skewer","Crippling Poison+1"],"picked":"SKIP","floor":27},{"not_picked":["Tactician","Blade Dance","Sucker Punch"],"picked":"SKIP","floor":27},{"not_picked":["Backstab+1","Prepared"],"picked":"Tools of the Trade","floor":28},{"not_picked":["Endless Agony","Infinite Blades","Dagger Throw"],"picked":"SKIP","floor":28},{"not_picked":["Outmaneuver+1","Deadly Poison+1"],"picked":"Noxious Fumes","floor":29},{"not_picked":["Deadly Poison","Well Laid Plans","Sucker Punch+1"],"picked":"SKIP","floor":29},{"not_picked":["Outmaneuver","Leg Sweep+1"],"picked":"Burst","floor":30},{"not_picked":["Sucker Punch","Deflect+1","PiercingWail"],"picked":"SKIP","floor":30},{"not_picked":["Deflect","Infinite Blades","Bouncing Flask"],"picked":"SKIP","floor":31},{"not_picked":["Calculated Gamble","Distraction+1","All Out Attack+1"],"picked":"SKIP","floor":31},{"not_picked":["Crippling Poison","Dash+1"],"picked":"Escape Plan+1","floor":35},{"not_picked":["PiercingWail","Eviscerate","Noxious Fumes+1"],"picked":"SKIP","floor":35},{"not_picked":["Dash","Flying Knee+1","Deflect"],"picked":"SKIP","floor":36},{"not_picked":["Finisher","Reflex","PiercingWail+1"],"picked":"SKIP","floor":36},{"not_picked":["Choke+1","Endless Agony+1"],"picked":"Predator","floor":37},{"not_picked":["Outmaneuver","Dodge and Roll","Poisoned Stab"],"picked":"SKIP","floor":37},{"not_picked":["Deflect","Envenom"],"picked":"Deadly Poison+1","floor":41},{"not_picked":["PiercingWail","Eviscerate+1"],"picked":"Blur","floor":44},{"not_picked":["Underhanded Strike","Blade Dance","Deadly Poison+1"],"picked":"SKIP","floor":44},{"not_picked":["Outmaneuver","Footwork"],"picked":"Prepared","floor":46},{"not_picked":["Sucker Punch","Blur","Backstab+1"],"picked":"SKIP","floor":46},{"not_picked":["Riddle With Holes","PiercingWail"],"picked":"Bouncing Flask+1","floor":48},{"not_picked":["Quick Slash+1","Expertise","Bouncing Flask+1"],"picked":"SKIP","floor":48}],"player_experience":34939,"relics_obtained":[{"floor":6,"key":"Sundial"},{"floor":9,"key":"Omamori"},{"floor":24,"key":"Orichalcum"},{"floor":26,"key":"Prayer Wheel"},{"floor":41,"key":"Ginger"},{"floor":43,"key":"Strawberry"},{"floor":45,"key":"Whetstone"}],"event_choices":[{"damage_healed":0,"gold_gain":0,"player_choice":"Ignored","damage_taken":0,"max_hp_gain":0,"max_hp_loss":0,"event_name":"Liars Game","floor":2,"gold_loss":0},{"cards_removed":["Strike_G"],"damage_healed":0,"gold_gain":0,"player_choice":"Forget","damage_taken":0,"max_hp_gain":0,"max_hp_loss":0,"event_name":"Living Wall","floor":10,"gold_loss":0},{"cards_removed":["Strike_G"],"damage_healed":0,"gold_gain":0,"player_choice":"Gave Gold","damage_taken":0,"max_hp_gain":0,"max_hp_loss":0,"event_name":"Beggar","floor":21,"gold_loss":75},{"damage_healed":0,"gold_gain":0,"player_choice":"Got Potions","damage_taken":0,"max_hp_gain":0,"max_hp_loss":0,"event_name":"Lab","floor":22,"gold_loss":0},{"damage_healed":0,"gold_gain":0,"player_choice":"Ignored","damage_taken":0,"max_hp_gain":0,"max_hp_loss":0,"event_name":"Tomb of Lord Red Mask","floor":38,"gold_loss":0},{"damage_healed":0,"gold_gain":0,"player_choice":"Fight","damage_taken":0,"max_hp_gain":0,"max_hp_loss":0,"event_name":"MindBloom","floor":41,"gold_loss":0}],"is_beta":false,"boss_relics":[{"not_picked":["Black Star","White Beast Statue"],"picked":"Velvet Choker"},{"not_picked":["Orrery","Ring of the Serpent"],"picked":"Philosopher\u0027s Stone"}],"items_purged_floors":[13,20,39],"is_endless":false,"potions_floor_spawned":[4,5,11,14,16,19,27,29,33,36,41,44,46],"ascension_level":0}