{"gold_per_floor":[115,128,142,162,8,8,26,41,41,70,81,98,98,124,124,223,223,237,336,146,156,156,156,182,182,229,246,260,272,272,29,29,133,133,147,47,0,0,11,11,21,21,21,21,21,37,53,67,67,67,67,67,18,48,48],"floor_reached":55,"playtime":8859,"items_purged":["Pain","Injury"],"score":853,"play_id":"d0778b24-092c-465a-b1e3-9c825f1dc174","local_time":"20190701111434","is_ascension_mode":false,"campfire_choices":[{"floor":6,"key":"RECALL"},{"data":"Coolheaded","floor":13,"key":"SMITH"},{"data":"1","floor":15,"key":"LIFT"},{"data":"2","floor":23,"key":"LIFT"},{"data":"Skim","floor":25,"key":"SMITH"},{"data":"3","floor":30,"key":"LIFT"},{"data":"Reboot","floor":32,"key":"SMITH"},{"data":"Double Energy","floor":40,"key":"SMITH"},{"data":"Machine Learning","floor":42,"key":"SMITH"},{"data":"Apotheosis","floor":45,"key":"SMITH"},{"data":"Reboot","floor":49,"key":"SMITH"},{"data":"Glacier","floor":52,"key":"SMITH"}],"neow_cost":"NONE","seed_source_timestamp":182009289603800,"circlet_count":0,"master_deck":["Strike_B","Strike_B","Strike_B","Strike_B","Defend_B+1","Defend_B","Defend_B","Defend_B","Zap","Dualcast+1","Sweeping Beam","FTL","Conserve Battery","Glacier+1","Cold Snap","Sweeping Beam","Double Energy+1","Coolheaded+1","Conserve Battery","Reboot+1","Clumsy","Glacier+1","Self Repair","Flash of Steel","Skim+1","Self Repair","Reboot+1","Apotheosis+1","Capacitor","Core Surge","Sweeping Beam","Machine Learning+1","Conserve Battery+1","Defragment+1","Redo+1"],"relics":["Nuclear Battery","Bag of Preparation","Ornamental Fan","Girya","Blood Vial","Calling Bell","PreservedInsect","Letter Opener","Incense Burner","Thread and Needle","Inserter","Red Mask","Pen Nib","Gremlin Horn","War Paint"],"potions_floor_usage":[10,10,16,16,21,33,33,50,50,55,55],"damage_taken":[{"damage":8,"enemies":"Small Slimes","floor":1,"turns":4},{"damage":1,"enemies":"Cultist","floor":2,"turns":3},{"damage":6,"enemies":"2 Louse","floor":3,"turns":3},{"damage":0,"enemies":"Lots of Slimes","floor":4,"turns":2},{"damage":0,"enemies":"Large Slime","floor":7,"turns":6},{"damage":0,"enemies":"Looter","floor":8,"turns":3},{"damage":0,"enemies":"Gremlin Nob","floor":10,"turns":7},{"damage":0,"enemies":"2 Fungi Beasts","floor":11,"turns":2},{"damage":0,"enemies":"Exordium Thugs","floor":12,"turns":3},{"damage":0,"enemies":"3 Sentries","floor":14,"turns":7},{"damage":0,"enemies":"Hexaghost","floor":16,"turns":13},{"damage":14,"enemies":"Shell Parasite","floor":18,"turns":13},{"damage":11,"enemies":"Chosen","floor":21,"turns":10},{"damage":0,"enemies":"Slavers","floor":24,"turns":4},{"damage":0,"enemies":"3 Cultists","floor":27,"turns":5},{"damage":0,"enemies":"Centurion and Healer","floor":28,"turns":7},{"damage":0,"enemies":"Sentry and Sphere","floor":29,"turns":8},{"damage":0,"enemies":"Champ","floor":33,"turns":13},{"damage":0,"enemies":"3 Darklings","floor":35,"turns":5},{"damage":2,"enemies":"3 Shapes","floor":39,"turns":2},{"damage":0,"enemies":"Spire Growth","floor":41,"turns":6},{"damage":0,"enemies":"Maw","floor":46,"turns":8},{"damage":0,"enemies":"Writhing Mass","floor":47,"turns":11},{"damage":12,"enemies":"Sphere and 2 Shapes","floor":48,"turns":3},{"damage":4,"enemies":"Donu and Deca","floor":50,"turns":13},{"damage":30,"enemies":"Shield and Spear","floor":54,"turns":7},{"damage":53,"enemies":"The Heart","floor":55,"turns":9}],"seed_played":"1455260238777736601","potions_obtained":[{"floor":3,"key":"Explosive Potion"},{"floor":7,"key":"PowerPotion"},{"floor":8,"key":"Ancient Potion"},{"floor":10,"key":"FocusPotion"},{"floor":14,"key":"PowerPotion"},{"floor":18,"key":"EssenceOfSteel"},{"floor":24,"key":"Weak Potion"},{"floor":46,"key":"Regen Potion"},{"floor":47,"key":"Strength Potion"}],"is_trial":false,"path_per_floor":["M","M","M","M","$","R","M","M","T","E","M","M","R","E","R","B",null,"M","?","$","M","?","R","E","R","T","M","M","M","R","$","R","B",null,"M","$","?","?","M","R","M","R","T","?","R","M","M","M","R","B",null,"R","$","E","B"],"character_chosen":"DEFECT","items_purchased":["Bag of Preparation","Self Repair","FocusPotion","Apotheosis","Capacitor","Fire Potion"],"campfire_rested":0,"item_purchase_floors":[5,20,20,31,31,53],"current_hp_per_floor":[67,66,60,60,60,60,60,60,60,60,60,60,60,60,60,62,75,61,61,61,59,59,59,68,68,68,70,75,75,75,75,75,75,75,75,75,75,75,75,75,75,75,75,71,71,71,71,59,59,71,71,71,71,51,0],"gold":48,"neow_bonus":"BOSS_RELIC","is_prod":false,"is_daily":false,"chose_seed":false,"campfire_upgraded":8,"win_rate":1,"timestamp":1561947274,"path_taken":["M","M","M","M","$","R","M","M","T","E","M","M","R","E","R","BOSS","M","?","$","M","?","R","E","R","T","M","M","M","R","$","R","BOSS","M","$","?","?","M","R","?","R","T","?","R","M","M","M","R","BOSS","R","$","E","BOSS"],"build_version":"2019-01-23","purchased_purges":2,"victory":false,"max_hp_per_floor":[75,75,75,75,75,75,75,75,75,75,75,75,75,75,75,75,75,75,75,75,75,75,75,75,75,75,75,75,75,75,75,75,75,75,75,75,75,75,75,75,75,75,75,71,71,71,71,71,71,71,71,71,71,71,71],"card_choices":[{"not_picked":["Barrage","Steam Power"],"picked":"Sweeping Beam","floor":1},{"not_picked":["Hologram","Beam Cell","Aggregate"],"picked":"SKIP","floor":2},{"not_picked":["Rebound","Streamline"],"picked":"FTL","floor":3},{"not_picked":["Skim","Turbo"],"picked":"Conserve Battery","floor":4},{"not_picked":["Leap","Go for the Eyes"],"picked":"Glacier","floor":7},{"not_picked":["Ball Lightning","Streamline"],"picked":"Cold Snap","floor":8},{"not_picked":["Consume","Leap"],"picked":"Sweeping Beam","floor":10},{"not_picked":["Go for the Eyes","Streamline"],"picked":"Double Energy","floor":11},{"not_picked":["Beam Cell","Cold Snap"],"picked":"Coolheaded","floor":12},{"not_picked":["Electrodynamics","Streamline"],"picked":"Conserve Battery","floor":14},{"not_picked":["All For One","Fission"],"picked":"Reboot","floor":16},{"not_picked":["White Noise","Barrage"],"picked":"Glacier+1","floor":18},{"not_picked":["Steam","Leap"],"picked":"Stack","floor":21},{"not_picked":["Stack","Glacier"],"picked":"Skim","floor":24},{"not_picked":["Beam Cell+1","Stack","Sunder"],"picked":"SKIP","floor":27},{"not_picked":["Darkness","Beam Cell"],"picked":"Self Repair","floor":28},{"not_picked":["Static Discharge","Streamline+1"],"picked":"Reboot","floor":29},{"not_picked":["Meteor Strike","Amplify"],"picked":"Core Surge","floor":33},{"not_picked":["Chaos+1","Cold Snap"],"picked":"Sweeping Beam","floor":35},{"not_picked":["Go for the Eyes","Steam+1"],"picked":"Machine Learning","floor":39},{"not_picked":["Doom and Gloom+1","Stack+1"],"picked":"Conserve Battery+1","floor":41},{"not_picked":["Ball Lightning+1","Steam","Lockon+1"],"picked":"SKIP","floor":46},{"not_picked":["Scrape","Turbo","Leap"],"picked":"SKIP","floor":47},{"not_picked":["Stack+1","Go for the Eyes"],"picked":"Defragment+1","floor":48},{"not_picked":["Hologram+1","Streamline+1"],"picked":"Redo+1","floor":54}],"player_experience":107641,"relics_obtained":[{"floor":9,"key":"Ornamental Fan"},{"floor":10,"key":"Girya"},{"floor":14,"key":"Blood Vial"},{"floor":17,"key":"PreservedInsect"},{"floor":17,"key":"Letter Opener"},{"floor":17,"key":"Incense Burner"},{"floor":24,"key":"Thread and Needle"},{"floor":43,"key":"Gremlin Horn"},{"floor":54,"key":"War Paint"}],"event_choices":[{"damage_healed":0,"gold_gain":99,"player_choice":"Stole From Cult","damage_taken":0,"max_hp_gain":0,"max_hp_loss":0,"event_name":"Nest","floor":19,"gold_loss":0},{"damage_healed":0,"gold_gain":0,"player_choice":"1 cards matched","damage_taken":0,"max_hp_gain":0,"max_hp_loss":0,"event_name":"Match and Keep!","floor":22,"gold_loss":0,"cards_obtained":["Flash of Steel"]},{"damage_healed":0,"gold_gain":0,"player_choice":"Paid","damage_taken":0,"relics_obtained":["Red Mask"],"max_hp_gain":0,"max_hp_loss":0,"event_name":"Tomb of Lord Red Mask","floor":37,"gold_loss":47},{"cards_removed":["Stack"],"damage_healed":0,"gold_gain":0,"player_choice":"Gave Card","damage_taken":0,"relics_obtained":["Pen Nib"],"max_hp_gain":0,"max_hp_loss":0,"event_name":"WeMeetAgain","floor":38,"gold_loss":0},{"damage_healed":0,"gold_gain":0,"player_choice":"Max HP","damage_taken":0,"max_hp_gain":0,"max_hp_loss":4,"event_name":"Winding Halls","floor":44,"gold_loss":0}],"is_beta":false,"boss_relics":[{"not_picked":["Snecko Eye","White Beast Statue"],"picked":"Calling Bell"},{"not_picked":["Astrolabe","Velvet Choker"],"picked":"Inserter"}],"items_purged_floors":[20,36],"is_endless":false,"potions_floor_spawned":[3,7,8,10,14,18,24,27,46,47],"killed_by":"The Heart","ascension_level":0}