{"gold_per_floor":[114,130,149,160,160,160,174,186,186,211,222,236,236,46,46,145,145,164,180,32,49,59,59,70,70,70,70,84,84,100,100,100,200,200,210,1209,733,747,270,282,0,12,12,12,12,12],"floor_reached":46,"playtime":6325,"items_purged":["Strike_G","Shame","Normality"],"score":503,"play_id":"388981f0-b267-43e9-ad0b-47fe2f4eef79","local_time":"20190630232943","is_ascension_mode":false,"campfire_choices":[{"floor":6,"key":"RECALL"},{"floor":13,"key":"REST"},{"floor":15,"key":"REST"},{"data":"Neutralize","floor":23,"key":"SMITH"},{"data":"Footwork","floor":25,"key":"SMITH"},{"data":"Dodge and Roll","floor":27,"key":"SMITH"},{"floor":29,"key":"REST"},{"data":"Malaise","floor":32,"key":"SMITH"},{"floor":44,"key":"REST"}],"neow_cost":"PERCENT_DAMAGE","seed_source_timestamp":142266685547500,"circlet_count":0,"master_deck":["Defend_G","Defend_G","Defend_G","Defend_G","Defend_G","Strike_G","Strike_G+1","Survivor+1","Neutralize+1","Catalyst","Dagger Throw+1","Sucker Punch","Bouncing Flask","Catalyst","Leg Sweep+1","A Thousand Cuts","Dodge and Roll+1","Flying Knee","Malaise+1","Catalyst","All Out Attack+1","Footwork+1","Poisoned Stab","Well Laid Plans","Expertise+1","Quick Slash+1","Die Die Die","Injury","Injury","Bouncing Flask+1","Normality","Footwork","Reflex+1","Parasite","Bouncing Flask+1"],"relics":["Ring of the Snake","Lantern","Paper Crane","War Paint","TwistedFunnel","Empty Cage","Calling Bell","Bag of Preparation","Meat on the Bone","Gambling Chip","Toxic Egg 2","Medical Kit","Whetstone","Red Mask","Bottled Flame"],"potions_floor_usage":[10,33,33,46,46,46],"damage_taken":[{"damage":5,"enemies":"Small Slimes","floor":1,"turns":5},{"damage":0,"enemies":"Cultist","floor":2,"turns":5},{"damage":0,"enemies":"2 Louse","floor":3,"turns":3},{"damage":3,"enemies":"Blue Slaver","floor":4,"turns":4},{"damage":0,"enemies":"3 Louse","floor":7,"turns":3},{"damage":9,"enemies":"Exordium Wildlife","floor":8,"turns":3},{"damage":23,"enemies":"3 Sentries","floor":10,"turns":10},{"damage":1,"enemies":"Looter","floor":11,"turns":3},{"damage":2,"enemies":"Blue Slaver","floor":12,"turns":3},{"damage":9,"enemies":"The Guardian","floor":16,"turns":7},{"damage":6,"enemies":"Shell Parasite","floor":18,"turns":6},{"damage":0,"enemies":"Chosen","floor":19,"turns":3},{"damage":0,"enemies":"Snake Plant","floor":21,"turns":5},{"damage":4,"enemies":"Snecko","floor":22,"turns":4},{"damage":18,"enemies":"Sentry and Sphere","floor":24,"turns":6},{"damage":0,"enemies":"Snake Plant","floor":28,"turns":5},{"damage":7,"enemies":"Shelled Parasite and Fungi","floor":30,"turns":6},{"damage":32,"enemies":"Automaton","floor":33,"turns":25},{"damage":30,"enemies":"3 Darklings","floor":35,"turns":8},{"damage":12,"enemies":"3 Shapes","floor":38,"turns":4},{"damage":26,"enemies":"Spire Growth","floor":40,"turns":4},{"damage":18,"enemies":"Writhing Mass","floor":42,"turns":4},{"damage":64,"enemies":"Reptomancer","floor":46,"turns":7}],"seed_played":"1307906534820031628","potions_obtained":[{"floor":3,"key":"AttackPotion"},{"floor":4,"key":"FairyPotion"},{"floor":8,"key":"GamblersBrew"},{"floor":10,"key":"EssenceOfSteel"},{"floor":11,"key":"GhostInAJar"},{"floor":19,"key":"Strength Potion"},{"floor":30,"key":"GamblersBrew"},{"floor":38,"key":"LiquidBronze"},{"floor":40,"key":"Block Potion"}],"is_trial":false,"path_per_floor":["M","M","M","M","?","R","M","M","T","E","M","M","R","$","R","B",null,"M","M","$","M","M","R","M","R","T","R","M","R","M","?","R","B",null,"M","?","$","M","$","M","?","M","T","R","$","E"],"character_chosen":"THE_SILENT","items_purchased":["TwistedFunnel","Footwork","Footwork","Toxic Egg 2","SpeedPotion","Medical Kit","Whetstone"],"campfire_rested":4,"item_purchase_floors":[14,20,37,37,37,39,39],"current_hp_per_floor":[58,58,58,55,55,55,55,46,46,23,22,20,45,45,70,61,84,78,78,78,78,74,74,56,56,56,56,56,81,74,74,74,42,84,54,54,54,54,54,40,40,34,34,59,59,0],"gold":12,"neow_bonus":"TWENTY_PERCENT_HP_BONUS","is_prod":false,"is_daily":false,"chose_seed":false,"campfire_upgraded":4,"win_rate":0,"timestamp":1561904983,"path_taken":["M","M","M","M","?","R","?","M","T","E","M","M","R","?","R","BOSS","M","M","$","M","M","R","M","R","T","R","M","R","M","?","R","BOSS","M","?","$","M","$","M","?","M","T","R","?","E"],"build_version":"2019-01-23","purchased_purges":3,"victory":false,"max_hp_per_floor":[84,84,84,84,84,84,84,84,84,84,84,84,84,84,84,84,84,84,84,84,84,84,84,84,84,84,84,84,84,84,84,84,84,84,84,84,84,84,84,84,84,84,84,84,84,84],"card_choices":[{"not_picked":["Dagger Throw","Backflip"],"picked":"Catalyst","floor":1},{"not_picked":["Outmaneuver","Bane"],"picked":"Dagger Throw","floor":2},{"not_picked":["Infinite Blades","Riddle With Holes"],"picked":"Sucker Punch","floor":3},{"not_picked":["Catalyst","Blade Dance"],"picked":"Bouncing Flask","floor":4},{"not_picked":["All Out Attack","Blade Dance"],"picked":"Catalyst","floor":7},{"not_picked":["Dodge and Roll","Predator"],"picked":"Leg Sweep","floor":8},{"not_picked":["Quick Slash","Sucker Punch"],"picked":"A Thousand Cuts","floor":10},{"not_picked":["Flying Knee","Cloak And Dagger"],"picked":"Dodge and Roll","floor":11},{"not_picked":["Underhanded Strike","Acrobatics"],"picked":"Flying Knee","floor":12},{"not_picked":["Storm of Steel","A Thousand Cuts"],"picked":"Malaise","floor":16},{"not_picked":["Caltrops","Dagger Throw"],"picked":"Catalyst","floor":18},{"not_picked":["Underhanded Strike","Finisher"],"picked":"All Out Attack+1","floor":19},{"not_picked":["Flechettes","Eviscerate"],"picked":"Poisoned Stab","floor":21},{"not_picked":["Underhanded Strike","Bane"],"picked":"Well Laid Plans","floor":22},{"not_picked":["Flying Knee","Cloak And Dagger"],"picked":"Expertise+1","floor":24},{"not_picked":["Terror","Backstab"],"picked":"Quick Slash+1","floor":28},{"not_picked":["Quick Slash+1","Slice","Terror+1"],"picked":"SKIP","floor":30},{"not_picked":["Night Terror","Burst"],"picked":"Die Die Die","floor":33},{"not_picked":["All Out Attack","Flying Knee+1"],"picked":"Bouncing Flask+1","floor":35},{"not_picked":["Cloak And Dagger+1","Slice"],"picked":"Reflex+1","floor":38},{"not_picked":["Dagger Throw+1","Choke","Poisoned Stab"],"picked":"SKIP","floor":40},{"not_picked":["Dash+1","Sucker Punch+1"],"picked":"Bouncing Flask+1","floor":42}],"player_experience":84539,"relics_obtained":[{"floor":9,"key":"Paper Crane"},{"floor":10,"key":"War Paint"},{"floor":34,"key":"Bag of Preparation"},{"floor":34,"key":"Meat on the Bone"},{"floor":34,"key":"Gambling Chip"},{"floor":43,"key":"Bottled Flame"}],"event_choices":[{"damage_healed":0,"gold_gain":0,"player_choice":"Gave Potion","damage_taken":0,"relics_obtained":["Lantern"],"max_hp_gain":0,"max_hp_loss":0,"event_name":"WeMeetAgain","floor":5,"gold_loss":0},{"damage_healed":0,"gold_gain":0,"player_choice":"Ignored","damage_taken":0,"max_hp_gain":0,"max_hp_loss":0,"event_name":"Vampires","floor":31,"gold_loss":0},{"damage_healed":0,"gold_gain":999,"player_choice":"Gold","damage_taken":0,"max_hp_gain":0,"max_hp_loss":0,"event_name":"MindBloom","floor":36,"gold_loss":0,"cards_obtained":["Normality","Normality"]},{"damage_healed":0,"gold_gain":0,"player_choice":"Paid","damage_taken":0,"relics_obtained":["Red Mask"],"max_hp_gain":0,"max_hp_loss":0,"event_name":"Tomb of Lord Red Mask","floor":41,"gold_loss":282}],"is_beta":false,"boss_relics":[{"not_picked":["Snecko Eye","Velvet Choker"],"picked":"Empty Cage"},{"not_picked":["Cursed Key","Runic Dome"],"picked":"Calling Bell"}],"items_purged_floors":[20,37,39],"is_endless":false,"potions_floor_spawned":[3,4,8,10,11,18,19,30,38,40],"killed_by":"Reptomancer","ascension_level":0}