{"gold_per_floor":[118,118,131,30,30,30,56,56,56,73,85,102,121,2,2,75,75,95,112,202,221,241,241,257,257,257,276,291,27,27,47,47,47],"floor_reached":33,"playtime":1923,"items_purged":["Strike_G"],"score":561,"play_id":"e443ef5e-43b3-436e-9493-5590a3f7b41c","local_time":"20190804224257","is_ascension_mode":true,"campfire_choices":[{"data":"Neutralize","floor":6,"key":"SMITH"},{"data":"Dagger Spray","floor":8,"key":"SMITH"},{"data":"Noxious Fumes","floor":15,"key":"SMITH"},{"floor":23,"key":"REST"},{"floor":25,"key":"REST"},{"floor":30,"key":"REST"},{"floor":32,"key":"REST"}],"neow_cost":"TEN_PERCENT_HP_LOSS","seed_source_timestamp":162042429829000,"circlet_count":0,"master_deck":["AscendersBane","Strike_G","Strike_G","Strike_G","Defend_G","Defend_G","Defend_G","Defend_G","Defend_G","Survivor","Neutralize+1","After Image","Flying Knee","Dagger Spray+1","Dagger Throw","Footwork","Footwork","Deflect","Dash","Caltrops","Blur","Noxious Fumes+1","Die Die Die","After Image","Flying Knee","Deflect","Caltrops+1","Flying Knee","Dash"],"relics":["Ring of the Snake","Bottled Tornado","Lantern","Anchor","Orrery","Ninja Scroll","Kunai"],"potions_floor_usage":[7,11,16,19,21,22],"damage_taken":[{"damage":0,"enemies":"Cultist","floor":1,"turns":5},{"damage":4,"enemies":"Jaw Worm","floor":3,"turns":6},{"damage":14,"enemies":"Lagavulin","floor":7,"turns":10},{"damage":0,"enemies":"Small Slimes","floor":10,"turns":3},{"damage":8,"enemies":"Gremlin Gang","floor":11,"turns":4},{"damage":6,"enemies":"Lots of Slimes","floor":12,"turns":4},{"damage":0,"enemies":"Red Slaver","floor":13,"turns":5},{"damage":0,"enemies":"The Guardian","floor":16,"turns":12},{"damage":7,"enemies":"Shell Parasite","floor":18,"turns":7},{"damage":0,"enemies":"Spheric Guardian","floor":19,"turns":8},{"damage":12,"enemies":"Snake Plant","floor":21,"turns":7},{"damage":10,"enemies":"3 Cultists","floor":22,"turns":4},{"damage":0,"enemies":"Centurion and Healer","floor":24,"turns":8},{"damage":21,"enemies":"Snake Plant","floor":27,"turns":5},{"damage":2,"enemies":"Shelled Parasite and Fungi","floor":28,"turns":7},{"damage":28,"enemies":"Sentry and Sphere","floor":31,"turns":8},{"damage":51,"enemies":"Automaton","floor":33,"turns":6}],"seed_played":"-7377209533867796094","potions_obtained":[{"floor":3,"key":"Ancient Potion"},{"floor":7,"key":"SkillPotion"},{"floor":11,"key":"FearPotion"},{"floor":16,"key":"EssenceOfSteel"},{"floor":18,"key":"Block Potion"},{"floor":19,"key":"Strength Potion"},{"floor":24,"key":"FearPotion"}],"is_trial":false,"path_per_floor":["M","T","M","$","?","R","E","R","T","M","M","M","M","$","R","B",null,"M","M","?","M","M","R","M","R","T","M","M","$","R","M","R","B"],"character_chosen":"THE_SILENT","items_purchased":["Dagger Throw","Blur","Noxious Fumes","Kunai"],"campfire_rested":4,"item_purchase_floors":[4,14,14,29],"current_hp_per_floor":[59,59,55,55,55,55,41,41,41,41,33,27,27,27,27,27,52,45,45,33,21,11,29,29,47,47,26,24,24,42,14,32,0],"gold":47,"neow_bonus":"THREE_RARE_CARDS","is_prod":false,"is_daily":false,"chose_seed":false,"campfire_upgraded":3,"win_rate":0,"timestamp":1564926177,"path_taken":["M","?","M","$","?","R","E","R","T","M","M","?","M","?","R","BOSS","M","?","?","?","M","R","M","R","T","M","M","?","R","?","R","BOSS"],"build_version":"2019-07-17","purchased_purges":1,"victory":false,"max_hp_per_floor":[60,60,60,60,60,60,60,60,60,60,60,60,60,60,60,60,60,60,60,60,60,60,60,60,60,60,60,60,60,60,60,60,60],"card_choices":[{"not_picked":["Envenom","Night Terror"],"picked":"After Image","floor":0},{"not_picked":["Outmaneuver","Dodge and Roll"],"picked":"Flying Knee","floor":1},{"not_picked":["Dagger Throw","Blade Dance"],"picked":"Dagger Spray","floor":3},{"not_picked":["Infinite Blades","Dagger Throw"],"picked":"Footwork","floor":7},{"not_picked":["Catalyst","Reflex"],"picked":"Footwork","floor":10},{"not_picked":["Prepared","Sucker Punch"],"picked":"Deflect","floor":11},{"not_picked":["Crippling Poison","Terror"],"picked":"Dash","floor":12},{"not_picked":["Backflip","Slice"],"picked":"Caltrops","floor":13},{"not_picked":["Unload","Doppelganger"],"picked":"Die Die Die","floor":16},{"not_picked":["Expertise","Cloak And Dagger"],"picked":"After Image","floor":17},{"not_picked":["Bane","Quick Slash"],"picked":"Flying Knee","floor":17},{"not_picked":["All Out Attack","Bouncing Flask"],"picked":"Deflect","floor":17},{"not_picked":["Poisoned Stab","PiercingWail","Acrobatics"],"picked":"SKIP","floor":18},{"not_picked":["Blade Dance","Cloak And Dagger","Bane"],"picked":"SKIP","floor":19},{"not_picked":["Slice","Prepared+1"],"picked":"Caltrops+1","floor":21},{"not_picked":["Terror","Prepared","Underhanded Strike"],"picked":"SKIP","floor":22},{"not_picked":["Terror","Flechettes"],"picked":"Flying Knee","floor":24},{"not_picked":["Outmaneuver","Footwork"],"picked":"Dash","floor":27},{"not_picked":["Acrobatics","Slice","Reflex"],"picked":"SKIP","floor":28},{"not_picked":["Blade Dance","Cloak And Dagger","Dodge and Roll"],"picked":"SKIP","floor":31}],"player_experience":567590,"relics_obtained":[{"floor":2,"key":"Bottled Tornado"},{"floor":7,"key":"Lantern"},{"floor":9,"key":"Anchor"},{"floor":26,"key":"Ninja Scroll"}],"event_choices":[{"cards_removed":["Strike_G"],"damage_healed":0,"gold_gain":0,"player_choice":"Purged","damage_taken":0,"max_hp_gain":0,"max_hp_loss":0,"event_name":"Purifier","floor":5,"gold_loss":0},{"damage_healed":0,"gold_gain":90,"player_choice":"GOLD ","damage_taken":12,"max_hp_gain":0,"max_hp_loss":0,"event_name":"Knowing Skull","floor":20,"potions_obtained":[],"gold_loss":0,"cards_obtained":[]}],"is_beta":false,"boss_relics":[{"not_picked":["Ring of the Serpent","Lizard Tail"],"picked":"Orrery"}],"items_purged_floors":[4],"is_endless":false,"potions_floor_spawned":[3,7,11,16,18,19,24],"killed_by":"Automaton","ascension_level":17}