{"gold_per_floor":[114,129,129,129,144,174,174,174,199,199,199,199,199,199,199,324,324,343,49,0,0,0,0,59,59,59,78,78],"floor_reached":28,"playtime":1345,"items_purged":[],"score":237,"play_id":"0883708b-f509-4095-84a5-550e1218ea51","local_time":"20181107070226","daily_mods":["Specialized","Flight","Night Terrors"],"is_ascension_mode":false,"campfire_choices":[{"floor":8,"key":"REST"},{"data":"Havoc","floor":11,"key":"SMITH"},{"data":"Havoc","floor":12,"key":"SMITH"},{"data":"Havoc","floor":13,"key":"SMITH"},{"data":"Combust","floor":15,"key":"SMITH"},{"data":"Havoc","floor":23,"key":"SMITH"},{"data":"Juggernaut","floor":25,"key":"SMITH"}],"neow_cost":"","seed_source_timestamp":0,"circlet_count":0,"master_deck":["Strike_R+1","Strike_R","Strike_R","Strike_R+1","Defend_R","Defend_R","Defend_R","Bash+1","Havoc+1","Havoc+1","Havoc+1","Havoc+1","Havoc+1","Seeing Red","Combust+1","Battle Trance","Warcry","Headbutt","Juggernaut+1","Shockwave","Evolve","HandOfGreed","Clothesline","Necronomicurse","Armaments+1","Seeing Red+1"],"special_seed":17841,"relics":["Burning Blood","Whetstone","Juzu Bracelet","Golden Idol","Paper Frog","Mark of Pain","Necronomicon","Bottled Tornado"],"potions_floor_usage":[16,28],"damage_taken":[{"damage":11,"enemies":"2 Louse","floor":1,"turns":4},{"damage":2,"enemies":"Small Slimes","floor":2,"turns":3},{"damage":7,"enemies":"Jaw Worm","floor":5,"turns":3},{"damage":60,"enemies":"Lagavulin","floor":6,"turns":8},{"damage":46,"enemies":"The Guardian","floor":16,"turns":10},{"damage":13,"enemies":"3 Byrds","floor":18,"turns":3},{"damage":7,"enemies":"2 Thieves","floor":24,"turns":2},{"damage":26,"enemies":"Shelled Parasite and Fungi","floor":27,"turns":3},{"damage":32,"enemies":"Snake Plant","floor":28,"turns":2}],"seed_played":"-1781606062419763823","potions_obtained":[{"floor":1,"key":"Swift Potion"},{"floor":2,"key":"SpeedPotion"},{"floor":18,"key":"Explosive Potion"}],"is_trial":false,"path_per_floor":["M","M","?","?","M","E","?","R","T","?","R","R","R","?","R","B",null,"M","$","?","?","?","R","M","R","T","M","M"],"character_chosen":"IRONCLAD","items_purchased":["Evolve","HandOfGreed","Clothesline"],"campfire_rested":1,"item_purchase_floors":[19,19,19],"current_hp_per_floor":[75,79,79,72,71,17,1,75,75,57,57,57,57,57,57,17,75,68,68,68,68,52,52,51,51,51,31,0],"gold":78,"neow_bonus":"","is_prod":false,"is_daily":true,"chose_seed":false,"campfire_upgraded":6,"win_rate":0,"timestamp":1541541746,"path_taken":["M","M","?","?","M","E","?","R","T","?","R","R","R","?","R","BOSS","M","$","?","?","?","R","M","R","T","M","M"],"build_version":"2018-11-01","purchased_purges":0,"victory":false,"max_hp_per_floor":[80,80,80,80,80,80,80,75,75,75,75,75,75,75,75,75,75,75,75,75,75,75,75,75,75,75,75,75],"card_choices":[{"not_picked":["Twin Strike","Flame Barrier"],"picked":"Seeing Red","floor":1},{"not_picked":["Headbutt","Shrug It Off"],"picked":"Combust","floor":2},{"not_picked":["Evolve","Clothesline"],"picked":"Warcry","floor":5},{"not_picked":["Armaments","Clash"],"picked":"Headbutt","floor":6},{"not_picked":["Berserk","Brutality"],"picked":"Juggernaut","floor":16},{"not_picked":["Wild Strike","Sentinel"],"picked":"Shockwave","floor":18},{"not_picked":["Perfected Strike+1","Clothesline"],"picked":"Armaments+1","floor":24},{"not_picked":["Shrug It Off+1","Armaments"],"picked":"Seeing Red+1","floor":27}],"player_experience":393058,"relics_obtained":[{"floor":6,"key":"Whetstone"},{"floor":9,"key":"Juzu Bracelet"},{"floor":22,"key":"Necronomicon"},{"floor":26,"key":"Bottled Tornado"}],"event_choices":[{"damage_healed":0,"gold_gain":0,"cards_transformed":["Strike_R"],"player_choice":"Change","damage_taken":0,"max_hp_gain":0,"max_hp_loss":0,"event_name":"Living Wall","floor":3,"gold_loss":0,"cards_obtained":["Battle Trance"]},{"cards_removed":["Defend_R"],"damage_healed":0,"gold_gain":0,"player_choice":"Card Removal","damage_taken":7,"max_hp_gain":0,"max_hp_loss":0,"event_name":"Golden Wing","floor":4,"gold_loss":0},{"damage_healed":0,"gold_gain":0,"player_choice":"Entered Light","damage_taken":16,"max_hp_gain":0,"max_hp_loss":0,"event_name":"Shining Light","floor":7,"gold_loss":0,"cards_upgraded":["Havoc","Bash"]},{"damage_healed":0,"gold_gain":0,"player_choice":"Take Damage","damage_taken":18,"relics_obtained":["Golden Idol"],"max_hp_gain":0,"max_hp_loss":0,"event_name":"Golden Idol","floor":10,"gold_loss":0},{"damage_healed":0,"gold_gain":0,"player_choice":"Searched \u00271\u0027 times","damage_taken":0,"relics_obtained":["Paper Frog"],"max_hp_gain":0,"max_hp_loss":0,"event_name":"Dead Adventurer","floor":14,"gold_loss":0},{"damage_healed":0,"gold_gain":0,"player_choice":"Paid Fearfully","damage_taken":0,"max_hp_gain":0,"max_hp_loss":0,"event_name":"Masked Bandits","floor":20,"gold_loss":49},{"damage_healed":0,"gold_gain":0,"player_choice":"Ignored","damage_taken":0,"max_hp_gain":0,"max_hp_loss":0,"event_name":"Beggar","floor":21,"gold_loss":0},{"damage_healed":0,"gold_gain":0,"player_choice":"Obtained Book","damage_taken":16,"max_hp_gain":0,"max_hp_loss":0,"event_name":"Cursed Tome","floor":22,"gold_loss":0}],"is_beta":false,"boss_relics":[{"not_picked":["Busted Crown","Empty Cage"],"picked":"Mark of Pain"}],"items_purged_floors":[],"is_endless":false,"potions_floor_spawned":[1,2,18],"killed_by":"Snake Plant","ascension_level":0}