{"gold_per_floor":[209,220,220,234,234,234,268,268,268,47,47,72,32,48,48,48],"floor_reached":16,"playtime":697,"items_purged":["Defend_G"],"score":200,"play_id":"3d466002-8554-493a-b370-03de233d6e1d","local_time":"20190804182714","is_ascension_mode":true,"campfire_choices":[{"data":"Neutralize","floor":6.0,"key":"SMITH"},{"floor":8.0,"key":"REST"},{"floor":11.0,"key":"REST"},{"floor":15,"key":"REST"}],"neow_cost":"NONE","seed_source_timestamp":147885105643400,"circlet_count":0,"master_deck":["AscendersBane","Strike_G","Strike_G","Strike_G","Strike_G","Defend_G","Defend_G","Defend_G","Defend_G","Survivor","Neutralize+1","Well Laid Plans","Escape Plan","Terror","Adrenaline","Heel Hook"],"special_seed":0,"relics":["Ring of the Snake","Smiling Mask","Bottled Tornado","Potion Belt","Bottled Lightning"],"potions_floor_usage":[14,16,16],"damage_taken":[{"damage":6.0,"enemies":"Cultist","floor":1.0,"turns":5.0},{"damage":4.0,"enemies":"Small Slimes","floor":2.0,"turns":4.0},{"damage":2.0,"enemies":"2 Louse","floor":4.0,"turns":3.0},{"damage":35.0,"enemies":"Gremlin Nob","floor":7.0,"turns":6.0},{"damage":22.0,"enemies":"Lagavulin","floor":12.0,"turns":8.0},{"damage":4,"enemies":"Red Slaver","floor":14,"turns":4},{"damage":22,"enemies":"Hexaghost","floor":16,"turns":16}],"seed_played":"-7903348142086606484","potions_obtained":[{"floor":2.0,"key":"Fire Potion"},{"floor":13,"key":"GhostInAJar"},{"floor":13,"key":"FearPotion"},{"floor":13,"key":"PowerPotion"}],"is_trial":false,"path_per_floor":["M","M","?","M","?","R","E","R","T","$","R","E","?","M","R","B"],"character_chosen":"THE_SILENT","items_purchased":["Potion Belt"],"campfire_rested":3,"item_purchase_floors":[10],"current_hp_per_floor":[53,49,49,47,40,40,5,24,24,24,43,21,21,17,36,14],"gold":48,"neow_bonus":"HUNDRED_GOLD","is_prod":false,"is_daily":false,"chose_seed":false,"campfire_upgraded":1,"win_rate":0,"timestamp":1564910834,"path_taken":["M","M","?","M","?","R","E","R","T","$","R","E","?","M","R","BOSS"],"build_version":"2019-07-17","purchased_purges":1,"victory":false,"max_hp_per_floor":[66,66,66,66,66,66,66,66,66,66,66,66,66,66,66,66],"card_choices":[{"not_picked":["Bane","Reflex","Blade Dance"],"picked":"SKIP","floor":1.0},{"not_picked":["PiercingWail","Heel Hook"],"picked":"Well Laid Plans","floor":2.0},{"not_picked":["Outmaneuver","Deflect"],"picked":"Escape Plan","floor":4.0},{"not_picked":["Blade Dance","Wraith Form v2"],"picked":"Terror","floor":7.0},{"not_picked":["Underhanded Strike","Blur"],"picked":"Adrenaline","floor":12},{"not_picked":["Deadly Poison","Well Laid Plans"],"picked":"Heel Hook","floor":14}],"player_experience":566131,"relics_obtained":[{"floor":7.0,"key":"Smiling Mask"},{"floor":9.0,"key":"Bottled Tornado"},{"floor":12,"key":"Bottled Lightning"}],"event_choices":[{"damage_healed":0.0,"max_hp_gain":0.0,"max_hp_loss":0.0,"gold_gain":0.0,"event_name":"Liars Game","player_choice":"Ignored","floor":3.0,"gold_loss":0.0,"damage_taken":0.0},{"cards_removed":["Strike_G"],"damage_healed":0.0,"max_hp_gain":0.0,"max_hp_loss":0.0,"gold_gain":0.0,"event_name":"Golden Wing","player_choice":"Card Removal","floor":5.0,"gold_loss":0.0,"damage_taken":7.0},{"damage_healed":0,"gold_gain":0,"player_choice":"Bought 3 Potions","damage_taken":0,"max_hp_gain":0,"max_hp_loss":0,"event_name":"The Woman in Blue","floor":13,"gold_loss":0}],"is_beta":false,"boss_relics":[],"items_purged_floors":[10],"is_endless":false,"potions_floor_spawned":[2],"killed_by":"Hexaghost","ascension_level":17}