{"gold_per_floor":[117,43,53,53,128,156,156,156,234,234,246,246,246,270,270,345,345,355,20,20,31,43,43,72,0,82,82,93,93,6,20,20,93,93,103,120,133,33,53,53,73,73,73,73,92,109,14,114,114,114],"floor_reached":51,"playtime":3115,"items_purged":["Strike_G","Normality"],"score":1336,"play_id":"68b46b58-7460-48b4-8f09-b3385109e4a7","local_time":"20190806035749","is_ascension_mode":true,"campfire_choices":[{"data":"Catalyst","floor":8,"key":"SMITH"},{"data":"Bouncing Flask","floor":10,"key":"SMITH"},{"data":"Neutralize","floor":13,"key":"SMITH"},{"floor":15,"key":"REST"},{"floor":23,"key":"REST"},{"floor":27,"key":"REST"},{"floor":32,"key":"REST"},{"data":"Calculated Gamble","floor":40,"key":"SMITH"},{"data":"Well Laid Plans","floor":42,"key":"SMITH"},{"floor":49,"key":"REST"}],"neow_cost":"TEN_PERCENT_HP_LOSS","seed_source_timestamp":266134043962600,"circlet_count":0,"master_deck":["AscendersBane","Strike_G+1","Strike_G+1","Strike_G+1","Defend_G+1","Defend_G+1","Defend_G+1","Defend_G+1","Defend_G+1","Survivor","Neutralize+1","Bouncing Flask+1","Catalyst+1","Bouncing Flask","Unload","Unload","PiercingWail","Calculated Gamble","Dodge and Roll+1","Calculated Gamble+1","Footwork","Deadly Poison","Well Laid Plans+1","After Image","Blur","Escape Plan+1","Backflip","Adrenaline","Parasite","Calculated Gamble","Footwork"],"relics":["Ring of the Snake","Dead Branch","Vajra","Bottled Lightning","Blood Vial","Odd Mushroom","Cursed Key","ClockworkSouvenir","Lantern","Mummified Hand","Philosopher\u0027s Stone","Ice Cream","Nunchaku"],"potions_floor_usage":[14,33,36,36,41,45,50,50],"damage_taken":[{"damage":2,"enemies":"Jaw Worm","floor":1,"turns":4},{"damage":1,"enemies":"Small Slimes","floor":3,"turns":5},{"damage":31,"enemies":"Gremlin Nob","floor":6,"turns":5},{"damage":0,"enemies":"Cultist","floor":11,"turns":2},{"damage":19,"enemies":"The Mushroom Lair","floor":14,"turns":2},{"damage":4,"enemies":"The Guardian","floor":16,"turns":7},{"damage":0,"enemies":"Chosen","floor":18,"turns":2},{"damage":30,"enemies":"3 Byrds","floor":21,"turns":3},{"damage":6,"enemies":"3 Cultists","floor":22,"turns":5},{"damage":20,"enemies":"Book of Stabbing","floor":24,"turns":4},{"damage":7,"enemies":"Snecko","floor":28,"turns":3},{"damage":11,"enemies":"Shelled Parasite and Fungi","floor":31,"turns":2},{"damage":20,"enemies":"Automaton","floor":33,"turns":9},{"damage":2,"enemies":"Orb Walker","floor":35,"turns":2},{"damage":1,"enemies":"3 Darklings","floor":36,"turns":9},{"damage":0,"enemies":"Transient","floor":37,"turns":6},{"damage":19,"enemies":"Writhing Mass","floor":39,"turns":5},{"damage":8,"enemies":"Sphere and 2 Shapes","floor":41,"turns":8},{"damage":0,"enemies":"Maw","floor":45,"turns":4},{"damage":0,"enemies":"Transient","floor":46,"turns":6},{"damage":0,"enemies":"Mind Bloom Boss Battle","floor":48,"turns":3},{"damage":0,"enemies":"Donu and Deca","floor":50,"turns":7}],"seed_played":"7294376383176725842","potions_obtained":[{"floor":6,"key":"LiquidBronze"},{"floor":22,"key":"PowerPotion"},{"floor":28,"key":"SteroidPotion"},{"floor":31,"key":"Swift Potion"},{"floor":33,"key":"SpeedPotion"},{"floor":39,"key":"SkillPotion"},{"floor":41,"key":"Swift Potion"},{"floor":45,"key":"Dexterity Potion"},{"floor":48,"key":"SpeedPotion"}],"is_trial":false,"path_per_floor":["M","$","M","?","?","E","?","R","T","R","M","?","R","?","R","B",null,"M","$","?","M","M","R","E","?","T","R","M","?","$","M","R","B",null,"M","M","M","$","M","R","M","R","T","?","M","M","$","?","R","B",null],"character_chosen":"THE_SILENT","items_purchased":["Leg Sweep","ClockworkSouvenir","Calculated Gamble","Well Laid Plans","Swift Potion","Footwork"],"campfire_rested":5,"item_purchase_floors":[2,19,19,30,47,47],"current_hp_per_floor":[57,57,56,49,38,7,60,60,60,60,60,42,42,25,43,41,55,57,57,57,29,25,43,25,25,25,43,38,38,38,29,47,29,52,52,53,55,55,38,38,32,32,32,32,34,36,36,38,56,58],"gold":114,"neow_bonus":"ONE_RARE_RELIC","is_prod":false,"is_daily":false,"chose_seed":false,"campfire_upgraded":5,"win_rate":0,"timestamp":1565031469,"path_taken":["M","$","M","?","?","E","?","R","T","R","?","?","R","?","R","BOSS","M","$","?","M","M","R","E","?","T","R","M","?","$","M","R","BOSS","M","M","M","$","M","R","M","R","T","?","M","M","$","?","R","BOSS"],"build_version":"2019-07-17","purchased_purges":2,"victory":true,"max_hp_per_floor":[60,60,60,60,60,60,60,60,60,60,60,60,60,60,60,60,60,60,60,60,60,60,60,60,60,60,60,60,60,60,60,60,60,60,60,60,60,60,60,60,60,60,60,60,60,60,60,60,60,60],"card_choices":[{"not_picked":["Dodge and Roll","Dagger Spray"],"picked":"Bouncing Flask","floor":1},{"not_picked":["Cloak And Dagger","Blade Dance"],"picked":"Dagger Spray","floor":3},{"not_picked":["Blur","Flechettes"],"picked":"Catalyst","floor":6},{"not_picked":["Sucker Punch","Cloak And Dagger"],"picked":"Bouncing Flask","floor":11},{"not_picked":["Poisoned Stab","Underhanded Strike"],"picked":"Unload","floor":14},{"not_picked":["Storm of Steel","A Thousand Cuts"],"picked":"Unload","floor":16},{"not_picked":["Bouncing Flask","Prepared"],"picked":"PiercingWail","floor":18},{"not_picked":["Infinite Blades","Predator"],"picked":"Dodge and Roll+1","floor":21},{"not_picked":["Prepared","Deadly Poison"],"picked":"Calculated Gamble","floor":22},{"not_picked":["Prepared","Riddle With Holes+1","Blade Dance"],"picked":"SKIP","floor":24},{"not_picked":["Slice","Dash"],"picked":"Footwork","floor":28},{"not_picked":["Grand Finale","Underhanded Strike","All Out Attack"],"picked":"SKIP","floor":31},{"not_picked":["Venomology","Storm of Steel"],"picked":"After Image","floor":33},{"not_picked":["Poisoned Stab+1","Terror","Bane"],"picked":"SKIP","floor":35},{"not_picked":["Heel Hook+1","Underhanded Strike"],"picked":"Blur","floor":36},{"not_picked":["Accuracy+1","Dagger Spray"],"picked":"Escape Plan+1","floor":37},{"not_picked":["Poisoned Stab+1","Heel Hook"],"picked":"Backflip","floor":39},{"not_picked":["Endless Agony","Dagger Throw+1"],"picked":"Adrenaline","floor":41},{"not_picked":["Flying Knee","Dodge and Roll","Blade Dance"],"picked":"SKIP","floor":45},{"not_picked":["Escape Plan","Slice+1"],"picked":"Calculated Gamble","floor":46}],"player_experience":583827,"relics_obtained":[{"floor":6,"key":"Vajra"},{"floor":9,"key":"Bottled Lightning"},{"floor":14,"key":"Odd Mushroom"},{"floor":24,"key":"Lantern"},{"floor":26,"key":"Mummified Hand"},{"floor":43,"key":"Ice Cream"},{"floor":48,"key":"Nunchaku"}],"event_choices":[{"cards_removed":["Strike_G"],"damage_healed":0,"gold_gain":0,"player_choice":"Card Removal","damage_taken":7,"max_hp_gain":0,"max_hp_loss":0,"event_name":"Golden Wing","floor":4,"gold_loss":0},{"damage_healed":0,"gold_gain":75,"player_choice":"Gather Gold","damage_taken":11,"max_hp_gain":0,"max_hp_loss":0,"event_name":"World of Goop","floor":5,"gold_loss":0},{"cards_removed":["Leg Sweep"],"damage_healed":53,"gold_gain":0,"player_choice":"Offered Uncommon","damage_taken":0,"max_hp_gain":0,"max_hp_loss":0,"event_name":"Bonfire Elementals","floor":7,"gold_loss":0},{"damage_healed":0,"gold_gain":0,"player_choice":"Success","damage_taken":18,"relics_obtained":["Blood Vial"],"max_hp_gain":0,"max_hp_loss":0,"event_name":"Scrap Ooze","floor":12,"gold_loss":0},{"damage_healed":0,"gold_gain":0,"player_choice":"Fought Mushrooms","damage_taken":0,"max_hp_gain":0,"max_hp_loss":0,"event_name":"Mushrooms","floor":14,"gold_loss":0},{"damage_healed":0,"gold_gain":0,"player_choice":"Simplicity","damage_taken":0,"max_hp_gain":0,"max_hp_loss":0,"event_name":"Back to Basics","floor":20,"gold_loss":0,"cards_upgraded":["Strike_G","Strike_G","Strike_G","Defend_G","Defend_G","Defend_G","Defend_G","Defend_G"]},{"damage_healed":0,"gold_gain":0,"player_choice":"Paid Fearfully","damage_taken":0,"max_hp_gain":0,"max_hp_loss":0,"event_name":"Masked Bandits","floor":25,"gold_loss":72},{"damage_healed":0,"gold_gain":0,"cards_transformed":["Pain","Dagger Spray"],"player_choice":"Became Test Subject","damage_taken":0,"max_hp_gain":0,"max_hp_loss":0,"event_name":"Drug Dealer","floor":29,"gold_loss":0,"cards_obtained":["Normality","Deadly Poison"]},{"damage_healed":0,"gold_gain":0,"player_choice":"Ignored","damage_taken":0,"max_hp_gain":0,"max_hp_loss":0,"event_name":"Mysterious Sphere","floor":44,"gold_loss":0},{"damage_healed":0,"gold_gain":0,"player_choice":"Fight","damage_taken":0,"max_hp_gain":0,"max_hp_loss":0,"event_name":"MindBloom","floor":48,"gold_loss":0}],"is_beta":false,"boss_relics":[{"not_picked":["Runic Dome","Astrolabe"],"picked":"Cursed Key"},{"not_picked":["Fusion Hammer","Pandora\u0027s Box"],"picked":"Philosopher\u0027s Stone"}],"items_purged_floors":[19,38],"is_endless":false,"potions_floor_spawned":[6,22,28,31,33,39,41,45,48],"ascension_level":18}