{"gold_per_floor":[214,18,33,50,50,50,64,90,90,90,90,90,114,79,79,175,175,191,191,141,160,184,184,205,249,249,262,262,276,326,344,344,344],"floor_reached":33,"playtime":1640,"items_purged":[],"score":550,"play_id":"99ca612c-bc08-413a-b8aa-fd64486cfe6a","local_time":"20190824053644","is_ascension_mode":true,"campfire_choices":[{"data":"Chill","floor":6,"key":"SMITH"},{"floor":15,"key":"REST"},{"floor":23,"key":"REST"},{"floor":28,"key":"REST"},{"data":"Echo Form","floor":32,"key":"SMITH"}],"neow_cost":"NONE","seed_source_timestamp":255014308141600,"circlet_count":0,"master_deck":["AscendersBane","Defend_B","Defend_B+1","Defend_B+1","Defend_B+1","Zap","Dualcast","Conserve Battery","Apotheosis+1","Chill+1","Ball Lightning+1","Defragment","Streamline+1","Compile Driver+1","Echo Form+1","Double Energy","Bite+1","Bite+1","Bite+1","Bite+1","Bite+1","Compile Driver+1","Coolheaded","Defragment","Go for the Eyes+1","Coolheaded","Darkness"],"relics":["Cracked Core","Molten Egg 2","Mercury Hourglass","Golden Idol","Black Star","Symbiotic Virus","Orichalcum","Cables"],"potions_floor_usage":[8,21,22,22,25],"damage_taken":[{"damage":3,"enemies":"2 Louse","floor":1,"turns":3},{"damage":3,"enemies":"Small Slimes","floor":3,"turns":3},{"damage":0,"enemies":"Jaw Worm","floor":4,"turns":3},{"damage":1,"enemies":"Large Slime","floor":7,"turns":4},{"damage":10,"enemies":"3 Sentries","floor":8,"turns":6},{"damage":0,"enemies":"3 Louse","floor":13,"turns":3},{"damage":18,"enemies":"The Guardian","floor":16,"turns":8},{"damage":33,"enemies":"2 Thieves","floor":18,"turns":4},{"damage":28,"enemies":"Shell Parasite","floor":21,"turns":7},{"damage":0,"enemies":"Cultist and Chosen","floor":22,"turns":5},{"damage":8,"enemies":"3 Cultists","floor":24,"turns":6},{"damage":43,"enemies":"Book of Stabbing","floor":25,"turns":5},{"damage":1,"enemies":"Snake Plant","floor":27,"turns":3},{"damage":3,"enemies":"Snecko","floor":29,"turns":4},{"damage":0,"enemies":"Centurion and Healer","floor":31,"turns":7},{"damage":72,"enemies":"Collector","floor":33,"turns":9}],"seed_played":"-2444290258124488462","potions_obtained":[{"floor":3,"key":"Swift Potion"},{"floor":4,"key":"PowerPotion"},{"floor":18,"key":"Strength Potion"},{"floor":21,"key":"FearPotion"},{"floor":24,"key":"LiquidBronze"}],"is_trial":false,"path_per_floor":["M","$","M","M","?","R","M","E","T","?","?","?","M","?","R","B",null,"M","?","?","M","M","R","M","E","T","M","R","M","?","M","R","B"],"character_chosen":"DEFECT","items_purchased":["Apotheosis"],"campfire_rested":3,"item_purchase_floors":[2],"current_hp_per_floor":[61,61,58,58,58,58,57,47,47,70,49,25,25,42,63,45,65,32,32,32,13,25,39,47,6,6,14,28,40,36,48,48,0],"gold":344,"neow_bonus":"HUNDRED_GOLD","is_prod":false,"is_daily":false,"chose_seed":false,"campfire_upgraded":2,"win_rate":0,"timestamp":1566592604,"path_taken":["M","$","M","M","?","R","M","E","T","?","?","?","M","?","R","BOSS","M","?","?","M","?","R","M","E","T","M","R","M","?","?","R","BOSS"],"build_version":"2019-07-17","purchased_purges":0,"victory":false,"max_hp_per_floor":[71,71,71,71,71,71,71,71,71,71,71,71,71,71,71,71,71,71,49,49,49,49,49,49,49,49,49,49,49,49,49,49,49],"card_choices":[{"not_picked":["Coolheaded","Cold Snap"],"picked":"Conserve Battery","floor":1},{"not_picked":["Scrape","Rebound"],"picked":"Chill","floor":3},{"not_picked":["Hello World","Sweeping Beam"],"picked":"Ball Lightning","floor":4},{"not_picked":["Force Field","Doom and Gloom"],"picked":"Defragment","floor":7},{"not_picked":["Gash","Auto Shields"],"picked":"Streamline","floor":8},{"not_picked":["Double Energy","Beam Cell+1"],"picked":"Compile Driver+1","floor":13},{"not_picked":["Meteor Strike+1","Amplify"],"picked":"Echo Form","floor":16},{"not_picked":["Beam Cell+1","Sweeping Beam+1"],"picked":"Double Energy","floor":18},{"not_picked":["Chaos","Barrage+1"],"picked":"Compile Driver+1","floor":21},{"not_picked":["Lockon+1","Blizzard+1"],"picked":"Coolheaded","floor":22},{"not_picked":["Reprogram","Steam"],"picked":"Defragment","floor":24},{"not_picked":["Static Discharge+1","Chill"],"picked":"Go for the Eyes+1","floor":25},{"not_picked":["Beam Cell+1","Rainbow"],"picked":"Coolheaded","floor":27},{"not_picked":["Ball Lightning+1","Sweeping Beam+1"],"picked":"Darkness","floor":29},{"not_picked":["Leap","Ball Lightning+1","Rebound+1"],"picked":"SKIP","floor":31}],"player_experience":790706,"relics_obtained":[{"floor":8,"key":"Molten Egg 2"},{"floor":9,"key":"Mercury Hourglass"},{"floor":25,"key":"Symbiotic Virus"},{"floor":25,"key":"Orichalcum"},{"floor":26,"key":"Cables"}],"event_choices":[{"damage_healed":0,"gold_gain":0,"player_choice":"Grow","damage_taken":0,"max_hp_gain":0,"max_hp_loss":0,"event_name":"Living Wall","floor":5,"gold_loss":0,"cards_upgraded":["Apotheosis"]},{"damage_healed":23,"gold_gain":0,"player_choice":"Banana","damage_taken":0,"max_hp_gain":0,"max_hp_loss":0,"event_name":"Big Fish","floor":10,"gold_loss":0},{"damage_healed":0,"gold_gain":0,"player_choice":"Entered Light","damage_taken":21,"max_hp_gain":0,"max_hp_loss":0,"event_name":"Shining Light","floor":11,"gold_loss":0,"cards_upgraded":["Defend_B","Ball Lightning"]},{"damage_healed":0,"gold_gain":0,"player_choice":"Take Damage","damage_taken":24,"relics_obtained":["Golden Idol"],"max_hp_gain":0,"max_hp_loss":0,"event_name":"Golden Idol","floor":12,"gold_loss":0},{"damage_healed":17,"gold_gain":0,"player_choice":"Healed","damage_taken":0,"max_hp_gain":0,"max_hp_loss":0,"event_name":"The Cleric","floor":14,"gold_loss":35},{"damage_healed":0,"gold_gain":0,"player_choice":"Became a vampire","damage_taken":0,"max_hp_gain":0,"max_hp_loss":22,"event_name":"Vampires","floor":19,"gold_loss":0,"cards_obtained":["Bite","Bite","Bite","Bite","Bite"]},{"damage_healed":0,"gold_gain":0,"player_choice":"Upgraded Two","damage_taken":0,"max_hp_gain":0,"max_hp_loss":0,"event_name":"Designer","floor":20,"gold_loss":50,"cards_upgraded":["Defend_B","Defend_B"]},{"damage_healed":0,"gold_gain":50,"player_choice":"Touch","damage_taken":4,"max_hp_gain":0,"max_hp_loss":0,"event_name":"FaceTrader","floor":30,"gold_loss":0}],"is_beta":false,"boss_relics":[{"not_picked":["Coffee Dripper","Tiny House"],"picked":"Black Star"}],"items_purged_floors":[],"is_endless":false,"potions_floor_spawned":[3,4,18,21,24],"killed_by":"Collector","ascension_level":19}