{"gold_per_floor":[119,119,132,142,158,158,187,187,187,187,205,205,223,223,223,326,326,345,420,370,385,401,401,401,416,440,453,21,21,53,1,1,100,100,116,116,134,134,148,148,158,158,230,230,230,285,40,51,51,51,51,51,3,29,29],"floor_reached":55,"playtime":6132,"items_purged":["Strike_B"],"score":671,"play_id":"62dcfd7a-9136-4cf1-b7c9-2a84d10dd1e7","local_time":"20190704091541","is_ascension_mode":true,"campfire_choices":[{"data":"Zap","floor":6,"key":"SMITH"},{"data":"Sweeping Beam","floor":8,"key":"SMITH"},{"data":"Go for the Eyes","floor":10,"key":"SMITH"},{"floor":12,"key":"REST"},{"data":"Go for the Eyes","floor":15,"key":"SMITH"},{"data":"Melter","floor":23,"key":"SMITH"},{"data":"Coolheaded","floor":29,"key":"SMITH"},{"floor":32,"key":"REST"},{"data":"Seek","floor":40,"key":"SMITH"},{"floor":42,"key":"REST"},{"floor":45,"key":"RECALL"},{"floor":49,"key":"REST"},{"data":"Creative AI","floor":52,"key":"SMITH"}],"neow_cost":"NONE","seed_source_timestamp":244894347971400,"circlet_count":0,"master_deck":["Strike_B","Defend_B","Defend_B","Defend_B","Zap+1","Go for the Eyes+1","Sweeping Beam+1","Go for the Eyes+1","Cold Snap","Melter+1","Barrage","Coolheaded+1","All For One","Reprogram+1","Conserve Battery+1","Turbo+1","RitualDagger","Gash+1","Auto Shields+1","Capacitor","Coolheaded+1","White Noise+1","Gash","Seek+1","Aggregate+1","Reinforced Body+1","FTL+1","FTL","Panacea","Steam Power+1","Creative AI+1","Force Field+1"],"relics":["White Beast Statue","Singing Bowl","Gambling Chip","Philosopher\u0027s Stone","Pantograph","Lee\u0027s Waffle","Juzu Bracelet","Bird Faced Urn","Dream Catcher","Empty Cage","Letter Opener","Prayer Wheel","Vajra"],"potions_floor_usage":[4,7,7,13,16,16,21,21,21,22,30,33,38,50,50,50,54,55],"damage_taken":[{"damage":2,"enemies":"2 Louse","floor":1,"turns":3},{"damage":5,"enemies":"Cultist","floor":3,"turns":5},{"damage":8,"enemies":"Jaw Worm","floor":4,"turns":3},{"damage":12,"enemies":"Red Slaver","floor":5,"turns":4},{"damage":8,"enemies":"Lagavulin","floor":7,"turns":6},{"damage":5,"enemies":"Large Slime","floor":11,"turns":6},{"damage":5,"enemies":"Exordium Thugs","floor":13,"turns":2},{"damage":6,"enemies":"Slime Boss","floor":16,"turns":10},{"damage":2,"enemies":"Chosen","floor":18,"turns":4},{"damage":1,"enemies":"3 Byrds","floor":21,"turns":3},{"damage":11,"enemies":"Centurion and Healer","floor":22,"turns":6},{"damage":10,"enemies":"Cultist and Chosen","floor":25,"turns":6},{"damage":30,"enemies":"Snake Plant","floor":27,"turns":6},{"damage":26,"enemies":"Gremlin Leader","floor":30,"turns":9},{"damage":26,"enemies":"Collector","floor":33,"turns":10},{"damage":1,"enemies":"Orb Walker","floor":35,"turns":3},{"damage":27,"enemies":"3 Shapes","floor":37,"turns":8},{"damage":0,"enemies":"Maw","floor":38,"turns":4},{"damage":0,"enemies":"3 Darklings","floor":39,"turns":6},{"damage":11,"enemies":"Writhing Mass","floor":41,"turns":12},{"damage":27,"enemies":"2 Orb Walkers","floor":46,"turns":6},{"damage":25,"enemies":"Transient","floor":48,"turns":5},{"damage":47,"enemies":"Time Eater","floor":50,"turns":13},{"damage":61,"enemies":"Shield and Spear","floor":54,"turns":7},{"damage":62,"enemies":"The Heart","floor":55,"turns":3}],"seed_played":"-5045155236171628307","potions_obtained":[{"floor":1,"key":"Energy Potion"},{"floor":3,"key":"Energy Potion"},{"floor":4,"key":"Poison Potion"},{"floor":5,"key":"GamblersBrew"},{"floor":7,"key":"Explosive Potion"},{"floor":11,"key":"Explosive Potion"},{"floor":13,"key":"Energy Potion"},{"floor":16,"key":"SteroidPotion"},{"floor":18,"key":"Explosive Potion"},{"floor":21,"key":"PowerPotion"},{"floor":22,"key":"SmokeBomb"},{"floor":25,"key":"FocusPotion"},{"floor":27,"key":"FairyPotion"},{"floor":30,"key":"Ancient Potion"},{"floor":33,"key":"FocusPotion"},{"floor":35,"key":"Weak Potion"},{"floor":39,"key":"Energy Potion"},{"floor":46,"key":"Dexterity Potion"},{"floor":54,"key":"Explosive Potion"}],"is_trial":false,"path_per_floor":["M","?","M","M","M","R","E","R","T","R","M","R","M","?","R","B",null,"M","T","?","M","M","R","?","M","T","M","$","R","E","?","R","B",null,"M","?","M","M","M","R","M","R","T","?","R","?","$","M","R","B",null,"R","$","E","B"],"character_chosen":"DEFECT","items_purchased":["Lee\u0027s Waffle","Juzu Bracelet","Capacitor","Coolheaded","FTL","Panacea","PowerPotion"],"campfire_rested":4,"item_purchase_floors":[28,28,28,28,47,47,53],"current_hp_per_floor":[73,73,68,60,48,48,40,40,40,40,35,57,52,52,52,46,75,73,73,73,72,61,61,55,45,45,15,82,82,56,56,80,58,82,82,78,51,53,57,57,50,74,74,74,74,51,51,30,56,59,84,84,84,33,0],"gold":29,"neow_bonus":"BOSS_RELIC","is_prod":false,"is_daily":false,"chose_seed":false,"campfire_upgraded":8,"win_rate":0,"timestamp":1562199341,"path_taken":["M","?","?","M","M","R","E","R","T","R","M","R","M","?","R","BOSS","M","?","?","?","M","R","?","M","T","M","$","R","E","?","R","BOSS","M","?","M","M","M","R","M","R","T","?","R","?","$","M","R","BOSS","R","$","E","BOSS"],"build_version":"2019-07-01","purchased_purges":1,"victory":false,"max_hp_per_floor":[75,75,75,75,75,75,75,75,75,75,75,75,75,75,75,75,75,75,75,75,75,75,75,75,75,75,75,82,82,82,82,82,82,82,82,78,78,78,80,80,80,80,80,80,80,82,82,82,84,84,84,84,84,84,84],"card_choices":[{"not_picked":["Stack","Hello World"],"picked":"Go for the Eyes","floor":1},{"not_picked":["Doom and Gloom","Rebound"],"picked":"Sweeping Beam","floor":3},{"not_picked":["Redo","Multi-Cast"],"picked":"Go for the Eyes","floor":4},{"not_picked":["Sweeping Beam","Blizzard"],"picked":"Cold Snap","floor":5},{"not_picked":["Rebound","Redo"],"picked":"Melter","floor":7},{"not_picked":["Lockon","Stack"],"picked":"Barrage","floor":11},{"not_picked":["Lockon","Gash"],"picked":"Coolheaded","floor":13},{"not_picked":["Machine Learning","Rainbow"],"picked":"All For One","floor":16},{"not_picked":["Leap","Gash+1"],"picked":"Reprogram+1","floor":18},{"not_picked":["Streamline","Sweeping Beam"],"picked":"Conserve Battery+1","floor":21},{"not_picked":["Ball Lightning","Auto Shields"],"picked":"Turbo+1","floor":22},{"not_picked":["Doom and Gloom+1","Cold Snap"],"picked":"Gash+1","floor":25},{"not_picked":["Conserve Battery","Darkness"],"picked":"Auto Shields+1","floor":27},{"not_picked":["Lockon+1","Sweeping Beam"],"picked":"White Noise+1","floor":30},{"not_picked":["Lockon","Coolheaded"],"picked":"Gash","floor":32},{"not_picked":["Hyperbeam","Reboot"],"picked":"Seek","floor":33},{"not_picked":["Ball Lightning","Compile Driver"],"picked":"Aggregate+1","floor":35},{"not_picked":["Redo+1","Double Energy"],"picked":"Reinforced Body+1","floor":37},{"not_picked":["Cold Snap+1","Turbo","Darkness+1"],"picked":"Singing Bowl","floor":39},{"not_picked":["Gash+1","Go for the Eyes+1","Compile Driver+1"],"picked":"SKIP","floor":41},{"not_picked":["Redo+1","Streamline"],"picked":"FTL+1","floor":42},{"not_picked":["Hello World","Gash","Static Discharge"],"picked":"Singing Bowl","floor":46},{"not_picked":["Steam+1","Compile Driver+1"],"picked":"Steam Power+1","floor":48},{"not_picked":["Genetic Algorithm+1","Go for the Eyes+1"],"picked":"Creative AI","floor":48},{"not_picked":["Rebound","Redo+1","Lockon+1"],"picked":"Singing Bowl","floor":49},{"not_picked":["Loop+1","Doom and Gloom"],"picked":"Force Field+1","floor":54}],"player_experience":187929,"relics_obtained":[{"floor":7,"key":"Singing Bowl"},{"floor":9,"key":"Gambling Chip"},{"floor":19,"key":"Pantograph"},{"floor":30,"key":"Bird Faced Urn"},{"floor":43,"key":"Letter Opener"},{"floor":46,"key":"Prayer Wheel"},{"floor":54,"key":"Vajra"}],"event_choices":[{"cards_removed":["Dualcast"],"damage_healed":0,"gold_gain":0,"player_choice":"Offered Basic","damage_taken":0,"max_hp_gain":0,"max_hp_loss":0,"event_name":"Bonfire Elementals","floor":2,"gold_loss":0},{"damage_healed":0,"gold_gain":0,"player_choice":"Upgraded","damage_taken":0,"max_hp_gain":0,"max_hp_loss":0,"event_name":"Upgrade Shrine","floor":14,"gold_loss":0,"cards_upgraded":["Coolheaded"]},{"damage_healed":0,"gold_gain":0,"player_choice":"Bet on Owner","damage_taken":0,"max_hp_gain":0,"max_hp_loss":0,"event_name":"The Joust","floor":20,"gold_loss":50},{"damage_healed":0,"gold_gain":0,"player_choice":"Joined the Cult","damage_taken":6,"max_hp_gain":0,"max_hp_loss":0,"event_name":"Nest","floor":24,"gold_loss":0,"cards_obtained":["RitualDagger"]},{"damage_healed":0,"gold_gain":0,"player_choice":"Paid Gold","damage_taken":0,"relics_obtained":["Dream Catcher"],"max_hp_gain":0,"max_hp_loss":0,"event_name":"WeMeetAgain","floor":31,"gold_loss":52},{"damage_healed":0,"gold_gain":0,"player_choice":"Max HP","damage_taken":0,"max_hp_gain":0,"max_hp_loss":4,"event_name":"Winding Halls","floor":36,"gold_loss":0},{"cards_removed":["Defend_B"],"damage_healed":0,"gold_gain":0,"player_choice":"Purged","damage_taken":0,"max_hp_gain":0,"max_hp_loss":0,"event_name":"Purifier","floor":44,"gold_loss":0},{"damage_healed":0,"gold_gain":0,"player_choice":"Fight","damage_taken":0,"max_hp_gain":0,"max_hp_loss":0,"event_name":"Mysterious Sphere","floor":46,"gold_loss":0}],"is_beta":false,"boss_relics":[{"not_picked":["Black Star","Orrery"],"picked":"Philosopher\u0027s Stone"},{"not_picked":["Tiny House","Velvet Choker"],"picked":"Empty Cage"}],"items_purged_floors":[47],"is_endless":false,"potions_floor_spawned":[1,3,4,5,7,11,13,16,18,21,22,25,27,30,33,35,37,38,39,41,46,48,54],"killed_by":"The Heart","ascension_level":1}