{"gold_per_floor":[111,122,47,347,11,11,62,75,75,75,98,57,57,83,83,157,157,170,70,83,83,27,27,52,52,52,72,72,85,115,115],"floor_reached":31,"playtime":1413,"items_purged":["Decay","Strike_B"],"score":484,"play_id":"e82a7e47-d7b0-48dc-bada-263829182dbd","local_time":"20190820223121","is_ascension_mode":true,"campfire_choices":[{"data":"Zap","floor":6,"key":"SMITH"},{"data":"Redo","floor":10,"key":"SMITH"},{"floor":13,"key":"REST"},{"data":"Dualcast","floor":15,"key":"SMITH"},{"data":"Beam Cell","floor":23,"key":"SMITH"},{"data":"Sunder","floor":25,"key":"SMITH"}],"neow_cost":"CURSE","seed_source_timestamp":515648156426900,"circlet_count":0,"master_deck":["AscendersBane","Strike_B","Strike_B","Strike_B","Defend_B","Defend_B","Defend_B+1","Defend_B","Zap+1","Dualcast+1","Cold Snap","Leap+1","Sunder+1","Redo+1","Conserve Battery","Beam Cell+1","Self Repair","Reboot","Conserve Battery+1","White Noise+1","Core Surge","Shame","Defragment","Ghostly","Ghostly","Ghostly","Redo+1","Biased Cognition"],"relics":["Cracked Core","Incense Burner","Old Coin","Chemical X","Darkstone Periapt","Odd Mushroom","Dodecahedron","Cursed Key","Bottled Flame","War Paint","Bag of Preparation"],"potions_floor_usage":[14,15,24,24,31],"damage_taken":[{"damage":4,"enemies":"2 Louse","floor":1,"turns":3},{"damage":4,"enemies":"Jaw Worm","floor":2,"turns":3},{"damage":0,"enemies":"Cultist","floor":8,"turns":3},{"damage":1,"enemies":"The Mushroom Lair","floor":11,"turns":5},{"damage":25,"enemies":"3 Sentries","floor":14,"turns":5},{"damage":16,"enemies":"The Guardian","floor":16,"turns":14},{"damage":3,"enemies":"Spheric Guardian","floor":18,"turns":4},{"damage":15,"enemies":"2 Thieves","floor":20,"turns":4},{"damage":4,"enemies":"Slavers","floor":24,"turns":5},{"damage":10,"enemies":"Sentry and Sphere","floor":27,"turns":7},{"damage":1,"enemies":"Cultist and Chosen","floor":29,"turns":7},{"damage":40,"enemies":"Book of Stabbing","floor":30,"turns":6},{"damage":13,"enemies":"Snake Plant","floor":31,"turns":4}],"seed_played":"-5520886870352095787","potions_obtained":[{"floor":8,"key":"PowerPotion"},{"floor":11,"key":"Fruit Juice"},{"floor":16,"key":"LiquidBronze"},{"floor":24,"key":"FocusPotion"},{"floor":29,"key":"PowerPotion"}],"is_trial":false,"path_per_floor":["M","M","$","?","$","R","?","M","T","R","?","$","R","E","R","B",null,"M","$","M","?","$","R","E","R","T","M","?","M","E","M"],"character_chosen":"DEFECT","items_purchased":["Chemical X","Sunder","Redo","Self Repair","Dexterity Potion"],"campfire_rested":1,"item_purchase_floors":[5,5,5,12,22],"current_hp_per_floor":[60,56,56,30,30,30,30,30,30,30,29,29,50,32,37,28,64,68,68,60,60,60,60,56,56,62,59,41,41,8,0],"gold":115,"neow_bonus":"ONE_RARE_RELIC","is_prod":false,"is_daily":false,"chose_seed":false,"campfire_upgraded":5,"win_rate":0,"timestamp":1566307881,"path_taken":["M","M","$","?","$","R","?","M","T","R","?","$","R","E","R","BOSS","M","$","M","?","?","R","E","R","T","M","?","M","E","M"],"build_version":"2019-07-17","purchased_purges":2,"victory":false,"max_hp_per_floor":[71,71,71,71,71,71,71,71,71,71,71,71,71,71,76,76,76,76,76,76,76,76,76,76,76,82,82,41,41,41,41],"card_choices":[{"not_picked":["Rebound","Go for the Eyes"],"picked":"Cold Snap","floor":1},{"not_picked":["Barrage","Gash"],"picked":"Leap","floor":2},{"not_picked":["Coolheaded","Hyperbeam"],"picked":"Conserve Battery","floor":8},{"not_picked":["Gash","Go for the Eyes"],"picked":"Beam Cell","floor":11},{"not_picked":["Beam Cell","Aggregate","Storm"],"picked":"SKIP","floor":14},{"not_picked":["Buffer","Creative AI"],"picked":"Reboot","floor":16},{"not_picked":["Ball Lightning","Steam"],"picked":"Conserve Battery+1","floor":18},{"not_picked":["Reinforced Body","Scrape+1"],"picked":"White Noise+1","floor":20},{"not_picked":["Gash","Hello World"],"picked":"Core Surge","floor":24},{"not_picked":["Compile Driver","Beam Cell"],"picked":"Defragment","floor":27},{"not_picked":["Coolheaded","Cold Snap"],"picked":"Redo+1","floor":29},{"not_picked":["Beam Cell","Recycle"],"picked":"Biased Cognition","floor":30}],"player_experience":723691,"relics_obtained":[{"floor":9,"key":"Darkstone Periapt"},{"floor":11,"key":"Odd Mushroom"},{"floor":14,"key":"Dodecahedron"},{"floor":24,"key":"Bottled Flame"},{"floor":26,"key":"War Paint"},{"floor":30,"key":"Bag of Preparation"}],"event_choices":[{"damage_healed":0,"gold_gain":0,"player_choice":"Success","damage_taken":26,"relics_obtained":["Old Coin"],"max_hp_gain":0,"max_hp_loss":0,"event_name":"Scrap Ooze","floor":4,"gold_loss":0},{"damage_healed":0,"gold_gain":51,"player_choice":"Gained Gold","damage_taken":0,"max_hp_gain":0,"max_hp_loss":0,"event_name":"Golden Wing","floor":7,"gold_loss":0},{"damage_healed":0,"gold_gain":0,"player_choice":"Fought Mushrooms","damage_taken":0,"max_hp_gain":0,"max_hp_loss":0,"event_name":"Mushrooms","floor":11,"gold_loss":0},{"damage_healed":0,"gold_gain":0,"player_choice":"Leave","damage_taken":0,"max_hp_gain":0,"max_hp_loss":0,"event_name":"FaceTrader","floor":21,"gold_loss":0},{"damage_healed":0,"gold_gain":0,"player_choice":"Became a Ghost","damage_taken":0,"max_hp_gain":0,"max_hp_loss":41,"event_name":"Ghosts","floor":28,"gold_loss":0,"cards_obtained":["Ghostly","Ghostly","Ghostly"]}],"is_beta":false,"boss_relics":[{"not_picked":["Eternal Feather","Nuclear Battery"],"picked":"Cursed Key"}],"items_purged_floors":[3,19],"is_endless":false,"potions_floor_spawned":[8,11,16,24,29],"killed_by":"Snake Plant","ascension_level":16}