{"gold_per_floor":[11,286,296,23,34,59,59,72,99,99,132,147,176,188,188,285,285,304,10,27,27,27,54,54,69,69,98,98,118,218,234,234,234],"floor_reached":33,"playtime":3944,"items_purged":["Regret","Strike_R"],"score":349,"play_id":"0983ea1c-ab4f-474b-8d6b-fd0a05ed35f1","local_time":"20190702202046","is_ascension_mode":true,"campfire_choices":[{"data":"Enlightenment","floor":7,"key":"SMITH"},{"floor":10,"key":"REST"},{"floor":15,"key":"REST"},{"data":"Corruption","floor":24,"key":"SMITH"},{"floor":28,"key":"REST"},{"floor":32,"key":"REST"}],"neow_cost":"NO_GOLD","seed_source_timestamp":114187035923200,"circlet_count":0,"master_deck":["Strike_R","Strike_R","Defend_R","Defend_R","Defend_R","Defend_R","Bash","Corruption+1","Infernal Blade","Enlightenment+1","Reinforced Body","Quick Slash","Whirlwind","Bloodletting","Dramatic Entrance","Exhume","Chrysalis","Go for the Eyes+1","J.A.X.","Melter+1","PiercingWail"],"relics":["Burning Blood","PrismaticShard","Centennial Puzzle","Red Skull","Bag of Preparation","Pocketwatch","Busted Crown","Mummified Hand","Blood Vial","Vajra","Prayer Wheel","Bottled Flame"],"potions_floor_usage":[6,11,11,16,16,30,33,33],"damage_taken":[{"damage":2,"enemies":"2 Louse","floor":1,"turns":3},{"damage":3,"enemies":"Cultist","floor":3,"turns":4},{"damage":0,"enemies":"Small Slimes","floor":5,"turns":2},{"damage":52,"enemies":"Lagavulin","floor":6,"turns":8},{"damage":8,"enemies":"3 Louse","floor":8,"turns":4},{"damage":17,"enemies":"3 Sentries","floor":11,"turns":8},{"damage":11,"enemies":"Exordium Wildlife","floor":12,"turns":4},{"damage":16,"enemies":"Lagavulin","floor":13,"turns":5},{"damage":3,"enemies":"2 Fungi Beasts","floor":14,"turns":2},{"damage":53,"enemies":"The Guardian","floor":16,"turns":8},{"damage":19,"enemies":"Shell Parasite","floor":18,"turns":6},{"damage":3,"enemies":"Chosen","floor":20,"turns":4},{"damage":3,"enemies":"Gremlin Leader","floor":23,"turns":4},{"damage":12,"enemies":"Snake Plant","floor":25,"turns":4},{"damage":52,"enemies":"Slavers","floor":27,"turns":7},{"damage":23,"enemies":"Shelled Parasite and Fungi","floor":29,"turns":5},{"damage":8,"enemies":"Colosseum Slavers","floor":30,"turns":3},{"damage":3,"enemies":"Colosseum Nobs","floor":30,"turns":2},{"damage":15,"enemies":"Centurion and Healer","floor":31,"turns":3},{"damage":66,"enemies":"Collector","floor":33,"turns":7}],"seed_played":"1910996352056346257","potions_obtained":[{"floor":1,"key":"Swift Potion"},{"floor":3,"key":"Block Potion"},{"floor":8,"key":"AttackPotion"},{"floor":12,"key":"FearPotion"},{"floor":14,"key":"AttackPotion"},{"floor":20,"key":"Fire Potion"},{"floor":23,"key":"SpeedPotion"},{"floor":29,"key":"FearPotion"},{"floor":31,"key":"SkillPotion"}],"is_trial":false,"path_per_floor":["M","?","M","$","M","E","R","M","T","R","E","M","E","M","R","B",null,"M","$","M","?","$","E","R","M","T","E","R","M","?","M","R","B"],"character_chosen":"IRONCLAD","items_purchased":["PrismaticShard","Chrysalis"],"campfire_rested":4,"item_purchase_floors":[4,19],"current_hp_per_floor":[80,80,80,80,80,34,34,32,32,56,45,40,30,33,57,10,80,67,67,70,70,70,73,73,67,67,23,47,32,37,30,54,0],"gold":234,"neow_bonus":"REMOVE_TWO","is_prod":false,"is_daily":false,"chose_seed":false,"campfire_upgraded":2,"win_rate":0,"timestamp":1562066446,"path_taken":["M","?","?","$","M","E","R","M","T","R","E","M","E","M","R","BOSS","M","$","M","?","$","E","R","M","T","E","R","M","?","M","R","BOSS"],"build_version":"2019-07-01","purchased_purges":2,"victory":false,"max_hp_per_floor":[80,80,80,80,80,80,80,80,80,80,80,80,80,80,80,80,80,80,80,80,80,80,80,80,80,80,80,80,80,80,80,80,80],"card_choices":[{"not_picked":["Perfected Strike","Dual Wield"],"picked":"Corruption","floor":1},{"not_picked":["Wild Strike","Perfected Strike"],"picked":"Infernal Blade","floor":3},{"not_picked":["Dark Shackles","Underhanded Strike"],"picked":"Enlightenment","floor":5},{"not_picked":["Darkness","Hologram","Thunderclap"],"picked":"SKIP","floor":6},{"not_picked":["A Thousand Cuts","Wild Strike"],"picked":"Reinforced Body","floor":8},{"not_picked":["Prepared","Rebound"],"picked":"Quick Slash","floor":11},{"not_picked":["Sweeping Beam","Perfected Strike"],"picked":"Whirlwind","floor":12},{"not_picked":["Skewer","Reflex"],"picked":"Bloodletting","floor":13},{"not_picked":["Streamline","Rebound"],"picked":"Dramatic Entrance","floor":14},{"not_picked":["Unload","All For One"],"picked":"Exhume","floor":16},{"not_picked":["Dagger Throw"],"picked":"SKIP","floor":18},{"not_picked":[],"picked":"Go for the Eyes+1","floor":20},{"not_picked":["Turbo"],"picked":"SKIP","floor":23},{"not_picked":[],"picked":"Melter+1","floor":25},{"not_picked":[],"picked":"PiercingWail","floor":27},{"not_picked":["Underhanded Strike+1"],"picked":"SKIP","floor":29},{"not_picked":["Reflex"],"picked":"SKIP","floor":31},{"not_picked":["Madness"],"picked":"SKIP","floor":31}],"player_experience":153035,"relics_obtained":[{"floor":6,"key":"Centennial Puzzle"},{"floor":9,"key":"Red Skull"},{"floor":11,"key":"Bag of Preparation"},{"floor":13,"key":"Pocketwatch"},{"floor":23,"key":"Mummified Hand"},{"floor":26,"key":"Blood Vial"},{"floor":27,"key":"Vajra"},{"floor":30,"key":"Prayer Wheel"},{"floor":30,"key":"Bottled Flame"}],"event_choices":[{"damage_healed":0,"gold_gain":275,"player_choice":"Desecrate","damage_taken":0,"max_hp_gain":0,"max_hp_loss":0,"event_name":"Golden Shrine","floor":2,"gold_loss":0,"cards_obtained":["Regret"]},{"damage_healed":0,"gold_gain":0,"player_choice":"Obtain J.A.X.","damage_taken":0,"max_hp_gain":0,"max_hp_loss":0,"event_name":"Drug Dealer","floor":21,"gold_loss":0,"cards_obtained":["J.A.X."]},{"damage_healed":0,"gold_gain":0,"player_choice":"Fight","damage_taken":0,"max_hp_gain":0,"max_hp_loss":0,"event_name":"Colosseum","floor":30,"gold_loss":0},{"damage_healed":0,"gold_gain":0,"player_choice":"Fought Nobs","damage_taken":0,"max_hp_gain":0,"max_hp_loss":0,"event_name":"Colosseum","floor":30,"gold_loss":0}],"is_beta":false,"boss_relics":[{"not_picked":["Runic Dome","Snecko Eye"],"picked":"Busted Crown"}],"items_purged_floors":[4,19],"is_endless":false,"potions_floor_spawned":[1,3,8,12,14,20,23,29,31],"killed_by":"Collector","ascension_level":1}