{"gold_per_floor":[17,34,34,48,66,66,86,106,129,129,147,162,177,177,177,177],"floor_reached":16,"playtime":1015,"items_purged":[],"score":127,"play_id":"acec1b63-3c8f-4aa8-8331-ebe4a6fbf8ac","local_time":"20190721084857","is_ascension_mode":true,"campfire_choices":[{"data":"Blur","floor":6,"key":"SMITH"},{"floor":10,"key":"REST"},{"floor":15,"key":"REST"}],"neow_cost":"NO_GOLD","seed_source_timestamp":157073201130600,"circlet_count":0,"master_deck":["Strike_G","Strike_G","Strike_G","Defend_G","Defend_G","Defend_G","Defend_G","Defend_G","Survivor","Neutralize","Flying Knee","Malaise","Blur+1","Bouncing Flask","Leg Sweep","Dagger Spray","Backflip","Noxious Fumes","Distraction","All Out Attack","Footwork"],"relics":["Ring of the Snake","Golden Idol","Dream Catcher","Juzu Bracelet"],"potions_floor_usage":[7,11,11,16],"damage_taken":[{"damage":0,"enemies":"2 Louse","floor":1,"turns":2},{"damage":4,"enemies":"Small Slimes","floor":2,"turns":5},{"damage":1,"enemies":"Cultist","floor":4,"turns":3},{"damage":10,"enemies":"2 Fungi Beasts","floor":5,"turns":3},{"damage":6,"enemies":"Exordium Thugs","floor":7,"turns":9},{"damage":1,"enemies":"Large Slime","floor":8,"turns":6},{"damage":0,"enemies":"Lots of Slimes","floor":11,"turns":2},{"damage":4,"enemies":"3 Louse","floor":12,"turns":3},{"damage":0,"enemies":"2 Fungi Beasts","floor":13,"turns":5},{"damage":40,"enemies":"Slime Boss","floor":16,"turns":12}],"seed_played":"-7343816147737698842","potions_obtained":[{"floor":1,"key":"SpeedPotion"},{"floor":4,"key":"Energy Potion"},{"floor":5,"key":"GamblersBrew"},{"floor":12,"key":"FearPotion"}],"is_trial":false,"path_per_floor":["M","M","?","M","M","R","M","M","T","R","M","M","M","?","R","B"],"character_chosen":"THE_SILENT","items_purchased":[],"campfire_rested":2,"item_purchase_floors":[],"current_hp_per_floor":[63,59,59,58,48,48,42,41,41,60,60,56,56,38,57,17],"gold":177,"neow_bonus":"TRANSFORM_TWO_CARDS","is_prod":false,"is_daily":false,"chose_seed":false,"campfire_upgraded":1,"win_rate":0,"timestamp":1563666537,"path_taken":["M","M","?","M","M","R","M","M","T","R","M","M","M","?","R","BOSS"],"build_version":"2019-07-17","purchased_purges":0,"victory":false,"max_hp_per_floor":[70,70,65,65,65,65,65,65,65,65,65,65,65,65,65,65],"card_choices":[{"not_picked":["Expertise","Caltrops"],"picked":"Blur","floor":1},{"not_picked":["Caltrops","Tactician"],"picked":"Bouncing Flask","floor":2},{"not_picked":["Poisoned Stab","Outmaneuver","PiercingWail"],"picked":"SKIP","floor":4},{"not_picked":["Flying Knee","Phantasmal Killer"],"picked":"Leg Sweep","floor":5},{"not_picked":["Masterful Stab","Deflect"],"picked":"Dagger Spray","floor":7},{"not_picked":["Infinite Blades","Cloak And Dagger","Choke"],"picked":"SKIP","floor":8},{"not_picked":["Endless Agony","Choke"],"picked":"Backflip","floor":10},{"not_picked":["Backflip","Deflect"],"picked":"Noxious Fumes","floor":11},{"not_picked":["Eviscerate","Outmaneuver"],"picked":"Distraction","floor":12},{"not_picked":["Corpse Explosion","Masterful Stab"],"picked":"All Out Attack","floor":13},{"not_picked":["Setup","Masterful Stab"],"picked":"Footwork","floor":15}],"player_experience":381152,"relics_obtained":[{"floor":9,"key":"Dream Catcher"}],"event_choices":[{"damage_healed":0,"gold_gain":0,"player_choice":"Lose Max HP","damage_taken":0,"relics_obtained":["Golden Idol"],"max_hp_gain":0,"max_hp_loss":5,"event_name":"Golden Idol","floor":3,"gold_loss":0},{"damage_healed":0,"gold_gain":0,"player_choice":"Success","damage_taken":18,"relics_obtained":["Juzu Bracelet"],"max_hp_gain":0,"max_hp_loss":0,"event_name":"Scrap Ooze","floor":14,"gold_loss":0}],"is_beta":false,"boss_relics":[],"items_purged_floors":[],"is_endless":false,"potions_floor_spawned":[1,4,5,12],"killed_by":"Slime Boss","ascension_level":6}