{"gold_per_floor":[115,126,138,138,35,69,83,95,95,112,179,179,179,202,202,333,333,353,18,42,61,61,61,101,124,148,148],"floor_reached":27,"playtime":2119,"items_purged":[],"score":237,"play_id":"1bd00125-4324-4533-aa43-ad4a07e3598e","local_time":"20190810190549","is_ascension_mode":false,"campfire_choices":[{"floor":12,"key":"REST"},{"floor":15,"key":"REST"},{"data":"Reaper","floor":23,"key":"SMITH"}],"neow_cost":"TEN_PERCENT_HP_LOSS","seed_source_timestamp":0,"circlet_count":0,"master_deck":["Strike_R+1","Strike_R+1","Strike_R","Strike_R","Strike_R","Defend_R","Defend_R","Defend_R","Defend_R","Bash","Flex","Perfected Strike","Anger","Heavy Blade","Inflame","Burning Pact","Double Tap","Flex","Rage","Shrug It Off","Reaper+1","Armaments+1","Demon Form+1","Armaments","Perfected Strike+1","Hemokinesis","Infernal Blade","Power Through+1"],"special_seed":0,"relics":["Burning Blood","FossilizedHelix","Whetstone","Frozen Egg 2","Golden Idol","Sozu","Omamori","Sundial","Kunai","Centennial Puzzle"],"potions_floor_usage":[8,24,24,24],"damage_taken":[{"damage":6.0,"enemies":"2 Louse","floor":1.0,"turns":4.0},{"damage":0.0,"enemies":"Cultist","floor":2.0,"turns":4.0},{"damage":5.0,"enemies":"Small Slimes","floor":3.0,"turns":3.0},{"damage":30,"enemies":"3 Sentries","floor":6,"turns":7},{"damage":9,"enemies":"3 Louse","floor":7,"turns":4},{"damage":0,"enemies":"Looter","floor":8,"turns":1},{"damage":17,"enemies":"Exordium Thugs","floor":10,"turns":5},{"damage":16,"enemies":"Lots of Slimes","floor":14,"turns":5},{"damage":33,"enemies":"Slime Boss","floor":16,"turns":11},{"damage":10,"enemies":"Chosen","floor":18,"turns":4},{"damage":29,"enemies":"3 Byrds","floor":20,"turns":7},{"damage":22,"enemies":"Snake Plant","floor":21,"turns":4},{"damage":60,"enemies":"Book of Stabbing","floor":24,"turns":6},{"damage":18,"enemies":"Snecko","floor":25,"turns":6}],"seed_played":"-1100868069089317111","potions_obtained":[{"floor":1.0,"key":"SpeedPotion"},{"floor":4.0,"key":"Fire Potion"},{"floor":4.0,"key":"SmokeBomb"},{"floor":6,"key":"SkillPotion"},{"floor":8,"key":"PowerPotion"}],"is_trial":false,"path_per_floor":["M","M","M","?","$","E","M","M","T","M","?","R","?","M","R","B",null,"M","$","M","M","?","R","E","M","T","?"],"character_chosen":"IRONCLAD","items_purchased":["Heavy Blade","Inflame","Omamori","Demon Form+1","Armaments"],"campfire_rested":2,"item_purchase_floors":[5,5,19,19,19],"current_hp_per_floor":[72,72,72,72,72,48,45,51,51,40,40,61,43,33,54,27,72,68,68,51,56,56,56,16,9,9,0],"gold":148,"neow_bonus":"ONE_RARE_RELIC","is_prod":false,"is_daily":false,"chose_seed":false,"campfire_upgraded":1,"win_rate":0.0,"timestamp":1565456749,"path_taken":["M","M","M","?","$","E","M","M","T","?","?","R","?","M","R","BOSS","M","$","M","M","?","R","E","M","T","?"],"build_version":"2019-07-17","purchased_purges":0,"victory":false,"max_hp_per_floor":[72,72,72,72,72,72,72,72,72,72,72,72,72,72,72,72,72,72,72,72,72,72,72,72,72,72,72],"card_choices":[{"not_picked":["Rupture","Armaments"],"picked":"Flex","floor":1.0},{"not_picked":["Second Wind","Carnage"],"picked":"Perfected Strike","floor":2.0},{"not_picked":["Rampage","Iron Wave"],"picked":"Anger","floor":3.0},{"not_picked":["Iron Wave","Twin Strike"],"picked":"Burning Pact","floor":6},{"not_picked":["Twin Strike","Warcry"],"picked":"Double Tap","floor":7},{"not_picked":["True Grit","Burning Pact"],"picked":"Flex","floor":8},{"not_picked":["Anger","Pommel Strike"],"picked":"Rage","floor":10},{"not_picked":["Sword Boomerang","Warcry"],"picked":"Shrug It Off","floor":14},{"not_picked":["Barricade+1","Limit Break"],"picked":"Reaper","floor":16},{"not_picked":["Twin Strike","Sword Boomerang"],"picked":"Armaments+1","floor":18},{"not_picked":["Anger","Sever Soul"],"picked":"Perfected Strike+1","floor":20},{"not_picked":["Twin Strike","Warcry+1"],"picked":"Hemokinesis","floor":21},{"not_picked":["True Grit+1","Fiend Fire"],"picked":"Infernal Blade","floor":24},{"not_picked":["Armaments","Cleave"],"picked":"Power Through+1","floor":25}],"player_experience":14558,"relics_obtained":[{"floor":6,"key":"Whetstone"},{"floor":9,"key":"Frozen Egg 2"},{"floor":24,"key":"Kunai"},{"floor":26,"key":"Centennial Puzzle"}],"event_choices":[{"damage_healed":0.0,"max_hp_gain":0.0,"max_hp_loss":0.0,"gold_gain":0.0,"event_name":"Lab","player_choice":"Got Potions","floor":4.0,"gold_loss":0.0,"damage_taken":0.0},{"damage_healed":0,"gold_gain":67,"player_choice":"Gained Gold","damage_taken":0,"max_hp_gain":0,"max_hp_loss":0,"event_name":"Golden Wing","floor":11,"gold_loss":0},{"damage_healed":0,"gold_gain":0,"player_choice":"Take Damage","damage_taken":18,"relics_obtained":["Golden Idol"],"max_hp_gain":0,"max_hp_loss":0,"event_name":"Golden Idol","floor":13,"gold_loss":0},{"damage_healed":0,"gold_gain":0,"player_choice":"Stole Relic","damage_taken":0,"relics_obtained":["Sundial"],"max_hp_gain":0,"max_hp_loss":0,"event_name":"Addict","floor":22,"gold_loss":0,"cards_obtained":["Shame"]}],"is_beta":false,"boss_relics":[{"not_picked":["Orrery","Astrolabe"],"picked":"Sozu"}],"items_purged_floors":[],"is_endless":false,"potions_floor_spawned":[1,6,8,14,20,21,25],"ascension_level":0}