{"gold_per_floor":[113,167,183,45,57,57,86,86,132,132,149,169,185,185,185,261,261,280,280,280,295,311,311,261,34,34,84,103,103,103,116,116,190,190,204,204,222,233,246,246,260,280,303,36,46,46,61,78,78,78],"floor_reached":51,"playtime":2938,"items_purged":["Regret","Defend_B","Pain"],"score":1204,"play_id":"05b702e9-13d3-49c6-a8ad-1e7560b42c4d","local_time":"20190821000257","is_ascension_mode":true,"campfire_choices":[{"data":"Dualcast","floor":6,"key":"SMITH"},{"floor":8,"key":"REST"},{"data":"Defragment","floor":10,"key":"SMITH"},{"floor":15,"key":"REST"},{"floor":23,"key":"REST"},{"floor":29,"key":"DIG"},{"floor":32,"key":"REST"},{"data":"Seek","floor":40,"key":"SMITH"},{"data":"Darkness","floor":46,"key":"SMITH"},{"data":"Hologram","floor":49,"key":"SMITH"}],"neow_cost":"CURSE","seed_source_timestamp":519611970818000,"circlet_count":0,"master_deck":["AscendersBane","Strike_B","Defend_B","Defend_B","Zap","Dualcast+1","Reboot","Ball Lightning","Reinforced Body","Defragment+1","Machine Learning","Darkness+1","Genetic Algorithm","Genetic Algorithm","Conserve Battery","Electrodynamics","Self Repair","Multi-Cast","Reprogram","Cold Snap","Capacitor","Seek+1","Hologram+1","BootSequence+1","White Noise+1","Multi-Cast","Glacier","Glacier","Reinforced Body+1","White Noise+1"],"relics":["Cracked Core","Smiling Mask","Shovel","DataDisk","Nuclear Battery","Chemical X","Art of War","Sundial","Cursed Key","Happy Flower"],"potions_floor_usage":[7,16,21,31,31,33,35,50],"damage_taken":[{"damage":2,"enemies":"Cultist","floor":1,"turns":3},{"damage":11,"enemies":"Small Slimes","floor":3,"turns":3},{"damage":0,"enemies":"Jaw Worm","floor":5,"turns":3},{"damage":35,"enemies":"3 Sentries","floor":7,"turns":5},{"damage":3,"enemies":"3 Louse","floor":11,"turns":3},{"damage":6,"enemies":"2 Fungi Beasts","floor":12,"turns":4},{"damage":1,"enemies":"Looter","floor":13,"turns":3},{"damage":15,"enemies":"Hexaghost","floor":16,"turns":8},{"damage":28,"enemies":"Chosen","floor":18,"turns":5},{"damage":19,"enemies":"3 Byrds","floor":21,"turns":3},{"damage":13,"enemies":"Centurion and Healer","floor":22,"turns":8},{"damage":0,"enemies":"Snecko","floor":28,"turns":3},{"damage":15,"enemies":"Chosen and Byrds","floor":31,"turns":6},{"damage":35,"enemies":"Champ","floor":33,"turns":9},{"damage":0,"enemies":"3 Shapes","floor":35,"turns":2},{"damage":0,"enemies":"Orb Walker","floor":37,"turns":3},{"damage":0,"enemies":"4 Shapes","floor":38,"turns":2},{"damage":3,"enemies":"Jaw Worm Horde","floor":39,"turns":2},{"damage":0,"enemies":"Spire Growth","floor":41,"turns":4},{"damage":0,"enemies":"Maw","floor":42,"turns":5},{"damage":0,"enemies":"4 Shapes","floor":45,"turns":3},{"damage":5,"enemies":"3 Darklings","floor":47,"turns":3},{"damage":0,"enemies":"Spire Growth","floor":48,"turns":5},{"damage":0,"enemies":"Time Eater","floor":50,"turns":8}],"seed_played":"-6937148471798998921","potions_obtained":[{"floor":5,"key":"LiquidBronze"},{"floor":11,"key":"SpeedPotion"},{"floor":16,"key":"Weak Potion"},{"floor":18,"key":"PowerPotion"},{"floor":28,"key":"Block Potion"},{"floor":31,"key":"Block Potion"},{"floor":33,"key":"Fire Potion"},{"floor":35,"key":"Swift Potion"},{"floor":38,"key":"SteroidPotion"},{"floor":42,"key":"Swift Potion"}],"is_trial":false,"path_per_floor":["M","T","M","$","M","R","E","R","T","R","M","M","M","?","R","B",null,"M","?","?","M","M","R","$","$","T","?","M","R","?","M","R","B",null,"M","?","M","M","M","R","M","M","T","$","M","R","M","M","R","B",null],"character_chosen":"DEFECT","items_purchased":["Defragment","Chemical X","Multi-Cast","Glacier","Dexterity Potion"],"campfire_rested":4,"item_purchase_floors":[4,25,44,44,44],"current_hp_per_floor":[62,62,51,51,51,51,16,37,37,37,34,28,27,27,48,33,62,34,34,34,22,16,37,37,37,37,37,44,44,24,16,38,10,60,60,60,67,74,71,71,76,76,76,76,76,76,76,76,76,76],"gold":78,"neow_bonus":"TRANSFORM_TWO_CARDS","is_prod":false,"is_daily":false,"chose_seed":false,"campfire_upgraded":5,"win_rate":0,"timestamp":1566313377,"path_taken":["M","?","M","$","M","R","E","R","T","R","M","M","?","?","R","BOSS","M","?","?","M","M","R","?","$","T","?","M","R","?","M","R","BOSS","M","?","M","M","M","R","M","M","T","$","?","R","M","M","R","BOSS"],"build_version":"2019-07-17","purchased_purges":3,"victory":true,"max_hp_per_floor":[71,71,71,71,71,71,71,71,71,71,71,71,71,71,71,71,71,71,71,71,71,71,71,71,71,71,71,71,71,76,76,76,76,76,76,76,76,76,76,76,76,76,76,76,76,76,76,76,76,76],"card_choices":[{"not_picked":["Turbo","Scrape"],"picked":"Ball Lightning","floor":1},{"not_picked":["Stack","Go for the Eyes"],"picked":"Reinforced Body","floor":3},{"not_picked":["Capacitor","Beam Cell"],"picked":"Machine Learning","floor":5},{"not_picked":["Hologram","Beam Cell"],"picked":"Darkness","floor":7},{"not_picked":["Beam Cell","FTL"],"picked":"Genetic Algorithm","floor":11},{"not_picked":["Sweeping Beam","Ball Lightning"],"picked":"Genetic Algorithm","floor":12},{"not_picked":["Go for the Eyes","Loop"],"picked":"Conserve Battery","floor":13},{"not_picked":["Machine Learning","Reboot"],"picked":"Electrodynamics","floor":16},{"not_picked":["Steam+1","Stack"],"picked":"Self Repair","floor":18},{"not_picked":["Turbo","Beam Cell","Compile Driver"],"picked":"SKIP","floor":21},{"not_picked":["Double Energy","Ball Lightning"],"picked":"Cold Snap","floor":22},{"not_picked":["Fusion","Beam Cell","Gash"],"picked":"SKIP","floor":28},{"not_picked":["Hologram","Streamline+1"],"picked":"Capacitor","floor":31},{"not_picked":["Hyperbeam","Fission"],"picked":"Seek","floor":33},{"not_picked":["Streamline","Go for the Eyes","Ball Lightning"],"picked":"SKIP","floor":35},{"not_picked":["Steam+1","Sweeping Beam"],"picked":"Hologram","floor":37},{"not_picked":["Stack","Go for the Eyes","Blizzard"],"picked":"SKIP","floor":38},{"not_picked":["Cold Snap","Ball Lightning"],"picked":"BootSequence+1","floor":39},{"not_picked":["Beam Cell+1","Go for the Eyes","Melter"],"picked":"SKIP","floor":41},{"not_picked":["Defragment+1","Reprogram"],"picked":"White Noise+1","floor":42},{"not_picked":["Cold Snap","FTL"],"picked":"Glacier","floor":45},{"not_picked":["Barrage+1","Cold Snap"],"picked":"Reinforced Body+1","floor":47},{"not_picked":["Cold Snap","Sweeping Beam"],"picked":"White Noise+1","floor":48}],"player_experience":727615,"relics_obtained":[{"floor":2,"key":"Smiling Mask"},{"floor":7,"key":"Shovel"},{"floor":9,"key":"DataDisk"},{"floor":26,"key":"Art of War"},{"floor":29,"key":"Sundial"},{"floor":43,"key":"Happy Flower"}],"event_choices":[{"damage_healed":0,"gold_gain":0,"player_choice":"Ignored","damage_taken":0,"max_hp_gain":0,"max_hp_loss":0,"event_name":"Liars Game","floor":14,"gold_loss":0},{"damage_healed":0,"gold_gain":0,"player_choice":"Ignored","damage_taken":0,"max_hp_gain":0,"max_hp_loss":0,"event_name":"The Mausoleum","floor":19,"gold_loss":0},{"damage_healed":0,"gold_gain":0,"cards_transformed":["Blizzard","Strike_B"],"player_choice":"Became Test Subject","damage_taken":0,"max_hp_gain":0,"max_hp_loss":0,"event_name":"Drug Dealer","floor":20,"gold_loss":0,"cards_obtained":["Multi-Cast","Reprogram"]},{"damage_healed":0,"gold_gain":50,"player_choice":"Stole From Cult","damage_taken":0,"max_hp_gain":0,"max_hp_loss":0,"event_name":"Nest","floor":27,"gold_loss":0},{"damage_healed":0,"gold_gain":0,"player_choice":"Shed Blood","damage_taken":25,"max_hp_gain":5,"max_hp_loss":0,"event_name":"Forgotten Altar","floor":30,"gold_loss":0},{"cards_removed":["Strike_B"],"damage_healed":0,"gold_gain":0,"player_choice":"Offered Basic","damage_taken":0,"max_hp_gain":0,"max_hp_loss":0,"event_name":"Bonfire Elementals","floor":36,"gold_loss":0}],"is_beta":false,"boss_relics":[{"not_picked":["Tiny House","Astrolabe"],"picked":"Nuclear Battery"},{"not_picked":["Empty Cage","Orrery"],"picked":"Cursed Key"}],"items_purged_floors":[4,24,44],"is_endless":false,"potions_floor_spawned":[5,11,16,18,28,31,33,35,38,42,45],"ascension_level":16}