{"gold_per_floor":[360,373,386,405,42,77,77,77,77,77,152,152,167,190,190,190],"floor_reached":16,"playtime":551,"items_purged":["Strike_R"],"score":133,"play_id":"5846f0f5-54f1-4901-bdb0-8e36c86ace24","local_time":"20190808165842","is_ascension_mode":true,"campfire_choices":[{"data":"Double Tap","floor":7,"key":"SMITH"},{"floor":10,"key":"REST"},{"floor":15,"key":"REST"}],"neow_cost":"TEN_PERCENT_HP_LOSS","seed_source_timestamp":488364645273900,"circlet_count":0,"master_deck":["Strike_R","Strike_R","Strike_R","Strike_R","Defend_R","Defend_R","Defend_R","Defend_R","Bash","Whirlwind","Flex","Double Tap+1","Flex","Whirlwind","Secret Technique","Shrug It Off","Second Wind"],"relics":["Burning Blood","Happy Flower","Golden Idol","PreservedInsect","Dodecahedron"],"potions_floor_usage":[4,6],"damage_taken":[{"damage":1,"enemies":"Cultist","floor":1,"turns":3},{"damage":0,"enemies":"2 Louse","floor":2,"turns":1},{"damage":7,"enemies":"Jaw Worm","floor":3,"turns":3},{"damage":9,"enemies":"Red Slaver","floor":4,"turns":3},{"damage":35,"enemies":"Lagavulin","floor":6,"turns":5},{"damage":0,"enemies":"3 Louse","floor":13,"turns":2},{"damage":9,"enemies":"Gremlin Gang","floor":14,"turns":3},{"damage":39,"enemies":"Hexaghost","floor":16,"turns":8}],"seed_played":"9204398485244574551","potions_obtained":[{"floor":3,"key":"Explosive Potion"},{"floor":4,"key":"SpeedPotion"}],"is_trial":false,"path_per_floor":["M","M","M","M","$","E","R","?","T","R","?","?","M","M","R","B"],"character_chosen":"IRONCLAD","items_purchased":["Whirlwind","Secret Technique","Fire Potion"],"campfire_rested":2,"item_purchase_floors":[5,5,5],"current_hp_per_floor":[72,72,71,68,68,39,39,21,21,42,31,24,30,27,48,9],"gold":190,"neow_bonus":"TWO_FIFTY_GOLD","is_prod":false,"is_daily":false,"chose_seed":false,"campfire_upgraded":1,"win_rate":0,"timestamp":1565251122,"path_taken":["M","M","M","M","$","E","R","?","T","R","?","?","M","M","R","BOSS"],"build_version":"2019-07-17","purchased_purges":1,"victory":false,"max_hp_per_floor":[72,72,72,72,72,72,72,72,72,72,72,72,72,72,72,72],"card_choices":[{"not_picked":["Heavy Blade","True Grit"],"picked":"Whirlwind","floor":1},{"not_picked":["Dropkick","Anger"],"picked":"Flex","floor":2},{"not_picked":["Body Slam","Warcry"],"picked":"Double Tap","floor":3},{"not_picked":["Twin Strike","Rampage"],"picked":"Flex","floor":4},{"not_picked":["Body Slam","Clothesline"],"picked":"Shrug It Off","floor":6},{"not_picked":["Clash","Anger"],"picked":"Second Wind","floor":13},{"not_picked":["Sword Boomerang","Metallicize","Armaments"],"picked":"SKIP","floor":14}],"player_experience":635939,"relics_obtained":[{"floor":6,"key":"Happy Flower"},{"floor":9,"key":"PreservedInsect"}],"event_choices":[{"damage_healed":0,"gold_gain":0,"player_choice":"Take Damage","damage_taken":18,"relics_obtained":["Golden Idol"],"max_hp_gain":0,"max_hp_loss":0,"event_name":"Golden Idol","floor":8,"gold_loss":0},{"damage_healed":0,"gold_gain":75,"player_choice":"Gather Gold","damage_taken":11,"max_hp_gain":0,"max_hp_loss":0,"event_name":"World of Goop","floor":11,"gold_loss":0},{"damage_healed":0,"gold_gain":0,"player_choice":"Success","damage_taken":7,"relics_obtained":["Dodecahedron"],"max_hp_gain":0,"max_hp_loss":0,"event_name":"Scrap Ooze","floor":12,"gold_loss":0}],"is_beta":false,"boss_relics":[],"items_purged_floors":[5],"is_endless":false,"potions_floor_spawned":[3,4],"killed_by":"Hexaghost","ascension_level":6}