{"gold_per_floor":[99,174,185,150,150,188,188,209,233,253,272,272,305,62,62,183,183,151,151,172,172,272,272,286,286,286,286,302,41,41,85,85,85],"floor_reached":33,"playtime":1089,"items_purged":["Defend_R"],"score":457,"play_id":"4fe29f72-34aa-48b5-828f-6b3d9cd18e8b","local_time":"20190825210547","is_ascension_mode":true,"campfire_choices":[{"data":"Clothesline","floor":7,"key":"SMITH"},{"floor":12,"key":"REST"},{"floor":15,"key":"REST"},{"floor":23,"key":"REST"},{"floor":25,"key":"REST"},{"data":"Double Tap","floor":27,"key":"SMITH"},{"data":"Bash","floor":30,"key":"SMITH"},{"floor":32,"key":"REST"}],"neow_cost":"NONE","seed_source_timestamp":903819240365500,"circlet_count":0,"master_deck":["AscendersBane","Strike_R","Strike_R","Strike_R","Strike_R","Strike_R","Defend_R","Defend_R","Defend_R","Bash+1","Clothesline+1","Inflame","Flex","Anger","Twin Strike","Burning Pact","Iron Wave","Double Tap+1","Wild Strike+1","Ghostly","Ghostly","Ghostly","Ghostly","Ghostly","Pommel Strike+1","Violence","Offering"],"relics":["Burning Blood","NeowsBlessing","Golden Idol","Boot","Bag of Preparation","Odd Mushroom","Molten Egg 2","Philosopher\u0027s Stone","Enchiridion","Darkstone Periapt","Happy Flower"],"potions_floor_usage":[10,16,16,31],"damage_taken":[{"damage":0,"enemies":"Jaw Worm","floor":1,"turns":1},{"damage":0,"enemies":"Small Slimes","floor":3,"turns":1},{"damage":0,"enemies":"Lagavulin","floor":6,"turns":1},{"damage":7,"enemies":"2 Louse","floor":8,"turns":3},{"damage":25,"enemies":"Lots of Slimes","floor":10,"turns":4},{"damage":27,"enemies":"Exordium Thugs","floor":11,"turns":5},{"damage":20,"enemies":"The Mushroom Lair","floor":13,"turns":4},{"damage":48,"enemies":"The Guardian","floor":16,"turns":13},{"damage":36,"enemies":"2 Thieves","floor":18,"turns":5},{"damage":0,"enemies":"Spheric Guardian","floor":20,"turns":2},{"damage":21,"enemies":"3 Cultists","floor":24,"turns":7},{"damage":3,"enemies":"Snake Plant","floor":28,"turns":3},{"damage":33,"enemies":"Book of Stabbing","floor":31,"turns":6},{"damage":71,"enemies":"Automaton","floor":33,"turns":6}],"seed_played":"154171264307878139","potions_obtained":[{"floor":3,"key":"EssenceOfSteel"},{"floor":10,"key":"SpeedPotion"},{"floor":13,"key":"Swift Potion"},{"floor":16,"key":"Block Potion"},{"floor":28,"key":"Swift Potion"},{"floor":31,"key":"Energy Potion"}],"is_trial":false,"path_per_floor":["M","?","M","$","?","E","R","M","T","M","M","R","?","$","R","B",null,"M","?","M","?","?","R","M","R","T","R","M","$","R","E","R","B"],"character_chosen":"IRONCLAD","items_purchased":["Inflame","Molten Egg 2","Violence"],"campfire_rested":5,"item_purchase_floors":[4,14,29],"current_hp_per_floor":[78,67,73,73,53,59,59,58,58,39,18,42,28,28,52,10,63,33,17,23,23,23,35,20,32,32,32,35,35,35,8,20,0],"gold":85,"neow_bonus":"THREE_ENEMY_KILL","is_prod":false,"is_daily":false,"chose_seed":false,"campfire_upgraded":3,"win_rate":0,"timestamp":1566734747,"path_taken":["M","?","M","$","?","E","R","M","T","M","?","R","?","?","R","BOSS","M","?","M","?","?","R","M","R","T","R","?","?","R","E","R","BOSS"],"build_version":"2019-07-17","purchased_purges":1,"victory":false,"max_hp_per_floor":[80,80,80,80,80,80,80,80,80,80,80,80,80,80,80,80,80,80,80,80,40,40,40,40,40,40,40,40,40,40,40,40,40],"card_choices":[{"not_picked":["Perfected Strike","Pommel Strike","Sentinel"],"picked":"SKIP","floor":1},{"not_picked":["Dual Wield","Metallicize"],"picked":"Clothesline","floor":3},{"not_picked":["Disarm","Dual Wield"],"picked":"Flex","floor":6},{"not_picked":["Body Slam","Clothesline"],"picked":"Anger","floor":8},{"not_picked":["Evolve","Inflame"],"picked":"Twin Strike","floor":10},{"not_picked":["Clothesline","Armaments"],"picked":"Burning Pact","floor":11},{"not_picked":["Corruption","Clothesline"],"picked":"Iron Wave","floor":13},{"not_picked":["Exhume","Dark Embrace"],"picked":"Double Tap","floor":16},{"not_picked":["True Grit","Havoc"],"picked":"Wild Strike+1","floor":18},{"not_picked":["Evolve+1","Clothesline+1","Wild Strike+1"],"picked":"SKIP","floor":20},{"not_picked":["Clothesline+1","Blood for Blood+1","Body Slam+1"],"picked":"SKIP","floor":24},{"not_picked":["Hemokinesis+1","True Grit"],"picked":"Pommel Strike+1","floor":28},{"not_picked":["Sword Boomerang+1","Clash+1"],"picked":"Offering","floor":31}],"player_experience":213779,"relics_obtained":[{"floor":6,"key":"Boot"},{"floor":9,"key":"Bag of Preparation"},{"floor":13,"key":"Odd Mushroom"},{"floor":19,"key":"Enchiridion"},{"floor":26,"key":"Darkstone Periapt"},{"floor":31,"key":"Happy Flower"}],"event_choices":[{"damage_healed":0,"gold_gain":75,"player_choice":"Gather Gold","damage_taken":11,"max_hp_gain":0,"max_hp_loss":0,"event_name":"World of Goop","floor":2,"gold_loss":0},{"damage_healed":0,"gold_gain":0,"player_choice":"Take Damage","damage_taken":20,"relics_obtained":["Golden Idol"],"max_hp_gain":0,"max_hp_loss":0,"event_name":"Golden Idol","floor":5,"gold_loss":0},{"damage_healed":0,"gold_gain":0,"player_choice":"Fought Mushrooms","damage_taken":0,"max_hp_gain":0,"max_hp_loss":0,"event_name":"Mushrooms","floor":13,"gold_loss":0},{"damage_healed":0,"gold_gain":0,"player_choice":"Obtained Book","damage_taken":16,"max_hp_gain":0,"max_hp_loss":0,"event_name":"Cursed Tome","floor":19,"gold_loss":0},{"damage_healed":0,"gold_gain":0,"player_choice":"Became a Ghost","damage_taken":0,"max_hp_gain":0,"max_hp_loss":40,"event_name":"Ghosts","floor":21,"gold_loss":0,"cards_obtained":["Ghostly","Ghostly","Ghostly","Ghostly","Ghostly"]},{"damage_healed":0,"gold_gain":100,"player_choice":"Pray","damage_taken":0,"max_hp_gain":0,"max_hp_loss":0,"event_name":"Golden Shrine","floor":22,"gold_loss":0}],"is_beta":false,"boss_relics":[{"not_picked":["Mark of Pain","White Beast Statue"],"picked":"Philosopher\u0027s Stone"}],"items_purged_floors":[29],"is_endless":false,"potions_floor_spawned":[3,10,13,16,28,31],"killed_by":"Automaton","ascension_level":10}