{"gold_per_floor":[109,34,47,66,82,82,82,82,82,95,128,128,141,155,155,258,258,275,190,210,3,18,18,32,62,62,62,72,0,0,29,29,29],"floor_reached":33,"playtime":1858,"items_purged":["Regret","Strike_G"],"score":347,"play_id":"6654e7ff-d1ed-4a6d-a101-e6df1667d034","local_time":"20190707085652","is_ascension_mode":true,"campfire_choices":[{"data":"Neutralize","floor":6,"key":"SMITH"},{"floor":8,"key":"REST"},{"floor":12,"key":"REST"},{"floor":15,"key":"REST"},{"floor":23,"key":"RECALL"},{"floor":30,"key":"REST"},{"floor":32,"key":"REST"}],"neow_cost":"CURSE","seed_source_timestamp":507247260133300,"circlet_count":0,"master_deck":["Strike_G","Strike_G","Defend_G","Defend_G","Defend_G","Defend_G","Defend_G","Survivor+1","Neutralize+1","Dagger Spray","Skewer","Backflip","Catalyst","Footwork","Dash","Bouncing Flask","Backflip","Envenom","Noxious Fumes","Underhanded Strike+1","Catalyst","Footwork","PiercingWail+1","Slice+1","Malaise+1","Terror","Footwork","Catalyst","Endless Agony+1","Endless Agony+1"],"relics":["Ring of the Snake","Calipers","Pantograph","Bag of Marbles","FossilizedHelix","Fusion Hammer","Ornamental Fan","Dream Catcher","Oddly Smooth Stone","War Paint"],"potions_floor_usage":[5,11,22,31,31],"damage_taken":[{"damage":3,"enemies":"2 Louse","floor":1,"turns":4},{"damage":7,"enemies":"Small Slimes","floor":3,"turns":3},{"damage":3,"enemies":"Jaw Worm","floor":4,"turns":3},{"damage":15,"enemies":"Large Slime","floor":5,"turns":7},{"damage":10,"enemies":"2 Fungi Beasts","floor":10,"turns":4},{"damage":9,"enemies":"3 Sentries","floor":11,"turns":10},{"damage":8,"enemies":"Exordium Thugs","floor":13,"turns":2},{"damage":0,"enemies":"3 Louse","floor":14,"turns":1},{"damage":5,"enemies":"The Guardian","floor":16,"turns":11},{"damage":0,"enemies":"Chosen","floor":18,"turns":4},{"damage":0,"enemies":"Shell Parasite","floor":20,"turns":6},{"damage":2,"enemies":"Chosen and Byrds","floor":22,"turns":6},{"damage":8,"enemies":"Snake Plant","floor":24,"turns":5},{"damage":14,"enemies":"Book of Stabbing","floor":25,"turns":4},{"damage":0,"enemies":"Sentry and Sphere","floor":28,"turns":8},{"damage":12,"enemies":"Slavers","floor":31,"turns":5},{"damage":71,"enemies":"Collector","floor":33,"turns":5}],"seed_played":"-7349795955929423029","potions_obtained":[{"floor":3,"key":"Fire Potion"},{"floor":5,"key":"Poison Potion"},{"floor":16,"key":"LiquidBronze"},{"floor":25,"key":"Fire Potion"},{"floor":28,"key":"SteroidPotion"}],"is_trial":false,"path_per_floor":["M","$","M","M","M","R","?","R","T","M","E","R","M","M","R","B",null,"M","?","M","$","M","R","M","E","T","?","M","$","R","E","R","B"],"character_chosen":"THE_SILENT","items_purchased":["Catalyst","Footwork","Footwork"],"campfire_rested":5,"item_purchase_floors":[21,21,29],"current_hp_per_floor":[67,67,60,57,42,42,30,51,51,41,32,53,45,45,66,65,70,70,70,70,70,68,68,60,46,46,46,46,46,67,55,70,0],"gold":29,"neow_bonus":"ONE_RARE_RELIC","is_prod":false,"is_daily":false,"chose_seed":false,"campfire_upgraded":1,"win_rate":0,"timestamp":1562457412,"path_taken":["M","$","M","M","M","R","?","R","T","M","E","R","M","M","R","BOSS","M","?","M","$","M","R","M","E","T","?","M","$","R","E","R","BOSS"],"build_version":"2019-07-05","purchased_purges":2,"victory":false,"max_hp_per_floor":[70,70,70,70,70,70,70,70,70,70,70,70,70,70,70,70,70,70,70,70,70,70,70,70,70,70,70,70,70,70,70,70,70],"card_choices":[{"not_picked":["Bane","Tactician"],"picked":"Dagger Spray","floor":1},{"not_picked":["Dagger Throw","Poisoned Stab"],"picked":"Skewer","floor":3},{"not_picked":["Blade Dance","Deflect"],"picked":"Backflip","floor":4},{"not_picked":["Sucker Punch","Slice"],"picked":"Catalyst","floor":5},{"not_picked":["Blade Dance","Leg Sweep"],"picked":"Footwork","floor":10},{"not_picked":["Setup","Poisoned Stab"],"picked":"Dash","floor":11},{"not_picked":["Acrobatics","Prepared"],"picked":"Bouncing Flask","floor":13},{"not_picked":["Outmaneuver","Sucker Punch"],"picked":"Backflip","floor":14},{"not_picked":["Malaise","Venomology"],"picked":"Envenom","floor":16},{"not_picked":["All Out Attack+1","Quick Slash"],"picked":"Noxious Fumes","floor":18},{"not_picked":["Prepared","All Out Attack"],"picked":"Underhanded Strike+1","floor":20},{"not_picked":["Bane","Expertise"],"picked":"PiercingWail+1","floor":22},{"not_picked":["Finisher","Eviscerate+1","Deflect"],"picked":"SKIP","floor":24},{"not_picked":["Dodge and Roll","Bouncing Flask"],"picked":"Slice+1","floor":25},{"not_picked":["Outmaneuver","Dodge and Roll","Endless Agony"],"picked":"SKIP","floor":28},{"not_picked":["Dagger Spray","Dodge and Roll"],"picked":"Catalyst","floor":30},{"not_picked":["Underhanded Strike","Flechettes"],"picked":"Endless Agony+1","floor":31},{"not_picked":["Deadly Poison","Dagger Throw"],"picked":"Endless Agony+1","floor":32}],"player_experience":275875,"relics_obtained":[{"floor":9,"key":"Bag of Marbles"},{"floor":11,"key":"FossilizedHelix"},{"floor":25,"key":"Dream Catcher"},{"floor":26,"key":"Oddly Smooth Stone"},{"floor":31,"key":"War Paint"}],"event_choices":[{"damage_healed":0,"gold_gain":0,"player_choice":"Success","damage_taken":12,"relics_obtained":["Pantograph"],"max_hp_gain":0,"max_hp_loss":0,"event_name":"Scrap Ooze","floor":7,"gold_loss":0},{"damage_healed":0,"gold_gain":0,"player_choice":"Obtained Relic","damage_taken":0,"relics_obtained":["Ornamental Fan"],"max_hp_gain":0,"max_hp_loss":0,"event_name":"Addict","floor":19,"gold_loss":85},{"damage_healed":0,"gold_gain":0,"cards_transformed":["Strike_G","Strike_G"],"player_choice":"Became Test Subject","damage_taken":0,"max_hp_gain":0,"max_hp_loss":0,"event_name":"Drug Dealer","floor":27,"gold_loss":0,"cards_obtained":["Malaise","Terror"]}],"is_beta":false,"boss_relics":[{"not_picked":["Snecko Eye","HoveringKite"],"picked":"Fusion Hammer"}],"items_purged_floors":[2,21],"is_endless":false,"potions_floor_spawned":[3,5,16,25,28],"killed_by":"Collector","ascension_level":4}