{"gold_per_floor":[113,127,141,141,156,156,187,187,187,287,37,65,65,78,78,78],"floor_reached":16,"playtime":1212,"items_purged":["Strike_R"],"score":127,"play_id":"5048e064-7cf8-49aa-9957-576810dcc389","local_time":"20181022003403","is_ascension_mode":true,"campfire_choices":[{"data":"Headbutt","floor":6,"key":"SMITH"},{"data":"Immolate","floor":8,"key":"SMITH"},{"floor":13,"key":"REST"},{"data":"Bash","floor":15,"key":"SMITH"}],"neow_cost":"NONE","seed_source_timestamp":440279167335778,"circlet_count":0,"master_deck":["Strike_R","Strike_R","Strike_R+1","Strike_R","Defend_R","Defend_R","Defend_R","Defend_R+1","Bash+1","Headbutt+1","Heavy Blade","Iron Wave","True Grit","Immolate+1","Shrug It Off","Dropkick","Cleave"],"relics":["Burning Blood","Bottled Flame","Dodecahedron","Blood Vial","Meat on the Bone"],"potions_floor_usage":[3,5,7,7],"damage_taken":[{"damage":10,"enemies":"Cultist","floor":1,"turns":5},{"damage":7,"enemies":"Jaw Worm","floor":2,"turns":4},{"damage":1,"enemies":"Small Slimes","floor":3,"turns":4},{"damage":0,"enemies":"3 Louse","floor":5,"turns":2},{"damage":11,"enemies":"Gremlin Nob","floor":7,"turns":3},{"damage":24,"enemies":"Lagavulin","floor":12,"turns":5},{"damage":9,"enemies":"Exordium Thugs","floor":14,"turns":3},{"damage":77,"enemies":"Slime Boss","floor":16,"turns":8}],"seed_played":"8134321110711730730","potions_obtained":[{"floor":0,"key":"LiquidBronze"},{"floor":0,"key":"Explosive Potion"},{"floor":0,"key":"Strength Potion"},{"floor":3,"key":"FearPotion"},{"floor":12,"key":"FearPotion"}],"is_trial":false,"path_per_floor":["M","M","M","?","M","R","E","R","T","?","$","E","R","M","R"],"character_chosen":"IRONCLAD","items_purchased":["Blood Vial","Shrug It Off"],"campfire_rested":1,"item_purchase_floors":[11,11],"current_hp_per_floor":[76,75,80,64,70,70,65,65,65,65,65,49,73,72,72,0],"gold":78,"neow_bonus":"THREE_SMALL_POTIONS","is_prod":false,"is_daily":false,"chose_seed":false,"campfire_upgraded":3,"win_rate":0,"timestamp":1540193643,"path_taken":["M","M","M","?","M","R","E","R","T","?","?","E","R","M","R","BOSS"],"build_version":"2018-10-18","purchased_purges":1,"victory":false,"max_hp_per_floor":[80,80,80,80,80,80,80,80,80,80,80,80,80,80,80,80],"card_choices":[{"not_picked":["Intimidate","Blood for Blood"],"picked":"Headbutt","floor":1},{"not_picked":["Thunderclap","Sword Boomerang"],"picked":"Heavy Blade","floor":2},{"not_picked":["Body Slam","Power Through"],"picked":"Iron Wave","floor":3},{"not_picked":["Dual Wield","Wild Strike"],"picked":"True Grit","floor":5},{"not_picked":["Rupture","Spot Weakness"],"picked":"Immolate","floor":7},{"not_picked":["Body Slam","Flex"],"picked":"Dropkick","floor":12},{"not_picked":["Bloodletting","Warcry"],"picked":"Cleave","floor":14}],"player_experience":167144,"relics_obtained":[{"floor":7,"key":"Bottled Flame"},{"floor":9,"key":"Dodecahedron"},{"floor":12,"key":"Meat on the Bone"}],"event_choices":[{"damage_healed":0,"gold_gain":0,"player_choice":"Entered Light","damage_taken":16,"max_hp_gain":0,"max_hp_loss":0,"event_name":"Shining Light","floor":4,"gold_loss":0,"cards_upgraded":["Defend_R","Strike_R"]},{"damage_healed":0,"gold_gain":100,"player_choice":"Pray","damage_taken":0,"max_hp_gain":0,"max_hp_loss":0,"event_name":"Golden Shrine","floor":10,"gold_loss":0}],"is_beta":false,"boss_relics":[],"items_purged_floors":[11],"is_endless":false,"potions_floor_spawned":[2,3,12],"killed_by":"Slime Boss","ascension_level":3}