{"gold_per_floor":[118,138,193,193,67,99,109,109,155,155,173,191,191,191,191,263,263,280,25,25],"floor_reached":20,"playtime":767,"items_purged":["Defend_B"],"score":384,"play_id":"e295f746-0cce-4225-a94c-68c8c774e70d","local_time":"20190823062201","is_ascension_mode":true,"campfire_choices":[{"data":"Zap","floor":8,"key":"SMITH"},{"data":"Dualcast","floor":10,"key":"SMITH"},{"floor":15,"key":"REST"}],"neow_cost":"NONE","seed_source_timestamp":172202118199200,"circlet_count":0,"master_deck":["AscendersBane","Strike_B","Strike_B","Strike_B+1","Defend_B+1","Defend_B","Defend_B","Zap+1","Dualcast+1","Streamline","Rebound","Genetic Algorithm","Capacitor","Steam","Melter","Glacier","Undo","Apotheosis"],"relics":["Cracked Core","NeowsBlessing","Blood Vial","Strawberry","Meat on the Bone","Snecko Eye"],"potions_floor_usage":[16,16],"damage_taken":[{"damage":0,"enemies":"Jaw Worm","floor":1,"turns":1},{"damage":0,"enemies":"2 Louse","floor":2,"turns":1},{"damage":0,"enemies":"Gremlin Nob","floor":6,"turns":1},{"damage":10,"enemies":"Small Slimes","floor":7,"turns":4},{"damage":6,"enemies":"Looter","floor":11,"turns":3},{"damage":0,"enemies":"Blue Slaver","floor":12,"turns":4},{"damage":55,"enemies":"Hexaghost","floor":16,"turns":16},{"damage":15,"enemies":"Shell Parasite","floor":18,"turns":4},{"damage":31,"enemies":"3 Byrds","floor":20,"turns":4}],"seed_played":"-415846542463955228","potions_obtained":[{"floor":1,"key":"Fire Potion"},{"floor":7,"key":"Dexterity Potion"},{"floor":18,"key":"Strength Potion"}],"is_trial":false,"path_per_floor":["M","M","?","?","$","E","M","R","T","R","M","M","?","?","R","B",null,"M","$","M"],"character_chosen":"DEFECT","items_purchased":["Genetic Algorithm","Capacitor","Apotheosis"],"campfire_rested":1,"item_purchase_floors":[5,5,19],"current_hp_per_floor":[64,64,64,43,43,43,35,35,42,42,38,40,40,40,63,22,64,51,51,22],"gold":25,"neow_bonus":"THREE_ENEMY_KILL","is_prod":false,"is_daily":false,"chose_seed":false,"campfire_upgraded":2,"win_rate":0,"timestamp":1566508921,"path_taken":["M","M","?","?","$","E","M","R","T","R","M","M","?","?","R","BOSS","M","$","M"],"build_version":"2019-07-17","purchased_purges":1,"victory":false,"max_hp_per_floor":[71,71,71,71,71,71,71,71,78,78,78,78,78,78,78,78,78,78,78,78],"card_choices":[{"not_picked":["Go for the Eyes","Redo"],"picked":"Streamline","floor":1},{"not_picked":["Conserve Battery","Stack"],"picked":"Rebound","floor":2},{"not_picked":["Blizzard","Sweeping Beam"],"picked":"Steam","floor":6},{"not_picked":["Reprogram","Stack"],"picked":"Melter","floor":7},{"not_picked":["Rebound","Chaos"],"picked":"Glacier","floor":11},{"not_picked":["Turbo","Ball Lightning"],"picked":"Undo","floor":12},{"not_picked":["Leap","Compile Driver","Ball Lightning"],"picked":"SKIP","floor":18}],"player_experience":756282,"relics_obtained":[{"floor":6,"key":"Blood Vial"},{"floor":9,"key":"Strawberry"}],"event_choices":[{"damage_healed":0,"gold_gain":55,"player_choice":"Gained Gold","damage_taken":0,"max_hp_gain":0,"max_hp_loss":0,"event_name":"Golden Wing","floor":3,"gold_loss":0},{"damage_healed":0,"gold_gain":0,"player_choice":"Entered Light","damage_taken":21,"max_hp_gain":0,"max_hp_loss":0,"event_name":"Shining Light","floor":4,"gold_loss":0,"cards_upgraded":["Defend_B","Strike_B"]},{"cards_removed":["Strike_B"],"damage_healed":0,"gold_gain":0,"player_choice":"Forget","damage_taken":0,"max_hp_gain":0,"max_hp_loss":0,"event_name":"Living Wall","floor":13,"gold_loss":0},{"damage_healed":0,"gold_gain":0,"player_choice":"Searched \u00272\u0027 times","damage_taken":0,"relics_obtained":["Meat on the Bone"],"max_hp_gain":0,"max_hp_loss":0,"event_name":"Dead Adventurer","floor":14,"gold_loss":0}],"is_beta":false,"boss_relics":[{"not_picked":["Tiny House","Lizard Tail"],"picked":"Snecko Eye"}],"items_purged_floors":[19],"is_endless":false,"potions_floor_spawned":[1,7,11,12,18],"killed_by":"3 Byrds","ascension_level":19}