{"gold_per_floor":[116,130,147,72,91,91,101,101,101,121,140,140,12,24,24,101,101,113,133,133,152,96,96,130,130,154,204,215,39,39,39,39,39],"floor_reached":33,"playtime":2153,"items_purged":["Strike_G"],"score":505,"play_id":"14dba552-a3f7-485d-aca2-d721554764a5","local_time":"20190807014325","is_ascension_mode":true,"campfire_choices":[{"data":"Predator","floor":6,"key":"SMITH"},{"data":"Burst","floor":8,"key":"SMITH"},{"data":"Well Laid Plans","floor":15,"key":"SMITH"},{"data":"Calculated Gamble","floor":23,"key":"SMITH"},{"data":"Dash","floor":25,"key":"SMITH"},{"floor":32,"key":"REST"}],"neow_cost":"NONE","seed_source_timestamp":345441141233000,"circlet_count":0,"master_deck":["AscendersBane","Strike_G","Strike_G","Defend_G","Defend_G","Defend_G","Defend_G","Survivor","Neutralize+1","Burst+1","Quick Slash","Flying Knee","Predator+1","Blur","Backflip","PiercingWail","Calculated Gamble+1","Well Laid Plans+1","Heel Hook","Bouncing Flask","Corpse Explosion","Adrenaline+1","Eviscerate+1","Choke+1","Caltrops","Blur","Dash+1","Bullet Time"],"relics":["Ring of the Snake","Bottled Flame","Astrolabe","Nilry\u0027s Codex","Question Card","Omamori"],"potions_floor_usage":[16,16,16,16,19,21,21,24],"damage_taken":[{"damage":6,"enemies":"Jaw Worm","floor":1,"turns":6},{"damage":1,"enemies":"Small Slimes","floor":2,"turns":4},{"damage":2,"enemies":"2 Louse","floor":3,"turns":3},{"damage":4,"enemies":"Large Slime","floor":5,"turns":5},{"damage":12,"enemies":"Red Slaver","floor":7,"turns":8},{"damage":6,"enemies":"Lots of Slimes","floor":10,"turns":8},{"damage":0,"enemies":"Blue Slaver","floor":11,"turns":4},{"damage":2,"enemies":"3 Louse","floor":14,"turns":3},{"damage":4,"enemies":"Slime Boss","floor":16,"turns":6},{"damage":0,"enemies":"Shell Parasite","floor":18,"turns":1},{"damage":0,"enemies":"Chosen","floor":19,"turns":3},{"damage":0,"enemies":"Centurion and Healer","floor":21,"turns":6},{"damage":21,"enemies":"Book of Stabbing","floor":24,"turns":6},{"damage":0,"enemies":"3 Cultists","floor":28,"turns":3},{"damage":57,"enemies":"Collector","floor":33,"turns":8}],"seed_played":"-6084729419216314735","potions_obtained":[{"floor":1,"key":"FearPotion"},{"floor":2,"key":"Weak Potion"},{"floor":7,"key":"SteroidPotion"},{"floor":11,"key":"EntropicBrew"},{"floor":16,"key":"Energy Potion"},{"floor":18,"key":"Dexterity Potion"},{"floor":19,"key":"Regen Potion"}],"is_trial":false,"path_per_floor":["M","M","M","$","M","R","M","R","T","M","M","?","$","M","R","B",null,"M","M","?","M","$","R","E","R","T","?","M","$","?","?","R","B"],"character_chosen":"THE_SILENT","items_purchased":["Well Laid Plans","Heel Hook","Swift Potion","Bullet Time"],"campfire_rested":1,"item_purchase_floors":[13,13,22,29],"current_hp_per_floor":[53,52,50,50,46,46,34,34,34,28,28,28,28,26,26,22,55,55,55,34,49,49,49,28,28,28,28,28,28,28,28,47,0],"gold":39,"neow_bonus":"ONE_RANDOM_RARE_CARD","is_prod":false,"is_daily":false,"chose_seed":false,"campfire_upgraded":5,"win_rate":0,"timestamp":1565109805,"path_taken":["M","M","M","$","M","R","M","R","T","M","M","?","$","M","R","BOSS","M","M","?","M","$","R","E","R","T","?","M","$","?","?","R","BOSS"],"build_version":"2019-07-17","purchased_purges":1,"victory":false,"max_hp_per_floor":[66,66,66,66,66,66,66,66,66,66,66,66,66,66,66,66,66,66,66,66,66,66,66,66,66,66,66,66,66,66,66,66,66],"card_choices":[{"not_picked":["Flechettes","Dodge and Roll"],"picked":"Quick Slash","floor":1},{"not_picked":["Cloak And Dagger","Bane"],"picked":"Flying Knee","floor":2},{"not_picked":["Setup","Dagger Throw"],"picked":"Predator","floor":3},{"not_picked":["PiercingWail","Expertise"],"picked":"Blur","floor":5},{"not_picked":["Outmaneuver","Slice"],"picked":"Backflip","floor":7},{"not_picked":["Dodge and Roll","Riddle With Holes"],"picked":"PiercingWail","floor":10},{"not_picked":["Acrobatics","Cloak And Dagger"],"picked":"Calculated Gamble","floor":11},{"not_picked":["Deadly Poison","Deflect"],"picked":"Bouncing Flask","floor":14},{"not_picked":["After Image","Storm of Steel"],"picked":"Corpse Explosion","floor":16},{"not_picked":["Bane","Choke"],"picked":"Caltrops","floor":18},{"not_picked":["Quick Slash","Dagger Spray"],"picked":"Blur","floor":19},{"not_picked":["Reflex","Dagger Throw+1"],"picked":"Dash","floor":21},{"not_picked":["Crippling Poison","Masterful Stab","Slice"],"picked":"SKIP","floor":24},{"not_picked":["Deadly Poison","Underhanded Strike","Outmaneuver","Bane"],"picked":"SKIP","floor":28}],"player_experience":597881,"relics_obtained":[{"floor":9,"key":"Bottled Flame"},{"floor":20,"key":"Nilry\u0027s Codex"},{"floor":24,"key":"Question Card"},{"floor":26,"key":"Omamori"}],"event_choices":[{"damage_healed":0,"gold_gain":0,"player_choice":"Grow","damage_taken":0,"max_hp_gain":0,"max_hp_loss":0,"event_name":"Living Wall","floor":12,"gold_loss":0,"cards_upgraded":["Neutralize"]},{"damage_healed":0,"gold_gain":0,"player_choice":"Obtained Book","damage_taken":21,"max_hp_gain":0,"max_hp_loss":0,"event_name":"Cursed Tome","floor":20,"gold_loss":0},{"damage_healed":0,"gold_gain":50,"player_choice":"Stole From Cult","damage_taken":0,"max_hp_gain":0,"max_hp_loss":0,"event_name":"Nest","floor":27,"gold_loss":0},{"damage_healed":0,"gold_gain":0,"player_choice":"Leave","damage_taken":0,"max_hp_gain":0,"max_hp_loss":0,"event_name":"FaceTrader","floor":31,"gold_loss":0}],"is_beta":false,"boss_relics":[{"not_picked":["Calling Bell","Tiny House"],"picked":"Astrolabe"}],"items_purged_floors":[4],"is_endless":false,"potions_floor_spawned":[1,2,7,11,16,18,19],"killed_by":"Collector","ascension_level":19}