{"path_per_floor":["M","M","M","?","?","E","M","E","T","E","M","R","M","M","R","B",null,"M","M","M","$","?","E","R","?","T","R","E","?","E","M","R","B",null,"M","?","M","$","T","E","M","M","T","R","E","M","E","M","R","B"],"character_chosen":"IRONCLAD","items_purchased":["Frozen Egg 2","Feel No Pain","Whirlwind","Vajra","Feel No Pain"],"gold_per_floor":[114,129,144,144,221,251,266,296,321,351,366,366,381,396,396,496,496,511,526,541,140,140,170,170,95,95,95,125,40,70,85,85,185,185,200,200,215,31,81,111,126,141,191,191,221,236,296,311,311,311],"floor_reached":51,"campfire_rested":1,"playtime":2723,"current_hp_per_floor":[80,67,70,70,70,57,53,52,52,50,54,54,68,72,72,66,98,98,99,96,96,96,98,98,98,98,98,108,108,108,104,104,82,113,115,110,115,115,115,111,113,119,119,119,120,104,109,109,130,86],"items_purged":[],"gold":311,"score":1444,"play_id":"daeb1116-cc20-4227-8df2-a829825bc764","local_time":"20180428044534","daily_mods":["Shiny","Lethality","Hoarder"],"is_prod":false,"is_daily":true,"chose_seed":false,"is_ascension_mode":false,"campfire_upgraded":6,"timestamp":1524858334,"path_taken":["M","M","M","?","?","E","M","E","T","E","M","R","M","M","R","BOSS","M","M","M","$","?","E","R","?","T","R","E","?","E","M","R","BOSS","M","?","M","$","?","E","?","M","T","R","E","M","E","M","R","BOSS"],"build_version":"2018-04-26","seed_source_timestamp":0,"purchased_purges":0,"victory":true,"master_deck":["Double Tap+1","Double Tap","Double Tap","Demon Form","Demon Form","Demon Form","Bludgeon+1","Bludgeon","Bludgeon","Feed","Feed","Feed","Limit Break","Limit Break","Limit Break","Barricade","Barricade","Fiend Fire","Fiend Fire","Fiend Fire","Dark Embrace+1","Dark Embrace","Dark Embrace","Berserk","Berserk","Berserk","Impervious","Impervious","Impervious","Juggernaut","Juggernaut","Juggernaut","Brutality+1","Brutality","Brutality","Reaper","Reaper","Reaper","Exhume","Exhume","Exhume","Offering+1","Offering+1","Offering","Immolate","Immolate","Immolate","Flex","Flex","Flex","Whirlwind","Whirlwind","Whirlwind","Heavy Blade","Heavy Blade","Heavy Blade","Second Wind","Second Wind","Second Wind","Shrug It Off","Shrug It Off","Shrug It Off","Flame Barrier","Flame Barrier","Flame Barrier","Infernal Blade","Infernal Blade","Infernal Blade","Dark Embrace","Dark Embrace","Dark Embrace","Warcry","Warcry","Warcry","Feel No Pain+1","Feel No Pain+1","Feel No Pain+1","Whirlwind","Whirlwind","Whirlwind","Flex","Flex","Flex","Regret","Regret","Regret","Disarm+1","Disarm+1","Disarm+1","Exhume","Exhume","Exhume","Limit Break","Limit Break","Limit Break","Trip","Trip","Trip","Apotheosis","Apotheosis","Apotheosis","Carnage+1","Carnage+1","Carnage+1","Feel No Pain+1","Feel No Pain+1","Feel No Pain+1","Injury","Injury","Injury","Shockwave+1","Shockwave+1","Shockwave+1","Corruption+1","Corruption+1","Corruption+1","Writhe","Writhe","Writhe","Ghostly Armor+1","Ghostly Armor+1","Ghostly Armor+1","Uppercut","Uppercut","Uppercut","Body Slam+1","Body Slam+1","Body Slam+1"],"max_hp_per_floor":[80,80,83,83,83,85,88,91,91,91,93,93,96,98,98,98,98,100,105,108,108,108,108,108,108,108,108,108,108,108,110,110,113,113,115,115,115,115,115,115,118,120,120,120,124,128,130,130,130,130],"relics":["Burning Blood","Singing Bowl","Bottled Lightning","Bag of Marbles","Ancient Tea Set","Cursed Key","Frozen Egg 2","Lantern","Blood Vial","Anchor","Art of War","Bronze Scales","Black Star","Vajra","Bag of Preparation","Kunai","Bottled Flame","Oddly Smooth Stone","Pen Nib","Orichalcum","Prayer Wheel","Tiny Chest"],"card_choices":[{"not_picked":["Shrug It Off","True Grit"],"picked":"Flex","floor":1},{"not_picked":["Hemokinesis","Power Through"],"picked":"Whirlwind","floor":2},{"not_picked":["Armaments","Pommel Strike"],"picked":"Heavy Blade","floor":3},{"not_picked":["True Grit","Dual Wield"],"picked":"Second Wind","floor":7},{"not_picked":["Iron Wave","Flex"],"picked":"Shrug It Off","floor":8},{"not_picked":["Armaments","Disarm"],"picked":"Flame Barrier","floor":10},{"not_picked":["Twin Strike","Heavy Blade"],"picked":"Infernal Blade","floor":13},{"not_picked":["Impervious","Limit Break"],"picked":"Dark Embrace","floor":16},{"not_picked":["Shrug It Off","Headbutt"],"picked":"Warcry","floor":20},{"not_picked":["Inflame","True Grit"],"picked":"Flex","floor":23},{"not_picked":["Body Slam","Fire Breathing"],"picked":"Disarm","floor":28},{"not_picked":["Armaments","Twin Strike"],"picked":"Exhume","floor":30},{"not_picked":["Berserk","Demon Form"],"picked":"Limit Break","floor":33},{"not_picked":["Transmutation","Blind"],"picked":"Trip","floor":36},{"not_picked":["Mind Blast","Jack Of All Trades"],"picked":"Apotheosis","floor":36},{"not_picked":["Headbutt","Thunderclap"],"picked":"Carnage","floor":37},{"not_picked":["Second Wind","Clash"],"picked":"Shockwave","floor":40},{"not_picked":["True Grit","Shrug It Off"],"picked":"Corruption","floor":41},{"not_picked":["Iron Wave","Hemokinesis"],"picked":"Ghostly Armor","floor":45},{"not_picked":["Cleave","Bludgeon"],"picked":"Uppercut","floor":46},{"not_picked":["True Grit","Heavy Blade"],"picked":"Body Slam","floor":48}],"player_experience":467462,"potions_floor_usage":[23,30,33,46,50,50],"damage_taken":[{"damage":4,"enemies":"Small Slimes","floor":1,"turns":2},{"damage":19,"enemies":"Jaw Worm","floor":2,"turns":2},{"damage":21,"enemies":"2 Louse","floor":3,"turns":2},{"damage":21,"enemies":"Lagavulin","floor":6,"turns":3},{"damage":13,"enemies":"Looter","floor":7,"turns":2},{"damage":22,"enemies":"3 Sentries","floor":8,"turns":4},{"damage":8,"enemies":"Gremlin Nob","floor":10,"turns":1},{"damage":4,"enemies":"2 Fungi Beasts","floor":11,"turns":1},{"damage":5,"enemies":"Large Slime","floor":13,"turns":2},{"damage":4,"enemies":"Blue Slaver","floor":14,"turns":1},{"damage":12,"enemies":"The Guardian","floor":16,"turns":1},{"damage":8,"enemies":"Spheric Guardian","floor":18,"turns":1},{"damage":20,"enemies":"2 Thieves","floor":19,"turns":1},{"damage":12,"enemies":"Centurion and Healer","floor":20,"turns":1},{"damage":4,"enemies":"Slavers","floor":23,"turns":1},{"damage":12,"enemies":"Book of Stabbing","floor":28,"turns":1},{"damage":9,"enemies":"Slavers","floor":30,"turns":2},{"damage":12,"enemies":"Cultist and Chosen","floor":31,"turns":1},{"damage":33,"enemies":"Champ","floor":33,"turns":5},{"damage":4,"enemies":"Orb Walker","floor":35,"turns":1},{"damage":17,"enemies":"3 Shapes","floor":37,"turns":2},{"damage":10,"enemies":"2 Orb Walkers","floor":40,"turns":2},{"damage":9,"enemies":"Sphere and 2 Shapes","floor":41,"turns":2},{"damage":4,"enemies":"4 Shapes","floor":42,"turns":1},{"damage":10,"enemies":"Giant Head","floor":45,"turns":3},{"damage":28,"enemies":"Maw","floor":46,"turns":3},{"damage":5,"enemies":"2 Orb Walkers","floor":47,"turns":2},{"damage":8,"enemies":"Sphere and 2 Shapes","floor":48,"turns":1},{"damage":50,"enemies":"Time Eater","floor":50,"turns":8}],"event_choices":[{"event_name":"The Cleric","player_choice":"Leave","floor":4,"damage_taken":0},{"event_name":"Golden Wing","player_choice":"Gained Gold","floor":5,"damage_taken":0},{"event_name":"Ghosts","player_choice":"Ignored","floor":22,"damage_taken":0},{"event_name":"Beggar","player_choice":"Gave Gold","floor":25,"damage_taken":0},{"event_name":"Addict","player_choice":"Obtained Relic","floor":29,"damage_taken":0},{"event_name":"SensoryStone","player_choice":"Memory 2","floor":36,"damage_taken":0}],"boss_relics":[{"not_picked":["Ectoplasm","Runic Cube"],"picked":"Cursed Key"},{"not_picked":["Calling Bell","Tiny House"],"picked":"Black Star"}],"potions_floor_spawned":[1,7,8,10,11,16,19,23,31,35,41,45,48],"seed_played":"7526765206531724544","ascension_level":0,"is_trial":false}