{"path_per_floor":["M","M","M","M","?","?","R","M","T","M","?","$","$","M","R","B",null,"M","?","M","?","M","R","$","M","T","?","M","$","M","M","R"],"character_chosen":"DEFECT","items_purchased":["Torii","Streamline","Happy Flower","Strength Potion"],"gold_per_floor":[114,129,144,159,159,259,259,274,349,364,364,64,11,26,26,126,126,141,141,156,156,171,171,21,36,36,36,51,1,16,31,31,31],"floor_reached":33,"campfire_rested":4,"playtime":1985,"current_hp_per_floor":[73,62,62,27,27,27,70,62,62,51,44,44,44,20,65,42,65,54,54,26,26,11,60,60,57,57,30,23,23,8,6,25,0],"items_purged":[],"gold":31,"score":268,"play_id":"8cb1c777-b106-4415-8dff-9eec81f84a4f","local_time":"20180505031315","daily_mods":["Allstar","Binary","Night Terrors"],"is_prod":false,"is_daily":true,"chose_seed":false,"is_ascension_mode":false,"campfire_upgraded":0,"timestamp":1525461195,"path_taken":["M","M","M","M","?","?","R","?","T","M","?","?","$","?","R","BOSS","M","?","M","?","M","R","$","M","T","?","M","$","M","?","R","BOSS"],"build_version":"2018-05-03","seed_source_timestamp":0,"purchased_purges":0,"victory":false,"master_deck":["Strike_B+1","Strike_B+1","Strike_B+1","Strike_B+1","Defend_B+1","Defend_B+1","Defend_B+1","Defend_B+1","Zap","Dualcast","Swift Strike","Magnetism","Sadistic Nature","Jack Of All Trades","Tempest","Ball Lightning","Rip and Tear","Impulse","Defragment","Streamline+1","Auto Shields","Double Energy","Beam Cell+1","Beam Cell+1","Loop","Ghostly","Ghostly","Ghostly","Ghostly","Ghostly","Coolheaded","Undo"],"max_hp_per_floor":[75,75,75,75,75,75,70,70,70,70,70,70,70,70,65,65,65,65,65,65,65,65,60,60,60,60,30,30,30,30,30,25,25],"relics":["Cracked Core","Molten Egg 2","Torii","Inserter","Dodecahedron","Happy Flower","Bottled Flame"],"card_choices":[{"not_picked":["Darkness"],"picked":"Tempest","floor":1},{"not_picked":["Leap"],"picked":"Ball Lightning","floor":2},{"not_picked":["Hologram"],"picked":"Rip and Tear","floor":4},{"not_picked":["Recycle"],"picked":"Impulse","floor":8},{"not_picked":["Conserve Battery"],"picked":"Defragment","floor":10},{"not_picked":["FTL"],"picked":"Auto Shields","floor":14},{"not_picked":["Tempest"],"picked":"Double Energy","floor":18},{"not_picked":["Impulse"],"picked":"Beam Cell","floor":20},{"not_picked":["Barrage"],"picked":"Beam Cell","floor":22},{"not_picked":["Heatsinks"],"picked":"Loop","floor":25},{"not_picked":["Streamline"],"picked":"Coolheaded","floor":28},{"not_picked":["Go for the Eyes"],"picked":"Undo","floor":30}],"player_experience":6132,"potions_floor_usage":[8,16,25,33,33,33],"damage_taken":[{"damage":2,"enemies":"Small Slimes","floor":1,"turns":4},{"damage":11,"enemies":"Jaw Worm","floor":2,"turns":2},{"damage":0,"enemies":"2 Louse","floor":3,"turns":2},{"damage":35,"enemies":"Gremlin Gang","floor":4,"turns":4},{"damage":8,"enemies":"3 Louse","floor":8,"turns":2},{"damage":15,"enemies":"Exordium Wildlife","floor":10,"turns":3},{"damage":24,"enemies":"Exordium Thugs","floor":14,"turns":3},{"damage":23,"enemies":"Slime Boss","floor":16,"turns":9},{"damage":11,"enemies":"Chosen","floor":18,"turns":5},{"damage":28,"enemies":"3 Byrds","floor":20,"turns":6},{"damage":15,"enemies":"Centurion and Healer","floor":22,"turns":5},{"damage":3,"enemies":"Snake Plant","floor":25,"turns":4},{"damage":7,"enemies":"Slaver and Parasite","floor":28,"turns":6},{"damage":15,"enemies":"Chosen and Byrds","floor":30,"turns":6},{"damage":2,"enemies":"Snecko","floor":31,"turns":6},{"damage":27,"enemies":"Automaton","floor":33,"turns":10}],"event_choices":[{"event_name":"Shining Light","player_choice":"Ignored","floor":5,"damage_taken":0},{"event_name":"Wheel of Change","player_choice":"Gold","floor":6,"damage_taken":0},{"event_name":"Golden Wing","player_choice":"Card Removal","floor":11,"damage_taken":0},{"event_name":"The Mausoleum","player_choice":"Yes","floor":19,"damage_taken":0},{"event_name":"Back to Basics","player_choice":"Simplicity","floor":21,"damage_taken":0},{"event_name":"Ghosts","player_choice":"Became a Ghost","floor":27,"damage_taken":0}],"boss_relics":[{"not_picked":["Snecko Eye","Calling Bell"],"picked":"Inserter"}],"potions_floor_spawned":[2,4,10,22,28,30,31],"seed_played":"-6956837484913016247","killed_by":"Automaton","ascension_level":0,"is_trial":false}