{"gold_per_floor":[116,134,144,144,154,154,170,23,49,64,75,75,75,94,94,196,196,214,234,234,83,93,93,109,109,166,166,166,166,166,193,193,193],"floor_reached":33,"playtime":1005,"items_purged":["Strike_R","Injury"],"score":239,"play_id":"3ebc0e61-95f7-4f4e-9d50-6145ae4ab3e4","local_time":"20190816000329","is_ascension_mode":false,"campfire_choices":[{"data":"Juggernaut","floor":6,"key":"SMITH"},{"data":"Inflame","floor":13,"key":"SMITH"},{"data":"Iron Wave","floor":15,"key":"SMITH"},{"data":"Armaments","floor":23,"key":"SMITH"},{"data":"Demon Form","floor":25,"key":"SMITH"},{"data":"Metallicize","floor":27,"key":"SMITH"},{"data":"Intimidate","floor":32,"key":"SMITH"}],"neow_cost":"NONE","seed_source_timestamp":32266788986462,"circlet_count":0,"master_deck":["Strike_R","Strike_R","Strike_R+1","Defend_R","Defend_R","Defend_R","Defend_R+1","Bash","Heavy Blade","Twin Strike","Juggernaut+1","Iron Wave+1","Inflame+1","Ghostly Armor","Twin Strike","True Grit+1","Demon Form+1","Intimidate+1","Metallicize+1","Armaments+1","Flame Barrier","Battle Trance"],"special_seed":0,"relics":["Burning Blood","Omamori","Bronze Scales","Calling Bell","Potion Belt","Ornamental Fan","Unceasing Top","Tiny Chest","Lantern","MutagenicStrength","Singing Bowl","Vajra"],"potions_floor_usage":[14,16,18,33],"damage_taken":[{"damage":2.0,"enemies":"2 Louse","floor":1.0,"turns":4.0},{"damage":5.0,"enemies":"Jaw Worm","floor":2.0,"turns":4.0},{"damage":1,"enemies":"Cultist","floor":3,"turns":3},{"damage":4,"enemies":"2 Fungi Beasts","floor":5,"turns":4},{"damage":19,"enemies":"Exordium Wildlife","floor":7,"turns":5},{"damage":15,"enemies":"Large Slime","floor":10,"turns":5},{"damage":2,"enemies":"2 Fungi Beasts","floor":11,"turns":4},{"damage":8,"enemies":"Lots of Slimes","floor":14,"turns":4},{"damage":13,"enemies":"Hexaghost","floor":16,"turns":9},{"damage":2,"enemies":"Shell Parasite","floor":18,"turns":4},{"damage":15,"enemies":"Spheric Guardian","floor":19,"turns":5},{"damage":3,"enemies":"Snecko","floor":22,"turns":4},{"damage":14,"enemies":"Snake Plant","floor":24,"turns":4},{"damage":76,"enemies":"Automaton","floor":33,"turns":10}],"seed_played":"-4152875535879845900","potions_obtained":[{"floor":5,"key":"PowerPotion"},{"floor":7,"key":"Weak Potion"},{"floor":11,"key":"Swift Potion"},{"floor":16,"key":"AttackPotion"},{"floor":22,"key":"LiquidBronze"}],"is_trial":false,"path_per_floor":["M","M","M","?","M","R","M","$","T","M","M","?","R","M","R","B",null,"M","M","?","$","M","R","M","R","T","R","T","?","T","T","R","B"],"character_chosen":"IRONCLAD","items_purchased":["Inflame","Armaments"],"campfire_rested":0,"item_purchase_floors":[8,21],"current_hp_per_floor":[80,80,80,64,66,66,53,53,53,44,48,48,48,46,46,39,80,80,71,71,71,74,74,66,66,66,66,66,66,66,66,66,0],"gold":193,"neow_bonus":"RANDOM_COMMON_RELIC","is_prod":false,"is_daily":false,"chose_seed":false,"campfire_upgraded":7,"win_rate":0,"timestamp":1565935409,"path_taken":["M","M","M","?","M","R","M","$","T","M","M","?","R","?","R","BOSS","M","M","?","$","M","R","M","R","T","R","?","?","?","?","R","BOSS"],"build_version":"2019-07-17","purchased_purges":2,"victory":false,"max_hp_per_floor":[80,80,80,80,80,80,80,80,80,80,80,80,80,80,80,80,80,80,80,80,80,80,80,80,80,80,80,80,80,80,80,80,80],"card_choices":[{"not_picked":["Wild Strike","Warcry","Evolve"],"picked":"SKIP","floor":1.0},{"not_picked":["Shrug It Off","Rage"],"picked":"Heavy Blade","floor":2},{"not_picked":["Blood for Blood","Power Through"],"picked":"Twin Strike","floor":3},{"not_picked":["Sword Boomerang","Body Slam"],"picked":"Juggernaut","floor":5},{"not_picked":["Corruption","Clash"],"picked":"Iron Wave","floor":7},{"not_picked":["Armaments","Perfected Strike"],"picked":"Ghostly Armor","floor":10},{"not_picked":["Warcry","Combust"],"picked":"Twin Strike","floor":11},{"not_picked":["Burning Pact","Seeing Red","Ghostly Armor"],"picked":"SKIP","floor":14},{"not_picked":["Bludgeon","Brutality"],"picked":"Demon Form","floor":16},{"not_picked":["Blood for Blood","Ghostly Armor"],"picked":"Intimidate","floor":18},{"not_picked":["Wild Strike","Cleave"],"picked":"Metallicize","floor":19},{"not_picked":["Clash","Shrug It Off"],"picked":"Flame Barrier","floor":22},{"not_picked":["Clothesline+1","Headbutt+1"],"picked":"Battle Trance","floor":24}],"player_experience":1679095,"relics_obtained":[{"floor":9,"key":"Bronze Scales"},{"floor":17,"key":"Potion Belt"},{"floor":17,"key":"Ornamental Fan"},{"floor":17,"key":"Unceasing Top"},{"floor":26,"key":"Tiny Chest"},{"floor":28,"key":"Lantern"},{"floor":30,"key":"Singing Bowl"},{"floor":31,"key":"Vajra"}],"event_choices":[{"damage_healed":0,"gold_gain":0,"player_choice":"Entered Light","damage_taken":16,"max_hp_gain":0,"max_hp_loss":0,"event_name":"Shining Light","floor":4,"gold_loss":0,"cards_upgraded":["Defend_R","Strike_R"]},{"cards_removed":["Strike_R"],"damage_healed":0,"gold_gain":0,"player_choice":"Took Card","damage_taken":0,"max_hp_gain":0,"max_hp_loss":0,"event_name":"NoteForYourself","floor":12,"gold_loss":0,"cards_obtained":["True Grit"]},{"damage_healed":0,"gold_gain":0,"player_choice":"Ignored","damage_taken":0,"max_hp_gain":0,"max_hp_loss":0,"event_name":"Vampires","floor":20,"gold_loss":0},{"damage_healed":0,"gold_gain":0,"player_choice":"Inject Mutagens","damage_taken":0,"relics_obtained":["MutagenicStrength"],"max_hp_gain":0,"max_hp_loss":0,"event_name":"Drug Dealer","floor":29,"gold_loss":0}],"is_beta":false,"boss_relics":[{"not_picked":["Runic Pyramid","Astrolabe"],"picked":"Calling Bell"}],"items_purged_floors":[8,21],"is_endless":false,"potions_floor_spawned":[5,7,11,16,22],"killed_by":"Automaton","ascension_level":0}