{"path_per_floor":["M","M","M","M","M","E","M","R","T","?","?","E","R","M","R","B",null,"M","$","M","M","?","R","M","M","T","M","M","R","M","M","R","B",null,"M","M","?","?","?","E","T","R","T","M","M","M","R","M","R","B"],"character_chosen":"DEFECT","items_purchased":["Apotheosis","Du-Vu Doll"],"gold_per_floor":[114,129,144,159,174,204,219,219,219,219,219,249,249,264,264,394,394,409,3,18,33,33,33,48,63,88,103,118,118,133,148,148,248,248,263,278,278,278,278,308,308,308,383,398,413,428,428,443,443,443],"floor_reached":51,"campfire_rested":6,"playtime":1900,"current_hp_per_floor":[73,72,65,65,61,30,12,34,34,34,34,10,32,25,47,31,75,75,75,74,61,45,67,63,64,64,53,55,83,87,90,90,62,96,95,79,74,74,74,67,67,67,67,71,66,58,86,74,74,53],"items_purged":[],"gold":443,"score":774,"play_id":"459b9232-3401-462e-be28-04beac6383d5","local_time":"20180510032330","daily_mods":["Heirloom","Binary","Vintage"],"is_prod":false,"is_daily":true,"chose_seed":false,"is_ascension_mode":false,"campfire_upgraded":3,"timestamp":1525890210,"path_taken":["M","M","M","M","M","E","M","R","T","?","?","E","R","M","R","BOSS","M","$","M","M","?","R","M","M","T","M","M","R","M","M","R","BOSS","M","M","?","?","?","E","?","R","T","M","M","M","R","M","R","BOSS"],"build_version":"2018-05-03","seed_source_timestamp":0,"purchased_purges":0,"victory":true,"master_deck":["Strike_B","Strike_B+1","Strike_B+1","Strike_B","Defend_B","Defend_B+1","Defend_B","Defend_B+1","Zap","Dualcast","Thunder Strike","Genetic Algorithm","Biased Cognition","Apotheosis+1","Necronomicurse","Go for the Eyes","Doubt","Static Discharge+1","Biased Cognition+1","Trip+1","Secret Technique+1","Impulse+1","Multi-Cast","Ball Lightning+1","Regret","Doubt","Leap+1"],"max_hp_per_floor":[75,75,75,75,75,75,75,75,75,75,75,75,75,75,75,75,75,75,75,75,75,75,75,75,75,75,89,96,96,96,96,96,96,96,96,96,96,96,96,96,96,96,96,96,96,96,96,96,96,96],"relics":["Cracked Core","Torii","Bottled Lightning","The Courier","Bag of Marbles","Bird Faced Urn","Ornamental Fan","Ginger","Pen Nib","Happy Flower","Ancient Tea Set","Whetstone","Tiny Chest","Cursed Key","Frozen Egg 2","Du-Vu Doll","Dream Catcher","Mercury Hourglass","Necronomicon","Juzu Bracelet","Dodecahedron","Art of War","Mango","Strawberry","Question Card","Meat on the Bone","Ice Cream","Nuclear Battery","Mummified Hand","Pantograph","Singing Bowl","Toolbox","Bottled Flame","Emotion Chip","Anchor","War Paint","Prayer Wheel"],"card_choices":[{"not_picked":["Sunder"],"picked":"Thunder Strike","floor":6},{"not_picked":["Leap"],"picked":"Genetic Algorithm","floor":12},{"not_picked":["Amplify"],"picked":"Biased Cognition","floor":16},{"not_picked":["White Noise"],"picked":"Go for the Eyes","floor":23},{"not_picked":["Leap"],"picked":"Static Discharge","floor":29},{"not_picked":["Meteor Strike","Fusion"],"picked":"Biased Cognition","floor":33},{"not_picked":["Thinking Ahead","Swift Strike"],"picked":"Trip","floor":37},{"not_picked":["Transmutation","Master of Strategy"],"picked":"Secret Technique","floor":37},{"not_picked":["Lockon","Static Discharge"],"picked":"Ball Lightning","floor":40},{"not_picked":["Skim","Steam Power"],"picked":"Leap","floor":47}],"player_experience":527170,"potions_floor_usage":[4,16,16,21,24,30,31,31,33,45,50,50,50],"damage_taken":[{"damage":2,"enemies":"Small Slimes","floor":1,"turns":3},{"damage":1,"enemies":"Cultist","floor":2,"turns":3},{"damage":7,"enemies":"Jaw Worm","floor":3,"turns":3},{"damage":0,"enemies":"2 Fungi Beasts","floor":4,"turns":2},{"damage":4,"enemies":"Gremlin Gang","floor":5,"turns":4},{"damage":31,"enemies":"Lagavulin","floor":6,"turns":7},{"damage":18,"enemies":"Exordium Wildlife","floor":7,"turns":4},{"damage":24,"enemies":"3 Sentries","floor":12,"turns":7},{"damage":7,"enemies":"3 Louse","floor":14,"turns":3},{"damage":16,"enemies":"The Guardian","floor":16,"turns":12},{"damage":0,"enemies":"Spheric Guardian","floor":18,"turns":3},{"damage":1,"enemies":"Shell Parasite","floor":20,"turns":5},{"damage":14,"enemies":"Centurion and Healer","floor":21,"turns":6},{"damage":6,"enemies":"Snecko","floor":24,"turns":4},{"damage":1,"enemies":"Sentry and Sphere","floor":25,"turns":4},{"damage":27,"enemies":"Snake Plant","floor":27,"turns":4},{"damage":7,"enemies":"Snecko","floor":28,"turns":3},{"damage":0,"enemies":"Centurion and Healer","floor":30,"turns":5},{"damage":1,"enemies":"Cultist and Chosen","floor":31,"turns":5},{"damage":32,"enemies":"Automaton","floor":33,"turns":8},{"damage":1,"enemies":"Orb Walker","floor":35,"turns":2},{"damage":17,"enemies":"Flame Bruiser 1 Orb","floor":36,"turns":4},{"damage":11,"enemies":"2 Orb Walkers","floor":40,"turns":2},{"damage":0,"enemies":"Sphere and 2 Shapes","floor":44,"turns":2},{"damage":23,"enemies":"Maw","floor":45,"turns":5},{"damage":22,"enemies":"3 Darklings","floor":46,"turns":4},{"damage":18,"enemies":"Spire Growth","floor":48,"turns":3},{"damage":68,"enemies":"Donu and Deca","floor":50,"turns":7}],"event_choices":[{"event_name":"The Lab","player_choice":"Got Potions","floor":10,"damage_taken":0},{"event_name":"The Woman in Blue","player_choice":"Bought 0 Potions","floor":11,"damage_taken":0},{"event_name":"Cursed Tome","player_choice":"Obtained Book","floor":22,"damage_taken":0},{"event_name":"SensoryStone","player_choice":"Memory 2","floor":37,"damage_taken":0},{"event_name":"Match and Keep!","player_choice":"2 cards matched","floor":38,"damage_taken":0},{"event_name":"Upgrade Shrine","player_choice":"Upgraded","floor":39,"damage_taken":0}],"boss_relics":[{"not_picked":["Runic Dome","Sozu"],"picked":"Cursed Key"},{"not_picked":["Astrolabe","Velvet Choker"],"picked":"Nuclear Battery"}],"potions_floor_spawned":[1,2,6,12,16,18,27,28,30,33,36,44,45],"seed_played":"-2911517459115267466","ascension_level":0,"is_trial":false}