{"gold_per_floor":[109,109,17,42,65,65,65,65,65,100,121,136,156,13,13,13],"floor_reached":16,"playtime":930,"items_purged":[],"score":112,"play_id":"77a1d0f2-e2f8-4dae-b88c-0178bab07238","local_time":"20190704030015","is_ascension_mode":true,"campfire_choices":[{"floor":6,"key":"REST"},{"data":"Shrug It Off","floor":8,"key":"SMITH"},{"floor":15,"key":"REST"}],"neow_cost":"PERCENT_DAMAGE","seed_source_timestamp":227573404841700,"circlet_count":0,"master_deck":["Strike_R","Strike_R","Strike_R","Strike_R","Strike_R","Defend_R","Defend_R","Defend_R","Defend_R","Bash","Exhume","Battle Trance","Entrench+1","Shrug It Off+1","Heavy Blade","Metallicize","Flex","Double Tap","Whirlwind"],"relics":["Burning Blood","Golden Idol","Bird Faced Urn","Bronze Scales","Anchor"],"potions_floor_usage":[10,16,16],"damage_taken":[{"damage":6,"enemies":"Jaw Worm","floor":1,"turns":5},{"damage":1,"enemies":"2 Louse","floor":4,"turns":4},{"damage":6,"enemies":"Cultist","floor":5,"turns":4},{"damage":48,"enemies":"Gremlin Nob","floor":10,"turns":6},{"damage":19,"enemies":"Exordium Thugs","floor":11,"turns":6},{"damage":12,"enemies":"2 Fungi Beasts","floor":12,"turns":3},{"damage":6,"enemies":"Exordium Wildlife","floor":13,"turns":5},{"damage":43,"enemies":"Slime Boss","floor":16,"turns":8}],"seed_played":"198510158735011511","potions_obtained":[{"floor":1,"key":"Block Potion"},{"floor":11,"key":"Poison Potion"},{"floor":12,"key":"Poison Potion"}],"is_trial":false,"path_per_floor":["M","?","$","M","M","R","?","R","T","E","M","M","M","$","R","B"],"character_chosen":"IRONCLAD","items_purchased":["Entrench","Shrug It Off","Anchor"],"campfire_rested":2,"item_purchase_floors":[3,3,14],"current_hp_per_floor":[56,36,36,41,41,65,65,65,65,25,14,10,12,12,36,0],"gold":13,"neow_bonus":"THREE_RARE_CARDS","is_prod":false,"is_daily":false,"chose_seed":false,"campfire_upgraded":1,"win_rate":0,"timestamp":1562176815,"path_taken":["M","?","$","M","M","R","?","R","T","E","M","M","?","$","R","BOSS"],"build_version":"2019-07-01","purchased_purges":0,"victory":false,"max_hp_per_floor":[80,80,80,80,80,80,80,80,80,80,80,80,80,80,80,80],"card_choices":[{"not_picked":["Double Tap","Brutality"],"picked":"Exhume","floor":0},{"not_picked":["Wild Strike","Iron Wave"],"picked":"Battle Trance","floor":1},{"not_picked":["Havoc","Wild Strike"],"picked":"Heavy Blade","floor":4},{"not_picked":["Anger","Warcry"],"picked":"Metallicize","floor":5},{"not_picked":["Anger","Iron Wave"],"picked":"Flex","floor":10},{"not_picked":["Twin Strike","Blood for Blood"],"picked":"Double Tap","floor":11},{"not_picked":["Thunderclap","Dual Wield"],"picked":"Whirlwind","floor":12},{"not_picked":["Clash","Havoc","Rupture"],"picked":"SKIP","floor":13}],"player_experience":182675,"relics_obtained":[{"floor":9,"key":"Bird Faced Urn"},{"floor":10,"key":"Bronze Scales"}],"event_choices":[{"damage_healed":0,"gold_gain":0,"player_choice":"Take Damage","damage_taken":20,"relics_obtained":["Golden Idol"],"max_hp_gain":0,"max_hp_loss":0,"event_name":"Golden Idol","floor":2,"gold_loss":0},{"damage_healed":0,"gold_gain":0,"player_choice":"Upgraded","damage_taken":0,"max_hp_gain":0,"max_hp_loss":0,"event_name":"Upgrade Shrine","floor":7,"gold_loss":0,"cards_upgraded":["Entrench"]}],"is_beta":false,"boss_relics":[],"items_purged_floors":[],"is_endless":false,"potions_floor_spawned":[1,11,12],"killed_by":"Slime Boss","ascension_level":2}