{"gold_per_floor":[109,109,125,2,2,2,31,45,127,127,140,155,186,206,206,308,308,278,278,290,35,50,80,80,92,92,117,117,150,4,18,18,118,118,133,153,153,153,173,173,206,206,206,206,224,224,238,45,45,45],"floor_reached":50,"playtime":5077,"items_purged":["Strike_B","Strike_B"],"score":785,"play_id":"ce995007-6d71-4641-b979-3c504844bb8a","local_time":"20190723091040","is_ascension_mode":true,"campfire_choices":[{"data":"Go for the Eyes","floor":6,"key":"SMITH"},{"floor":15,"key":"REST"},{"data":"Defragment","floor":24,"key":"SMITH"},{"data":"Fission","floor":32,"key":"SMITH"},{"data":"Apotheosis","floor":40,"key":"SMITH"},{"data":"Creative AI","floor":42,"key":"SMITH"},{"data":"Secret Technique","floor":49,"key":"SMITH"}],"neow_cost":"NONE","seed_source_timestamp":327114119500900,"circlet_count":0,"master_deck":["Defend_B","Defend_B","Zap","Dualcast","Go for the Eyes+1","Cold Snap","Hologram","Conserve Battery","Conserve Battery","Self Repair","Conserve Battery","Hologram","Lockon","Fission+1","Coolheaded+1","Undo+1","Defragment+1","Reboot","Sweeping Beam","BootSequence","FTL+1","Consume+1","Conserve Battery+1","Ghostly","Ghostly","Ghostly","Ghostly","Ghostly","Reboot","Gash","Sweeping Beam+1","Creative AI+1","Blizzard+1","Lockon+1","Conserve Battery+1","Compile Driver+1","Apotheosis+1","Secret Technique+1","Redo+1","Seek","Gash"],"relics":["Cracked Core","NeowsBlessing","Potion Belt","Bag of Preparation","Question Card","Bottled Lightning","Bottled Tornado","Sozu","Cables","PreservedInsect","Bottled Flame","Pen Nib","Pear","Astrolabe","Mercury Hourglass","ClockworkSouvenir"],"potions_floor_usage":[11,16],"damage_taken":[{"damage":0,"enemies":"Small Slimes","floor":1,"turns":1},{"damage":0,"enemies":"2 Louse","floor":3,"turns":1},{"damage":0,"enemies":"Gremlin Nob","floor":7,"turns":1},{"damage":0,"enemies":"Jaw Worm","floor":8,"turns":4},{"damage":10,"enemies":"Gremlin Gang","floor":11,"turns":6},{"damage":4,"enemies":"Red Slaver","floor":12,"turns":4},{"damage":50,"enemies":"3 Sentries","floor":13,"turns":11},{"damage":0,"enemies":"2 Fungi Beasts","floor":14,"turns":4},{"damage":9,"enemies":"Hexaghost","floor":16,"turns":11},{"damage":5,"enemies":"2 Thieves","floor":18,"turns":5},{"damage":19,"enemies":"Chosen","floor":20,"turns":9},{"damage":7,"enemies":"Snake Plant","floor":22,"turns":6},{"damage":1,"enemies":"Gremlin Leader","floor":23,"turns":9},{"damage":0,"enemies":"Centurion and Healer","floor":25,"turns":16},{"damage":0,"enemies":"Book of Stabbing","floor":27,"turns":5},{"damage":0,"enemies":"Slavers","floor":29,"turns":7},{"damage":0,"enemies":"Sentry and Sphere","floor":31,"turns":6},{"damage":13,"enemies":"Champ","floor":33,"turns":23},{"damage":1,"enemies":"3 Darklings","floor":35,"turns":6},{"damage":0,"enemies":"3 Shapes","floor":36,"turns":3},{"damage":5,"enemies":"Writhing Mass","floor":39,"turns":8},{"damage":5,"enemies":"Reptomancer","floor":41,"turns":8},{"damage":0,"enemies":"Sphere and 2 Shapes","floor":45,"turns":4},{"damage":3,"enemies":"Transient","floor":47,"turns":5},{"damage":92,"enemies":"Time Eater","floor":50,"turns":16}],"seed_played":"-4014966081267658067","potions_obtained":[{"floor":8,"key":"SteroidPotion"},{"floor":12,"key":"FairyPotion"},{"floor":14,"key":"FocusPotion"}],"is_trial":false,"path_per_floor":["M","?","M","$","?","R","E","M","T","T","M","M","E","M","R","B",null,"M","T","M","$","M","E","R","M","T","E","?","E","$","M","R","B",null,"M","M","?","?","M","R","E","R","T","?","M","?","M","$","R","B"],"character_chosen":"DEFECT","items_purchased":["Hologram","Defragment","Reboot","Sweeping Beam","Gash","ClockworkSouvenir"],"campfire_rested":1,"item_purchase_floors":[4,21,21,21,30,48],"current_hp_per_floor":[75,68,68,68,65,65,65,65,65,65,55,58,15,22,44,42,75,70,70,58,58,51,57,57,64,64,71,37,47,47,47,47,41,47,47,47,47,37,39,39,41,41,41,41,47,47,47,47,47,0],"gold":45,"neow_bonus":"THREE_ENEMY_KILL","is_prod":false,"is_daily":false,"chose_seed":false,"campfire_upgraded":6,"win_rate":0,"timestamp":1563840640,"path_taken":["M","?","M","$","?","R","E","M","T","?","?","M","E","M","R","BOSS","M","?","?","$","M","E","R","M","T","E","?","E","$","M","R","BOSS","M","M","?","?","M","R","E","R","T","?","M","?","M","$","R","BOSS"],"build_version":"2019-07-17","purchased_purges":2,"victory":false,"max_hp_per_floor":[75,75,75,75,75,75,75,75,75,75,75,75,75,75,75,75,75,75,75,75,75,75,75,75,75,75,75,37,47,47,47,47,47,47,47,47,47,47,47,47,47,47,47,47,47,47,47,47,47,47],"card_choices":[{"not_picked":["Rebound","Sweeping Beam"],"picked":"Go for the Eyes","floor":1},{"not_picked":["Sunder","Stack"],"picked":"Cold Snap","floor":3},{"not_picked":["Stack","Blizzard"],"picked":"Conserve Battery","floor":7},{"not_picked":["Storm","Gash"],"picked":"Conserve Battery","floor":8},{"not_picked":["Heatsinks","Skim","Stack"],"picked":"Self Repair","floor":11},{"not_picked":["Hologram","Beam Cell","Steam"],"picked":"Conserve Battery","floor":12},{"not_picked":["Streamline","Compile Driver","Lockon"],"picked":"Hologram","floor":13},{"not_picked":["Stack","Compile Driver","Multi-Cast"],"picked":"Lockon","floor":14},{"not_picked":["Biased Cognition","Buffer","Thunder Strike"],"picked":"Fission","floor":16},{"not_picked":["Turbo","Barrage","Rebound+1"],"picked":"Coolheaded+1","floor":18},{"not_picked":["Auto Shields","Stack+1","Go for the Eyes"],"picked":"Undo+1","floor":20},{"not_picked":["Sweeping Beam","Static Discharge","Rebound+1"],"picked":"BootSequence","floor":22},{"not_picked":["Cold Snap","Amplify","Ball Lightning"],"picked":"FTL+1","floor":23},{"not_picked":["Cold Snap","Go for the Eyes","Gash"],"picked":"Consume+1","floor":25},{"not_picked":["Rip and Tear","Leap","Sweeping Beam"],"picked":"Conserve Battery+1","floor":27},{"not_picked":["Heatsinks","Go for the Eyes","Sunder"],"picked":"Reboot","floor":29},{"not_picked":["Leap","Lockon","Beam Cell+1"],"picked":"Sweeping Beam+1","floor":31},{"not_picked":["Echo Form","Multi-Cast","Seek"],"picked":"Creative AI","floor":33},{"not_picked":["FTL","Hologram","Redo"],"picked":"Conserve Battery+1","floor":35},{"not_picked":["Fusion","Stack+1","Streamline+1"],"picked":"Compile Driver+1","floor":36},{"not_picked":["Secret Technique","Blind","Purity"],"picked":"Apotheosis","floor":38},{"not_picked":["Jack Of All Trades","Transmutation","Mind Blast"],"picked":"Secret Technique","floor":38},{"not_picked":["Static Discharge","Lockon","Streamline","Barrage+1"],"picked":"SKIP","floor":39},{"not_picked":["Melter","Conserve Battery+1","Chill"],"picked":"Redo+1","floor":41},{"not_picked":["Double Energy+1","Doom and Gloom","Chill"],"picked":"Seek","floor":45},{"not_picked":["Compile Driver","Streamline","Steam Power+1"],"picked":"Gash","floor":47}],"player_experience":409094,"relics_obtained":[{"floor":7,"key":"Bag of Preparation"},{"floor":9,"key":"Question Card"},{"floor":10,"key":"Bottled Lightning"},{"floor":13,"key":"Bottled Tornado"},{"floor":19,"key":"Cables"},{"floor":23,"key":"PreservedInsect"},{"floor":26,"key":"Bottled Flame"},{"floor":27,"key":"Pen Nib"},{"floor":29,"key":"Pear"},{"floor":41,"key":"Mercury Hourglass"}],"event_choices":[{"cards_removed":["Strike_B"],"damage_healed":0,"gold_gain":0,"player_choice":"Card Removal","damage_taken":7,"max_hp_gain":0,"max_hp_loss":0,"event_name":"Golden Wing","floor":2,"gold_loss":0},{"damage_healed":0,"gold_gain":0,"player_choice":"Success","damage_taken":3,"relics_obtained":["Potion Belt"],"max_hp_gain":0,"max_hp_loss":0,"event_name":"Scrap Ooze","floor":5,"gold_loss":0},{"damage_healed":0,"gold_gain":0,"player_choice":"Became a Ghost","damage_taken":0,"max_hp_gain":0,"max_hp_loss":38,"event_name":"Ghosts","floor":28,"gold_loss":0,"cards_obtained":["Ghostly","Ghostly","Ghostly","Ghostly","Ghostly"]},{"damage_healed":0,"gold_gain":0,"player_choice":"Ignored","damage_taken":0,"max_hp_gain":0,"max_hp_loss":0,"event_name":"Mysterious Sphere","floor":37,"gold_loss":0},{"damage_healed":0,"gold_gain":0,"player_choice":"Memory 3","damage_taken":10,"max_hp_gain":0,"max_hp_loss":0,"event_name":"SensoryStone","floor":38,"gold_loss":0},{"damage_healed":0,"gold_gain":0,"player_choice":"Ignored","damage_taken":0,"max_hp_gain":0,"max_hp_loss":0,"event_name":"Tomb of Lord Red Mask","floor":44,"gold_loss":0},{"cards_removed":["Machine Learning"],"damage_healed":0,"gold_gain":0,"player_choice":"Removed Power","damage_taken":0,"max_hp_gain":0,"max_hp_loss":0,"event_name":"Falling","floor":46,"gold_loss":0}],"is_beta":false,"boss_relics":[{"not_picked":["Eternal Feather","Snecko Eye"],"picked":"Sozu"},{"not_picked":["Velvet Choker","Orrery"],"picked":"Astrolabe"}],"items_purged_floors":[4,30],"is_endless":false,"potions_floor_spawned":[8,12,14,20,22,23,27,33,41,47],"killed_by":"Time Eater","ascension_level":3}