{"gold_per_floor":[15,34,44,63,76,76,104,104,104,121,148,168,179,193,193,289,289,307,319,332,332,347,347],"floor_reached":23,"playtime":1664,"items_purged":[],"score":211,"play_id":"fbbe0b5a-c7f0-4e70-8f0a-7e72168fc62d","local_time":"20181203064446","is_ascension_mode":false,"campfire_choices":[{"data":"Zap","floor":6,"key":"SMITH"},{"floor":8,"key":"REST"},{"floor":15,"key":"REST"}],"neow_cost":"NO_GOLD","seed_source_timestamp":460938702774100,"circlet_count":0,"master_deck":["Strike_B","Strike_B","Strike_B","Strike_B","Defend_B","Defend_B","Defend_B","Defend_B","Zap+1","Dualcast","Loop","Chill","Heatsinks","Steam","Hologram","Coolheaded","Heatsinks","Rebound+1","Coolheaded","Electrodynamics","Turbo","Thunder Strike+1","Defragment","Glacier","Recycle","Conserve Battery+1"],"relics":["Cracked Core","Calipers","Oddly Smooth Stone","Molten Egg 2","Blue Candle","Eternal Feather"],"potions_floor_usage":[5,7,16,20,23,23],"damage_taken":[{"damage":0,"enemies":"Cultist","floor":1,"turns":4},{"damage":11,"enemies":"Small Slimes","floor":2,"turns":3},{"damage":3,"enemies":"2 Louse","floor":3,"turns":4},{"damage":6,"enemies":"Exordium Wildlife","floor":4,"turns":4},{"damage":3,"enemies":"3 Louse","floor":5,"turns":3},{"damage":20,"enemies":"Lagavulin","floor":7,"turns":8},{"damage":9,"enemies":"Large Slime","floor":10,"turns":7},{"damage":14,"enemies":"3 Sentries","floor":11,"turns":14},{"damage":2,"enemies":"Looter","floor":12,"turns":2},{"damage":2,"enemies":"Exordium Wildlife","floor":13,"turns":6},{"damage":10,"enemies":"3 Louse","floor":14,"turns":3},{"damage":19,"enemies":"The Guardian","floor":16,"turns":13},{"damage":0,"enemies":"3 Byrds","floor":18,"turns":4},{"damage":16,"enemies":"Spheric Guardian","floor":19,"turns":5},{"damage":11,"enemies":"Snake Plant","floor":20,"turns":5},{"damage":24,"enemies":"Snecko","floor":22,"turns":7},{"damage":32,"enemies":"Gremlin Leader","floor":23,"turns":6}],"seed_played":"-8776807902031068073","potions_obtained":[{"floor":3,"key":"Dexterity Potion"},{"floor":4,"key":"Block Potion"},{"floor":5,"key":"Strength Potion"},{"floor":11,"key":"Ancient Potion"},{"floor":16,"key":"FocusPotion"},{"floor":19,"key":"FocusPotion"}],"is_trial":false,"path_per_floor":["M","M","M","M","M","R","E","R","T","M","E","M","M","M","R","B",null,"M","M","M","?","M","E"],"character_chosen":"DEFECT","items_purchased":[],"campfire_rested":2,"item_purchase_floors":[],"current_hp_per_floor":[75,64,61,55,52,52,32,54,54,45,31,29,27,17,39,20,75,75,59,48,48,24,0],"gold":347,"neow_bonus":"ONE_RARE_RELIC","is_prod":false,"is_daily":false,"chose_seed":false,"campfire_upgraded":1,"win_rate":0,"timestamp":1543787086,"path_taken":["M","?","M","M","M","R","E","R","T","M","E","M","M","M","R","BOSS","M","M","M","?","?","E"],"build_version":"2018-11-15","purchased_purges":0,"victory":false,"max_hp_per_floor":[75,75,75,75,75,75,75,75,75,75,75,75,75,75,75,75,75,75,75,75,75,75,75],"card_choices":[{"not_picked":["Coolheaded","Undo"],"picked":"Loop","floor":1},{"not_picked":["Hologram","Go for the Eyes"],"picked":"Chill","floor":2},{"not_picked":["Auto Shields","Genetic Algorithm"],"picked":"Heatsinks","floor":3},{"not_picked":["Compile Driver","Beam Cell"],"picked":"Steam","floor":4},{"not_picked":["Force Field","Redo"],"picked":"Hologram","floor":5},{"not_picked":["Hologram","Redo"],"picked":"Coolheaded","floor":7},{"not_picked":["Streamline+1","Steam Power"],"picked":"Heatsinks","floor":10},{"not_picked":["Undo","Darkness"],"picked":"Rebound+1","floor":11},{"not_picked":["Rebound+1","Rip and Tear+1"],"picked":"Coolheaded","floor":12},{"not_picked":["Conserve Battery","Self Repair"],"picked":"Electrodynamics","floor":13},{"not_picked":["Heatsinks","Coolheaded"],"picked":"Turbo","floor":14},{"not_picked":["Meteor Strike+1","Reboot"],"picked":"Thunder Strike+1","floor":16},{"not_picked":["Doom and Gloom+1","Hello World"],"picked":"Defragment","floor":18},{"not_picked":["Compile Driver+1","Streamline+1"],"picked":"Glacier","floor":19},{"not_picked":["Streamline+1","Beam Cell+1"],"picked":"Recycle","floor":20},{"not_picked":["White Noise","Echo Form"],"picked":"Conserve Battery+1","floor":22}],"player_experience":600778,"relics_obtained":[{"floor":7,"key":"Oddly Smooth Stone"},{"floor":9,"key":"Molten Egg 2"},{"floor":11,"key":"Blue Candle"}],"event_choices":[{"damage_healed":0,"gold_gain":0,"player_choice":"Ignored","damage_taken":0,"max_hp_gain":0,"max_hp_loss":0,"event_name":"N\u0027loth","floor":21,"gold_loss":0}],"is_beta":false,"boss_relics":[{"not_picked":["Coffee Dripper","Fusion Hammer"],"picked":"Eternal Feather"}],"items_purged_floors":[],"is_endless":false,"potions_floor_spawned":[3,4,5,11,16,19],"killed_by":"Gremlin Leader","ascension_level":0}