{"gold_per_floor":[114,129,144,144,69,69,99,99,124,139,139,154,154,169,169,269,269,284,299,299,314,329,329,359,40,40,40,55,130,130,38,38,138,138,153,168,443,458,77,77,92,92,92,92,107,107,122,122,122,122],"floor_reached":51,"playtime":3049,"items_purged":["Pain","Regret"],"score":669,"play_id":"9b47d1dd-6f30-4bb2-9a32-c80b62eac4ae","local_time":"20181201185727","daily_mods":["Allstar","ControlledChaos","Night Terrors"],"is_ascension_mode":false,"campfire_choices":[{"data":"Zap","floor":6,"key":"SMITH"},{"floor":8,"key":"REST"},{"data":"Rainbow","floor":11,"key":"SMITH"},{"data":"Thinking Ahead","floor":15,"key":"SMITH"},{"floor":23,"key":"REST"},{"floor":32,"key":"REST"},{"data":"Heatsinks","floor":40,"key":"SMITH"},{"data":"Reboot","floor":42,"key":"SMITH"},{"floor":49,"key":"REST"}],"neow_cost":"","seed_source_timestamp":0,"circlet_count":0,"master_deck":["Strike_B","Strike_B","Strike_B+1","Strike_B","Defend_B","Defend_B","Defend_B","Defend_B","Zap+1","Dualcast","Panacea","Chrysalis","Sadistic Nature","Thinking Ahead+1","Mind Blast+1","Chill","Aggregate","Capacitor","Rainbow+1","Leap","Ball Lightning","White Noise+1","Chaos","Reboot+1","Static Discharge","Heatsinks+1","Compile Driver","Leap","Sweeping Beam","Skim","Storm","Conserve Battery","Apotheosis","Seek","Core Surge","Compile Driver+1","Force Field+1","Sweeping Beam+1","Storm","Conserve Battery+1","Consume+1","Writhe","Defragment","Go for the Eyes"],"special_seed":17866,"relics":["Cracked Core","Frozen Eye","WarpedTongs","Dream Catcher","Whetstone","Velvet Choker","Bottled Lightning","Membership Card","DataDisk","Matryoshka","Centennial Puzzle","Ornamental Fan","Nilry\u0027s Codex","Philosopher\u0027s Stone","Mango","Bottled Tornado","Pear","Peace Pipe","Dead Branch"],"potions_floor_usage":[18,22,24,24,33,33,45,50],"damage_taken":[{"damage":15,"enemies":"Small Slimes","floor":1,"turns":3},{"damage":0,"enemies":"Cultist","floor":2,"turns":2},{"damage":11,"enemies":"Jaw Worm","floor":3,"turns":2},{"damage":30,"enemies":"Gremlin Nob","floor":7,"turns":4},{"damage":2,"enemies":"Exordium Thugs","floor":10,"turns":5},{"damage":6,"enemies":"2 Fungi Beasts","floor":12,"turns":4},{"damage":13,"enemies":"Exordium Wildlife","floor":14,"turns":3},{"damage":6,"enemies":"Slime Boss","floor":16,"turns":7},{"damage":11,"enemies":"2 Thieves","floor":18,"turns":4},{"damage":8,"enemies":"Spheric Guardian","floor":19,"turns":3},{"damage":29,"enemies":"3 Cultists","floor":21,"turns":4},{"damage":19,"enemies":"Shelled Parasite and Fungi","floor":22,"turns":5},{"damage":20,"enemies":"Book of Stabbing","floor":24,"turns":3},{"damage":0,"enemies":"Chosen and Byrds","floor":28,"turns":4},{"damage":27,"enemies":"Collector","floor":33,"turns":8},{"damage":7,"enemies":"3 Shapes","floor":35,"turns":4},{"damage":0,"enemies":"3 Darklings","floor":36,"turns":6},{"damage":10,"enemies":"Spire Growth","floor":38,"turns":5},{"damage":2,"enemies":"4 Shapes","floor":41,"turns":3},{"damage":29,"enemies":"Jaw Worm Horde","floor":45,"turns":3},{"damage":4,"enemies":"3 Darklings","floor":47,"turns":3},{"damage":52,"enemies":"Donu and Deca","floor":50,"turns":6}],"seed_played":"-48262847405377226","potions_obtained":[{"floor":2,"key":"Swift Potion"},{"floor":7,"key":"Dexterity Potion"},{"floor":10,"key":"Weak Potion"},{"floor":18,"key":"SpeedPotion"},{"floor":22,"key":"AttackPotion"},{"floor":28,"key":"PowerPotion"},{"floor":36,"key":"SpeedPotion"},{"floor":45,"key":"Explosive Potion"}],"is_trial":false,"path_per_floor":["M","M","M","?","$","R","E","R","T","M","R","M","?","M","R","B",null,"M","M","?","M","M","R","E","$","T","?","M","T","?","$","R","B",null,"M","M","?","M","$","R","M","R","T","$","M","?","M","T","R","B",null],"character_chosen":"DEFECT","items_purchased":["Membership Card","DataDisk","Storm","Weak Potion","Apotheosis","Mango","Storm","Bottled Tornado","GamblersBrew"],"campfire_rested":4,"item_purchase_floors":[25,25,25,25,31,39,39,39,39],"current_hp_per_floor":[60,60,49,49,49,49,19,70,70,68,68,62,62,49,49,43,70,59,51,51,22,3,65,45,45,45,45,45,45,29,29,60,33,60,53,53,53,43,57,57,55,55,65,65,36,57,53,53,79,27],"gold":122,"neow_bonus":"","is_prod":false,"is_daily":true,"chose_seed":false,"campfire_upgraded":5,"win_rate":0,"timestamp":1543658247,"path_taken":["M","M","M","?","$","R","E","R","T","M","R","?","?","M","R","BOSS","M","M","?","M","?","R","E","$","T","?","M","?","?","$","R","BOSS","M","M","?","M","?","R","M","R","T","$","?","?","M","?","R","BOSS"],"build_version":"2018-11-15","purchased_purges":2,"victory":true,"max_hp_per_floor":[75,75,75,75,75,75,75,70,70,70,70,70,70,70,70,70,70,70,70,70,70,70,65,65,65,65,65,65,65,65,65,60,60,60,60,60,60,60,74,74,74,74,84,84,84,84,84,84,79,79],"card_choices":[{"not_picked":["Cold Snap","Stack"],"picked":"Chill","floor":1},{"not_picked":["Hologram","Redo"],"picked":"Aggregate","floor":2},{"not_picked":["Stack","Conserve Battery"],"picked":"Capacitor","floor":3},{"not_picked":["Turbo","Sweeping Beam"],"picked":"Rainbow","floor":7},{"not_picked":["Steam","Conserve Battery"],"picked":"Leap","floor":8},{"not_picked":["Steam","Darkness"],"picked":"Ball Lightning","floor":10},{"not_picked":["Fusion","Redo"],"picked":"White Noise","floor":12},{"not_picked":["Genetic Algorithm","Rip and Tear"],"picked":"Chaos","floor":14},{"not_picked":["Rainbow","Biased Cognition"],"picked":"Reboot","floor":16},{"not_picked":["Streamline","Sunder"],"picked":"Static Discharge","floor":18},{"not_picked":["BootSequence","Capacitor"],"picked":"Heatsinks","floor":19},{"not_picked":["Glacier+1","Leap"],"picked":"Compile Driver","floor":21},{"not_picked":["Reprogram","Go for the Eyes"],"picked":"Leap","floor":22},{"not_picked":["Multi-Cast","Go for the Eyes"],"picked":"Sweeping Beam","floor":23},{"not_picked":["Coolheaded","Barrage"],"picked":"Skim","floor":24},{"not_picked":["Cold Snap","Compile Driver"],"picked":"Conserve Battery","floor":28},{"not_picked":["Capacitor+1","Steam"],"picked":"Seek","floor":32},{"not_picked":["Hyperbeam","Amplify"],"picked":"Core Surge","floor":33},{"not_picked":["Coolheaded","Reprogram"],"picked":"Compile Driver+1","floor":35},{"not_picked":["Barrage+1","Steam Power"],"picked":"Force Field+1","floor":36},{"not_picked":["Fusion","Compile Driver+1"],"picked":"Sweeping Beam+1","floor":38},{"not_picked":["Redo+1","Reinforced Body"],"picked":"Conserve Battery+1","floor":41},{"not_picked":["Leap+1","Coolheaded+1"],"picked":"Consume+1","floor":45},{"not_picked":["Streamline","Force Field"],"picked":"Defragment","floor":47},{"not_picked":["Cold Snap+1","Beam Cell"],"picked":"Go for the Eyes","floor":49}],"player_experience":565323,"relics_obtained":[{"floor":7,"key":"Dream Catcher"},{"floor":9,"key":"Whetstone"},{"floor":24,"key":"Bottled Lightning"},{"floor":26,"key":"Matryoshka"},{"floor":29,"key":"Centennial Puzzle"},{"floor":29,"key":"Ornamental Fan"},{"floor":30,"key":"Nilry\u0027s Codex"},{"floor":43,"key":"Pear"},{"floor":43,"key":"Peace Pipe"},{"floor":48,"key":"Dead Branch"}],"event_choices":[{"damage_healed":0,"gold_gain":0,"player_choice":"Rummage","damage_taken":0,"relics_obtained":["WarpedTongs"],"max_hp_gain":0,"max_hp_loss":0,"event_name":"Accursed Blacksmith","floor":4,"gold_loss":0,"cards_obtained":["Pain"]},{"damage_healed":0,"gold_gain":0,"player_choice":"Upgraded","damage_taken":0,"max_hp_gain":0,"max_hp_loss":0,"event_name":"Upgrade Shrine","floor":13,"gold_loss":0,"cards_upgraded":["White Noise"]},{"damage_healed":0,"gold_gain":0,"player_choice":"Ignored","damage_taken":0,"max_hp_gain":0,"max_hp_loss":0,"event_name":"N\u0027loth","floor":20,"gold_loss":0},{"damage_healed":0,"gold_gain":0,"player_choice":"Ignored","damage_taken":0,"max_hp_gain":0,"max_hp_loss":0,"event_name":"Beggar","floor":27,"gold_loss":0},{"damage_healed":0,"gold_gain":0,"player_choice":"Obtained Book","damage_taken":16,"max_hp_gain":0,"max_hp_loss":0,"event_name":"Cursed Tome","floor":30,"gold_loss":0},{"damage_healed":0,"gold_gain":275,"player_choice":"Desecrate","damage_taken":0,"max_hp_gain":0,"max_hp_loss":0,"event_name":"Golden Shrine","floor":37,"gold_loss":0,"cards_obtained":["Regret"]},{"damage_healed":21,"gold_gain":0,"player_choice":"Writhe","damage_taken":0,"max_hp_gain":0,"max_hp_loss":0,"event_name":"Winding Halls","floor":46,"gold_loss":0,"cards_obtained":["Writhe"]}],"is_beta":false,"boss_relics":[{"not_picked":["Calling Bell","Inserter"],"picked":"Velvet Choker"},{"not_picked":["Pandora\u0027s Box","Snecko Eye"],"picked":"Philosopher\u0027s Stone"}],"items_purged_floors":[5,39],"is_endless":false,"potions_floor_spawned":[2,7,10,12,14,18,22,28,36,45],"ascension_level":0}