{"gold_per_floor":[112,128,128,203,144,179,179,191,191,191,218,229,239,21,21,117,117,130,143,155,155,170,170,184,197,197,227,237,237,237,152,152,250,250,262,337,350,250,262,262],"floor_reached":40,"playtime":2687,"items_purged":["Defend_R","Shame"],"score":470,"play_id":"99dce285-3e5d-46b5-a6d1-3c7a17d8e7cb","local_time":"20181121064543","is_ascension_mode":false,"campfire_choices":[{"data":"Uppercut","floor":7.0,"key":"SMITH"},{"data":"Warcry","floor":10.0,"key":"SMITH"},{"data":"Fiend Fire","floor":15.0,"key":"SMITH"},{"data":"Dark Embrace","floor":23.0,"key":"SMITH"},{"data":"Fiend Fire","floor":29.0,"key":"SMITH"},{"floor":32.0,"key":"RECALL"}],"neow_cost":"NONE","seed_source_timestamp":189939388683000,"circlet_count":0,"master_deck":["Defend_R","Defend_R","Defend_R","Bash","Uppercut+1","Shrug It Off","Warcry+1","Armaments","Fiend Fire+1","Rupture","Clothesline","Dark Embrace+1","Fiend Fire+1","Rampage","Shockwave","Bloodletting+1","Bite","Bite","Bite","Bite","Bite","Shrug It Off","Pommel Strike","Sentinel","Exhume","Warcry+1","RitualDagger","Exhume","Injury","Shame","Anger","Corruption","Whirlwind+1"],"special_seed":0,"relics":["Burning Blood","NeowsBlessing","Meat on the Bone","Centennial Puzzle","Mummified Hand","Philosopher\u0027s Stone","Self Forming Clay","Magic Flower","Dream Catcher","Calling Bell","Omamori","Toxic Egg 2","Mango"],"potions_floor_usage":[],"damage_taken":[{"damage":0.0,"enemies":"2 Louse","floor":1.0,"turns":1.0},{"damage":0.0,"enemies":"Jaw Worm","floor":2.0,"turns":1.0},{"damage":0.0,"enemies":"Lagavulin","floor":6.0,"turns":1.0},{"damage":0.0,"enemies":"Small Slimes","floor":8.0,"turns":3.0},{"damage":42.0,"enemies":"3 Sentries","floor":11.0,"turns":10.0},{"damage":7.0,"enemies":"Gremlin Gang","floor":12.0,"turns":6.0},{"damage":14.0,"enemies":"Exordium Thugs","floor":13.0,"turns":3.0},{"damage":48.0,"enemies":"Hexaghost","floor":16.0,"turns":13.0},{"damage":8.0,"enemies":"Shell Parasite","floor":18.0,"turns":6.0},{"damage":26.0,"enemies":"2 Thieves","floor":19.0,"turns":3.0},{"damage":19.0,"enemies":"Centurion and Healer","floor":20.0,"turns":3.0},{"damage":5.0,"enemies":"Snecko","floor":22.0,"turns":4.0},{"damage":14.0,"enemies":"3 Cultists","floor":24.0,"turns":5.0},{"damage":3.0,"enemies":"Centurion and Healer","floor":25.0,"turns":3.0},{"damage":32.0,"enemies":"Slavers","floor":27.0,"turns":7.0},{"damage":3.0,"enemies":"Snecko","floor":28.0,"turns":2.0},{"damage":20.0,"enemies":"Collector","floor":33.0,"turns":5.0},{"damage":27.0,"enemies":"3 Darklings","floor":35.0,"turns":10.0},{"damage":34.0,"enemies":"3 Shapes","floor":37.0,"turns":9.0},{"damage":30.0,"enemies":"Maw","floor":39.0,"turns":7.0},{"damage":59,"enemies":"Giant Head","floor":40,"turns":7}],"seed_played":"-2436889052495818939","potions_obtained":[{"floor":6.0,"key":"Strength Potion"},{"floor":8.0,"key":"BloodPotion"},{"floor":12.0,"key":"Weak Potion"},{"floor":22.0,"key":"FearPotion"},{"floor":24.0,"key":"EssenceOfSteel"},{"floor":27.0,"key":"EssenceOfSteel"},{"floor":33.0,"key":"Swift Potion"}],"is_trial":false,"path_per_floor":["M","M","?","?","?","E","R","M","T","R","E","M","M","$","R","B",null,"M","M","M","?","M","R","M","M","T","E","M","R","?","?","R","B",null,"M","?","M","$","M","E"],"character_chosen":"IRONCLAD","items_purchased":["Dark Embrace"],"campfire_rested":0,"item_purchase_floors":[14],"current_hp_per_floor":[80,80,73,62,62,68,68,74,74,74,50,49,53,53,53,23,80,78,58,57,56,56,56,50,56,56,42,56,56,50,50,50,45,70,70,63,59,59,47,0],"gold":262,"neow_bonus":"THREE_ENEMY_KILL","is_prod":false,"is_daily":false,"chose_seed":false,"campfire_upgraded":5,"win_rate":0,"timestamp":1542750343,"path_taken":["M","M","?","?","?","E","R","M","T","R","E","M","M","$","R","BOSS","M","M","?","?","M","R","M","M","T","E","M","R","?","?","R","BOSS","M","?","M","$","?","E"],"build_version":"2018-11-15","purchased_purges":2,"victory":false,"max_hp_per_floor":[80,80,80,80,80,80,80,80,80,80,80,80,80,80,80,80,80,80,80,80,56,56,56,56,56,56,56,56,56,56,56,56,56,70,70,70,70,70,70,70],"card_choices":[{"not_picked":["Clash","Twin Strike"],"picked":"Uppercut","floor":1.0},{"not_picked":["Sword Boomerang","Warcry"],"picked":"Shrug It Off","floor":2.0},{"not_picked":["Headbutt","True Grit"],"picked":"Warcry","floor":6.0},{"not_picked":["Searing Blow","Body Slam"],"picked":"Armaments","floor":8.0},{"not_picked":["Spot Weakness","Pommel Strike"],"picked":"Fiend Fire","floor":11.0},{"not_picked":["Perfected Strike","Wild Strike"],"picked":"Rupture","floor":12.0},{"not_picked":["Body Slam","Rupture"],"picked":"Clothesline","floor":13.0},{"not_picked":["Berserk","Reaper"],"picked":"Fiend Fire","floor":16.0},{"not_picked":["Perfected Strike+1","Havoc"],"picked":"Rampage","floor":18.0},{"not_picked":["Corruption","Sword Boomerang"],"picked":"Shockwave","floor":19.0},{"not_picked":["Rage+1","Body Slam+1"],"picked":"Bloodletting+1","floor":20.0},{"not_picked":["Havoc+1","Carnage"],"picked":"Shrug It Off","floor":22.0},{"not_picked":["Heavy Blade","Flex+1"],"picked":"Pommel Strike","floor":24.0},{"not_picked":["Hemokinesis+1","Shockwave+1"],"picked":"Sentinel","floor":25.0},{"not_picked":["Dual Wield+1","Pommel Strike"],"picked":"Exhume","floor":27.0},{"not_picked":["True Grit","Clash"],"picked":"Warcry+1","floor":28.0},{"not_picked":["Fiend Fire","Limit Break"],"picked":"Exhume","floor":33.0},{"not_picked":["Ghostly Armor+1","Inflame"],"picked":"Anger","floor":35.0},{"not_picked":["Disarm+1","Thunderclap+1"],"picked":"Corruption","floor":37.0},{"not_picked":["Clash+1","Ghostly Armor+1"],"picked":"Whirlwind+1","floor":39.0}],"player_experience":471081,"relics_obtained":[{"floor":6.0,"key":"Centennial Puzzle"},{"floor":11.0,"key":"Mummified Hand"},{"floor":26.0,"key":"Self Forming Clay"},{"floor":27.0,"key":"Magic Flower"},{"floor":34.0,"key":"Omamori"},{"floor":34.0,"key":"Toxic Egg 2"},{"floor":34.0,"key":"Mango"}],"event_choices":[{"cards_removed":["Strike_R"],"damage_healed":0.0,"max_hp_gain":0.0,"max_hp_loss":0.0,"gold_gain":0.0,"event_name":"Golden Wing","player_choice":"Card Removal","floor":3.0,"gold_loss":0.0,"damage_taken":7.0},{"damage_healed":0.0,"max_hp_gain":0.0,"max_hp_loss":0.0,"gold_gain":75.0,"event_name":"World of Goop","player_choice":"Gather Gold","floor":4.0,"gold_loss":0.0,"damage_taken":11.0},{"damage_healed":0.0,"max_hp_gain":0.0,"max_hp_loss":0.0,"gold_gain":0.0,"event_name":"WeMeetAgain","player_choice":"Paid Gold","floor":5.0,"gold_loss":59.0,"damage_taken":0.0,"relics_obtained":["Meat on the Bone"]},{"damage_healed":0.0,"max_hp_gain":0.0,"max_hp_loss":24.0,"gold_gain":0.0,"event_name":"Vampires","player_choice":"Became a vampire","floor":21.0,"gold_loss":0.0,"damage_taken":0.0,"cards_obtained":["Bite","Bite","Bite","Bite","Bite"]},{"damage_healed":0.0,"max_hp_gain":0.0,"max_hp_loss":0.0,"gold_gain":0.0,"event_name":"Nest","player_choice":"Joined the Cult","floor":30.0,"gold_loss":0.0,"damage_taken":6.0,"cards_obtained":["RitualDagger"]},{"damage_healed":0.0,"max_hp_gain":0.0,"max_hp_loss":0.0,"gold_gain":0.0,"event_name":"Addict","player_choice":"Obtained Relic","floor":31.0,"gold_loss":85.0,"damage_taken":0.0,"relics_obtained":["Dream Catcher"]},{"damage_healed":0.0,"max_hp_gain":0.0,"max_hp_loss":0.0,"gold_gain":75.0,"event_name":"FaceTrader","player_choice":"Touch","floor":36.0,"gold_loss":0.0,"damage_taken":7.0}],"is_beta":false,"boss_relics":[{"not_picked":["Astrolabe","White Beast Statue"],"picked":"Philosopher\u0027s Stone"},{"not_picked":["Black Blood","Eternal Feather"],"picked":"Calling Bell"}],"items_purged_floors":[14,38],"is_endless":false,"potions_floor_spawned":[6,8,12,22,24,27,33],"killed_by":"Giant Head","ascension_level":0}