{"gold_per_floor":[118,137,156,171,171,171,185,210,210,210,230,230,230,246,246,319,319,333,333,333,346,271,271,285,180,254,272,285,285,42,62,62,62],"floor_reached":33,"playtime":2163,"items_purged":[],"score":527,"play_id":"12e939ce-0f78-4bbd-ae7d-1b9104d14aed","local_time":"20190824122055","is_ascension_mode":true,"campfire_choices":[{"data":"Ball Lightning","floor":6,"key":"SMITH"},{"floor":10,"key":"REST"},{"floor":12,"key":"REST"},{"floor":15,"key":"REST"},{"data":"Darkness","floor":23,"key":"SMITH"},{"data":"Enlightenment","floor":29,"key":"SMITH"},{"floor":32,"key":"REST"}],"neow_cost":"NONE","seed_source_timestamp":278742403879800,"circlet_count":0,"master_deck":["AscendersBane","Defend_B","Zap","Dualcast","Double Energy","Rebound","Ball Lightning+1","Hologram","Self Repair","Core Surge","Glacier","Glacier","Multi-Cast","Consume","Darkness+1","Reprogram","Hologram","Tempest","Bite","Bite","Bite","Bite","Bite","Compile Driver","Thunder Strike","Chill","Double Energy","Enlightenment+1","Skim+1","Reinforced Body+1","Redo+1","Buffer+1"],"relics":["Cracked Core","Pen Nib","Bird Faced Urn","Frozen Egg 2","Orrery","Toxic Egg 2","Chemical X"],"potions_floor_usage":[8,8,16,24,27,31],"damage_taken":[{"damage":16,"enemies":"Small Slimes","floor":1,"turns":3},{"damage":2,"enemies":"Cultist","floor":2,"turns":4},{"damage":2,"enemies":"2 Louse","floor":3,"turns":2},{"damage":2,"enemies":"Exordium Wildlife","floor":4,"turns":3},{"damage":13,"enemies":"Blue Slaver","floor":7,"turns":3},{"damage":8,"enemies":"Gremlin Nob","floor":8,"turns":3},{"damage":22,"enemies":"Gremlin Gang","floor":11,"turns":4},{"damage":26,"enemies":"Exordium Thugs","floor":14,"turns":5},{"damage":37,"enemies":"The Guardian","floor":16,"turns":20},{"damage":24,"enemies":"Shell Parasite","floor":18,"turns":11},{"damage":1,"enemies":"Spheric Guardian","floor":21,"turns":8},{"damage":32,"enemies":"Centurion and Healer","floor":24,"turns":12},{"damage":31,"enemies":"Cultist and Chosen","floor":27,"turns":7},{"damage":7,"enemies":"Snecko","floor":28,"turns":7},{"damage":18,"enemies":"3 Cultists","floor":31,"turns":3},{"damage":89,"enemies":"Automaton","floor":33,"turns":6}],"seed_played":"6273365388628915596","potions_obtained":[{"floor":1,"key":"Swift Potion"},{"floor":7,"key":"SteroidPotion"},{"floor":14,"key":"Block Potion"},{"floor":16,"key":"SpeedPotion"},{"floor":21,"key":"Fire Potion"},{"floor":27,"key":"AttackPotion"},{"floor":28,"key":"SteroidPotion"}],"is_trial":false,"path_per_floor":["M","M","M","M","?","R","M","E","T","R","M","R","?","M","R","B",null,"M","?","?","M","?","R","M","$","T","M","M","R","$","M","R","B"],"character_chosen":"DEFECT","items_purchased":["Enlightenment","Chemical X","Redo+1"],"campfire_rested":4,"item_purchase_floors":[25,30,30],"current_hp_per_floor":[48,46,44,42,42,42,29,21,21,42,20,41,34,17,38,10,56,41,41,41,49,49,49,49,49,49,26,32,32,32,25,39,0],"gold":62,"neow_bonus":"RANDOM_COMMON_RELIC","is_prod":false,"is_daily":false,"chose_seed":false,"campfire_upgraded":3,"win_rate":0,"timestamp":1566616855,"path_taken":["M","M","M","M","?","R","?","E","T","R","M","R","?","M","R","BOSS","M","?","?","M","?","R","M","$","T","M","M","R","$","?","R","BOSS"],"build_version":"2019-07-17","purchased_purges":0,"victory":false,"max_hp_per_floor":[71,71,71,71,71,71,71,71,71,71,71,71,71,71,71,71,71,71,49,49,49,49,49,49,49,49,49,49,49,49,49,49,49],"card_choices":[{"not_picked":["Loop","Barrage"],"picked":"Double Energy","floor":1},{"not_picked":["Recycle","Turbo"],"picked":"Rebound","floor":2},{"not_picked":["Go for the Eyes","Recycle"],"picked":"Ball Lightning","floor":3},{"not_picked":["Scrape","Gash"],"picked":"Hologram","floor":4},{"not_picked":["Go for the Eyes","Echo Form"],"picked":"Self Repair","floor":7},{"not_picked":["Stack","Static Discharge"],"picked":"Core Surge","floor":8},{"not_picked":["Conserve Battery","Turbo"],"picked":"Glacier","floor":11},{"not_picked":["Rebound","Fusion"],"picked":"Glacier","floor":14},{"not_picked":["Thunder Strike","Meteor Strike"],"picked":"Multi-Cast","floor":16},{"not_picked":["Tempest","Ball Lightning"],"picked":"Consume","floor":17},{"not_picked":["Hologram","Skim"],"picked":"Darkness","floor":17},{"not_picked":["Force Field","Cold Snap"],"picked":"Reprogram","floor":17},{"not_picked":["Beam Cell","Turbo"],"picked":"Hologram","floor":17},{"not_picked":["Turbo","Scrape"],"picked":"Tempest","floor":17},{"not_picked":["Barrage","Reprogram","Steam+1"],"picked":"SKIP","floor":18},{"not_picked":["Redo","Sunder"],"picked":"Chill","floor":21},{"not_picked":["Gash","Compile Driver"],"picked":"Double Energy","floor":24},{"not_picked":["Aggregate+1","Barrage"],"picked":"Skim+1","floor":27},{"not_picked":["Rebound","Leap+1"],"picked":"Reinforced Body+1","floor":28},{"not_picked":["Cold Snap","Aggregate+1"],"picked":"Buffer+1","floor":31}],"player_experience":809375,"relics_obtained":[{"floor":8,"key":"Bird Faced Urn"},{"floor":9,"key":"Frozen Egg 2"},{"floor":26,"key":"Toxic Egg 2"}],"event_choices":[{"cards_removed":["Strike_B"],"damage_healed":0,"gold_gain":0,"player_choice":"Purged","damage_taken":0,"max_hp_gain":0,"max_hp_loss":0,"event_name":"Purifier","floor":5,"gold_loss":0},{"cards_removed":["Strike_B"],"damage_healed":0,"gold_gain":0,"player_choice":"Card Removal","damage_taken":7,"max_hp_gain":0,"max_hp_loss":0,"event_name":"Golden Wing","floor":13,"gold_loss":0},{"damage_healed":0,"gold_gain":0,"player_choice":"Became a vampire","damage_taken":0,"max_hp_gain":0,"max_hp_loss":22,"event_name":"Vampires","floor":19,"gold_loss":0,"cards_obtained":["Bite","Bite","Bite","Bite","Bite"]},{"damage_healed":0,"gold_gain":0,"cards_transformed":["Defend_B","Defend_B"],"player_choice":"Became Test Subject","damage_taken":0,"max_hp_gain":0,"max_hp_loss":0,"event_name":"Drug Dealer","floor":20,"gold_loss":0,"cards_obtained":["Compile Driver","Thunder Strike"]},{"cards_removed":["Defend_B"],"damage_healed":0,"gold_gain":0,"player_choice":"Gave Gold","damage_taken":0,"max_hp_gain":0,"max_hp_loss":0,"event_name":"Beggar","floor":22,"gold_loss":75}],"is_beta":false,"boss_relics":[{"not_picked":["Coffee Dripper","Eternal Feather"],"picked":"Orrery"}],"items_purged_floors":[],"is_endless":false,"potions_floor_spawned":[1,7,14,16,21,27,28],"killed_by":"Automaton","ascension_level":20}