{"gold_per_floor":[18,35,0,16,35,35,69,69,69,69,84,99,99,21,21,21],"floor_reached":16,"playtime":762,"items_purged":[],"score":189,"play_id":"2cb7e45f-35a8-45ce-bbd5-120ae66de19d","local_time":"20190804221015","is_ascension_mode":true,"campfire_choices":[{"data":"Neutralize","floor":6,"key":"SMITH"},{"data":"Venomology","floor":8,"key":"SMITH"},{"data":"Terror","floor":10,"key":"SMITH"},{"floor":13,"key":"REST"},{"data":"Sucker Punch","floor":15,"key":"SMITH"}],"neow_cost":"NO_GOLD","seed_source_timestamp":148632490309400,"circlet_count":0,"master_deck":["AscendersBane","Strike_G","Strike_G","Strike_G","Strike_G","Strike_G","Defend_G","Defend_G","Defend_G","Defend_G","Defend_G","Survivor","Neutralize+1","Venomology+1","Blur","Calculated Gamble","Sucker Punch+1","Escape Plan","Terror+1","Predator","All Out Attack","Footwork"],"special_seed":0,"relics":["Ring of the Snake","Lantern","Blue Candle"],"potions_floor_usage":[5,7,7,12,16,16,16],"damage_taken":[{"damage":1.0,"enemies":"2 Louse","floor":1.0,"turns":3.0},{"damage":4.0,"enemies":"Small Slimes","floor":2.0,"turns":9.0},{"damage":0.0,"enemies":"Jaw Worm","floor":4.0,"turns":6.0},{"damage":15,"enemies":"Red Slaver","floor":5,"turns":4},{"damage":20,"enemies":"Gremlin Nob","floor":7,"turns":4},{"damage":2,"enemies":"Large Slime","floor":11,"turns":9},{"damage":7,"enemies":"Blue Slaver","floor":12,"turns":4},{"damage":39,"enemies":"Slime Boss","floor":16,"turns":8}],"seed_played":"3343012909037589842","potions_obtained":[{"floor":4,"key":"Weak Potion"},{"floor":7,"key":"Poison Potion"},{"floor":12,"key":"Strength Potion"}],"is_trial":false,"path_per_floor":["M","M","?","M","M","R","E","R","T","R","M","M","R","$","R","B"],"character_chosen":"THE_SILENT","items_purchased":["Footwork"],"campfire_rested":1,"item_purchase_floors":[14],"current_hp_per_floor":[58,54,66,66,51,51,31,31,31,31,29,22,41,41,41,2],"gold":21,"neow_bonus":"THREE_RARE_CARDS","is_prod":false,"is_daily":false,"chose_seed":false,"campfire_upgraded":4,"win_rate":0,"timestamp":1564924215,"path_taken":["M","M","?","M","M","R","E","R","T","R","M","M","R","$","R","BOSS"],"build_version":"2019-07-17","purchased_purges":0,"victory":false,"max_hp_per_floor":[66,66,66,66,66,66,66,66,66,66,66,66,66,66,66,66],"card_choices":[{"not_picked":["A Thousand Cuts","Envenom"],"picked":"Venomology","floor":0.0},{"not_picked":["Reflex","Deflect"],"picked":"Blur","floor":1.0},{"not_picked":["Deflect","Deadly Poison"],"picked":"Calculated Gamble","floor":2.0},{"not_picked":["Endless Agony","Expertise"],"picked":"Sucker Punch","floor":4},{"not_picked":["PiercingWail","Dagger Throw"],"picked":"Escape Plan","floor":5},{"not_picked":["Flechettes","Dodge and Roll"],"picked":"Terror","floor":7},{"not_picked":["Dodge and Roll","Dagger Throw"],"picked":"Predator","floor":11},{"not_picked":["Calculated Gamble","Eviscerate"],"picked":"All Out Attack","floor":12}],"player_experience":566828,"relics_obtained":[{"floor":7,"key":"Lantern"},{"floor":9,"key":"Blue Candle"}],"event_choices":[{"damage_healed":16.0,"max_hp_gain":0.0,"max_hp_loss":0.0,"gold_gain":0.0,"event_name":"The Cleric","player_choice":"Healed","floor":3.0,"gold_loss":35.0,"damage_taken":0.0}],"is_beta":false,"boss_relics":[],"items_purged_floors":[],"is_endless":false,"potions_floor_spawned":[4,7,12],"killed_by":"Slime Boss","ascension_level":17}