{"path_per_floor":["M","?","M","?","M","R","E","R","T","E","M","$","M","M","R","B",null,"M","M","$","M","M","R","E","R","T","M","?","R","?","M","R"],"character_chosen":"DEFECT","items_purchased":["Pear"],"gold_per_floor":[114,189,202,275,286,286,316,316,391,420,440,186,197,217,217,314,314,332,344,344,361,371,371,404,404,404,422,422,422,345,361,361,361],"floor_reached":33,"campfire_rested":7,"playtime":1848,"current_hp_per_floor":[69,58,51,51,51,73,25,47,47,28,18,28,22,25,50,15,85,85,75,75,57,37,62,11,36,36,20,20,45,45,38,63,0],"items_purged":[],"gold":361,"score":279,"play_id":"e732fe60-c527-486e-99c3-d1e7344b34ec","local_time":"20180504011648","is_prod":false,"is_daily":false,"chose_seed":false,"is_ascension_mode":false,"campfire_upgraded":0,"timestamp":1525367808,"path_taken":["M","?","M","?","M","R","E","R","T","E","M","?","M","M","R","BOSS","M","M","$","M","M","R","E","R","T","M","?","R","?","M","R","BOSS"],"build_version":"2018-05-02","seed_source_timestamp":49115313793116,"purchased_purges":0,"victory":false,"master_deck":["Strike_B","Strike_B","Strike_B","Strike_B","Defend_B","Defend_B","Defend_B","Defend_B","Zap","Dualcast","Streamline","Leap","White Noise","Echo Form","Ball Lightning","Self Repair","Conserve Battery","Redo","Leap","Defragment","Gash","Streamline+1","Melter+1","Decay","J.A.X."],"max_hp_per_floor":[75,75,75,75,75,75,75,75,75,75,75,85,85,85,85,85,85,85,85,85,85,85,85,85,85,85,85,85,85,85,85,85,85],"relics":["Cracked Core","Bag of Preparation","Ornamental Fan","Girya","Pear","Velvet Choker","Peace Pipe","Centennial Puzzle"],"card_choices":[{"not_picked":["BootSequence","Blizzard"],"picked":"Streamline","floor":1},{"not_picked":["Impulse","Loop"],"picked":"Leap","floor":3},{"not_picked":["Rebound","Scrape"],"picked":"White Noise","floor":5},{"not_picked":["Rip and Tear","Genetic Algorithm"],"picked":"Echo Form","floor":7},{"not_picked":["Auto Shields","Leap"],"picked":"Ball Lightning","floor":10},{"not_picked":["BootSequence","Beam Cell"],"picked":"Self Repair","floor":13},{"not_picked":["Barrage","Hologram"],"picked":"Conserve Battery","floor":14},{"not_picked":["Multi-Cast","Machine Learning"],"picked":"Redo","floor":16},{"not_picked":["Barrage","Prime"],"picked":"Leap","floor":19},{"not_picked":["Scrape","Streamline"],"picked":"Defragment","floor":21},{"not_picked":["Chill","Skim"],"picked":"Gash","floor":22},{"not_picked":["Stack","Coolheaded"],"picked":"Streamline","floor":24},{"not_picked":["Cold Snap","Skim"],"picked":"Melter","floor":27}],"player_experience":4284,"potions_floor_usage":[5,10,10,18,19,22,33],"damage_taken":[{"damage":6,"enemies":"Jaw Worm","floor":1,"turns":2},{"damage":7,"enemies":"Small Slimes","floor":3,"turns":3},{"damage":0,"enemies":"2 Louse","floor":5,"turns":2},{"damage":48,"enemies":"Gremlin Nob","floor":7,"turns":5},{"damage":19,"enemies":"3 Sentries","floor":10,"turns":5},{"damage":10,"enemies":"Looter","floor":11,"turns":2},{"damage":6,"enemies":"Exordium Wildlife","floor":13,"turns":4},{"damage":4,"enemies":"Blue Slaver","floor":14,"turns":3},{"damage":42,"enemies":"Hexaghost","floor":16,"turns":10},{"damage":2,"enemies":"Shell Parasite","floor":18,"turns":6},{"damage":17,"enemies":"Spheric Guardian","floor":19,"turns":4},{"damage":25,"enemies":"Snake Plant","floor":21,"turns":5},{"damage":20,"enemies":"3 Cultists","floor":22,"turns":4},{"damage":58,"enemies":"Gremlin Leader","floor":24,"turns":10},{"damage":23,"enemies":"Chosen and Byrds","floor":27,"turns":6},{"damage":21,"enemies":"Snake Plant","floor":31,"turns":4},{"damage":81,"enemies":"Champ","floor":33,"turns":9}],"event_choices":[{"event_name":"World of Goop","player_choice":"Gather Gold","floor":2,"damage_taken":0},{"event_name":"Golden Wing","player_choice":"Gained Gold","floor":4,"damage_taken":0},{"event_name":"Forgotten Altar","player_choice":"Smashed Altar","floor":28,"damage_taken":0},{"event_name":"Drug Dealer","player_choice":"Got JAXXED","floor":30,"damage_taken":0}],"boss_relics":[{"not_picked":["Orrery","Ectoplasm"],"picked":"Velvet Choker"}],"potions_floor_spawned":[1,3,7,14,16,21,27,31],"seed_played":"5983016479654036505","killed_by":"Champ","ascension_level":0,"is_trial":false}