{"gold_per_floor":[115,133,147,165,165,165,184,216,243,269,269,269,14,30,30,134,134,149,149,183,201,211,211,241,241,318,318,52,62,62,89,89,194,194,207,82,82,96,22,56,66,66,93,148,148,165,165,183,183,183,183,183,56,87,87],"floor_reached":56,"playtime":3929,"items_purged":["Strike_R","Strike_R","Dual Wield"],"score":1556,"play_id":"59fc8e1a-4f2f-4c4c-8c95-1a1646dd429d","local_time":"20190716085134","is_ascension_mode":true,"campfire_choices":[{"data":"Shrug It Off","floor":6,"key":"SMITH"},{"data":"Whirlwind","floor":15,"key":"SMITH"},{"floor":23,"key":"REST"},{"floor":27,"key":"REST"},{"data":"Corruption","floor":30,"key":"SMITH"},{"data":"True Grit","floor":32,"key":"SMITH"},{"floor":42,"key":"RECALL"},{"data":"Corruption","floor":49,"key":"SMITH"},{"data":"Barricade","floor":52,"key":"SMITH"}],"neow_cost":"PERCENT_DAMAGE","seed_source_timestamp":177676086460600,"circlet_count":0,"master_deck":["Strike_R","Strike_R","Defend_R+1","Defend_R","Defend_R","Defend_R","Bash","Immolate","Spot Weakness+1","Heavy Blade","Shrug It Off+1","Clothesline","Whirlwind+1","Pummel","Limit Break","True Grit+1","Entrench","Inflame","Spot Weakness","Offering","Heavy Blade","Necronomicurse","Uppercut","Rage+1","Corruption+1","Second Wind","Panacea","Heavy Blade+1","Barricade+1","Feel No Pain+1","Offering","Flex+1","Corruption+1","Reaper","Warcry+1","Shrug It Off+1","Impervious"],"relics":["Burning Blood","Dead Branch","Ancient Tea Set","War Paint","Runic Pyramid","Necronomicon","Red Mask","PreservedInsect","Bottled Flame","Dodecahedron","Philosopher\u0027s Stone","Strawberry","Prayer Wheel","Blood Vial"],"potions_floor_usage":[8,8,22,22,33,40,46,55],"damage_taken":[{"damage":3,"enemies":"2 Louse","floor":1,"turns":2},{"damage":9,"enemies":"Jaw Worm","floor":2,"turns":3},{"damage":7,"enemies":"Small Slimes","floor":3,"turns":3},{"damage":0,"enemies":"Exordium Wildlife","floor":4,"turns":2},{"damage":0,"enemies":"2 Fungi Beasts","floor":7,"turns":1},{"damage":12,"enemies":"Gremlin Nob","floor":8,"turns":3},{"damage":34,"enemies":"Lagavulin","floor":10,"turns":10},{"damage":3,"enemies":"Looter","floor":14,"turns":3},{"damage":31,"enemies":"Hexaghost","floor":16,"turns":6},{"damage":12,"enemies":"Chosen","floor":18,"turns":3},{"damage":6,"enemies":"Masked Bandits","floor":20,"turns":1},{"damage":18,"enemies":"3 Byrds","floor":21,"turns":4},{"damage":4,"enemies":"Centurion and Healer","floor":22,"turns":4},{"damage":25,"enemies":"Book of Stabbing","floor":24,"turns":3},{"damage":0,"enemies":"Snecko","floor":29,"turns":2},{"damage":0,"enemies":"Slavers","floor":31,"turns":1},{"damage":5,"enemies":"Automaton","floor":33,"turns":4},{"damage":0,"enemies":"3 Darklings","floor":35,"turns":1},{"damage":0,"enemies":"3 Shapes","floor":38,"turns":1},{"damage":0,"enemies":"Nemesis","floor":40,"turns":1},{"damage":0,"enemies":"Transient","floor":41,"turns":5},{"damage":0,"enemies":"2 Orb Walkers","floor":44,"turns":1},{"damage":11,"enemies":"4 Shapes","floor":46,"turns":3},{"damage":6,"enemies":"Spire Growth","floor":48,"turns":2},{"damage":27,"enemies":"Awakened One","floor":50,"turns":4},{"damage":14,"enemies":"Shield and Spear","floor":54,"turns":2},{"damage":7,"enemies":"The Heart","floor":55,"turns":6}],"seed_played":"-7972037849821063507","potions_obtained":[{"floor":1,"key":"Energy Potion"},{"floor":7,"key":"Fire Potion"},{"floor":8,"key":"Fire Potion"},{"floor":16,"key":"Weak Potion"},{"floor":21,"key":"EssenceOfSteel"},{"floor":24,"key":"FearPotion"},{"floor":29,"key":"Poison Potion"},{"floor":38,"key":"FairyPotion"},{"floor":41,"key":"SpeedPotion"},{"floor":48,"key":"GamblersBrew"}],"is_trial":false,"path_per_floor":["M","M","M","M","?","R","M","E","T","E","?","?","$","M","R","B",null,"M","?","?","M","M","R","E","?","T","R","$","M","R","E","R","B",null,"M","$","?","M","$","E","M","R","T","?","$","M","$","M","R","B",null,"R","$","E","B",null],"character_chosen":"IRONCLAD","items_purchased":["True Grit","Entrench","Inflame","Second Wind","Panacea","Corruption","Weak Potion","Regen Potion"],"campfire_rested":2,"item_purchase_floors":[13,13,13,28,28,39,53,53],"current_hp_per_floor":[59,56,55,61,61,61,67,61,61,33,59,52,52,55,55,30,68,62,46,46,34,36,60,41,41,41,65,65,71,71,77,77,78,80,80,80,80,80,80,87,87,87,87,87,87,82,82,82,82,61,81,81,81,73,87],"gold":87,"neow_bonus":"THREE_RARE_CARDS","is_prod":false,"is_daily":false,"chose_seed":false,"campfire_upgraded":6,"win_rate":0,"timestamp":1563234694,"path_taken":["M","M","M","M","?","R","M","E","T","E","?","?","$","M","R","BOSS","M","?","?","M","M","R","E","?","T","R","$","M","R","E","R","BOSS","M","$","?","M","$","E","?","R","T","?","?","M","$","?","R","BOSS","R","$","E","BOSS"],"build_version":"2019-07-05","purchased_purges":3,"victory":true,"max_hp_per_floor":[80,80,80,80,80,80,80,80,80,80,80,80,80,80,80,80,80,80,80,80,80,80,80,80,80,80,80,80,80,80,80,80,80,80,80,80,80,80,80,87,87,87,87,87,87,87,87,87,87,87,87,87,87,87,87],"card_choices":[{"not_picked":["Impervious","Bludgeon"],"picked":"Immolate","floor":0},{"not_picked":["Blood for Blood","Twin Strike"],"picked":"Spot Weakness","floor":1},{"not_picked":["Feel No Pain","Anger"],"picked":"Heavy Blade","floor":2},{"not_picked":["Iron Wave","Headbutt"],"picked":"Shrug It Off","floor":3},{"not_picked":["Havoc","Iron Wave"],"picked":"Clothesline","floor":4},{"not_picked":["Spot Weakness","True Grit"],"picked":"Whirlwind","floor":7},{"not_picked":["Havoc","Seeing Red"],"picked":"Pummel","floor":8},{"not_picked":["Thunderclap","Twin Strike"],"picked":"Limit Break","floor":10},{"not_picked":["Pummel","Flex"],"picked":"Spot Weakness","floor":14},{"not_picked":["Limit Break","Berserk"],"picked":"Offering","floor":16},{"not_picked":["Thunderclap","Fire Breathing+1"],"picked":"Heavy Blade","floor":18},{"not_picked":["Iron Wave","Wild Strike"],"picked":"Uppercut","floor":20},{"not_picked":["Brutality","Twin Strike","Anger"],"picked":"SKIP","floor":21},{"not_picked":["Shockwave","Sword Boomerang+1"],"picked":"Rage+1","floor":22},{"not_picked":["Sentinel","Reckless Charge","Rage"],"picked":"SKIP","floor":24},{"not_picked":["Disarm","Armaments+1"],"picked":"Heavy Blade+1","floor":29},{"not_picked":["Dropkick+1","Reckless Charge+1"],"picked":"Dual Wield","floor":31},{"not_picked":["Double Tap","Impervious"],"picked":"Barricade","floor":33},{"not_picked":["Perfected Strike+1","Cleave+1"],"picked":"Feel No Pain+1","floor":35},{"not_picked":["Hemokinesis","Perfected Strike"],"picked":"Flex+1","floor":38},{"not_picked":["Iron Wave+1","Clash+1"],"picked":"Reaper","floor":40},{"not_picked":["Reckless Charge+1","Anger","Ghostly Armor"],"picked":"SKIP","floor":41},{"not_picked":["Pommel Strike","Armaments"],"picked":"Warcry+1","floor":44},{"not_picked":["Dark Embrace","Iron Wave"],"picked":"Shrug It Off+1","floor":46},{"not_picked":["Anger+1","Body Slam+1","Shockwave"],"picked":"SKIP","floor":46},{"not_picked":["Thunderclap","Body Slam","Fire Breathing+1"],"picked":"SKIP","floor":48},{"not_picked":["Warcry","Clothesline","Flex"],"picked":"SKIP","floor":48},{"not_picked":["Offering","Bloodletting"],"picked":"Impervious","floor":54}],"player_experience":354073,"relics_obtained":[{"floor":8,"key":"Dead Branch"},{"floor":9,"key":"Ancient Tea Set"},{"floor":10,"key":"War Paint"},{"floor":19,"key":"Necronomicon"},{"floor":20,"key":"Red Mask"},{"floor":24,"key":"PreservedInsect"},{"floor":26,"key":"Bottled Flame"},{"floor":31,"key":"Dodecahedron"},{"floor":40,"key":"Strawberry"},{"floor":44,"key":"Prayer Wheel"},{"floor":54,"key":"Blood Vial"}],"event_choices":[{"damage_healed":0,"gold_gain":0,"player_choice":"Ignored","damage_taken":0,"max_hp_gain":0,"max_hp_loss":0,"event_name":"Liars Game","floor":5,"gold_loss":0},{"damage_healed":26,"gold_gain":0,"player_choice":"Banana","damage_taken":0,"max_hp_gain":0,"max_hp_loss":0,"event_name":"Big Fish","floor":11,"gold_loss":0},{"cards_removed":["Strike_R"],"damage_healed":0,"gold_gain":0,"player_choice":"Card Removal","damage_taken":7,"max_hp_gain":0,"max_hp_loss":0,"event_name":"Golden Wing","floor":12,"gold_loss":0},{"damage_healed":0,"gold_gain":0,"player_choice":"Obtained Book","damage_taken":16,"max_hp_gain":0,"max_hp_loss":0,"event_name":"Cursed Tome","floor":19,"gold_loss":0},{"damage_healed":0,"gold_gain":0,"player_choice":"Fought Bandits","damage_taken":0,"max_hp_gain":0,"max_hp_loss":0,"event_name":"Masked Bandits","floor":20,"gold_loss":0},{"damage_healed":0,"gold_gain":0,"player_choice":"Read","damage_taken":0,"max_hp_gain":0,"max_hp_loss":0,"event_name":"The Library","floor":25,"gold_loss":0,"cards_obtained":["Corruption"]},{"damage_healed":0,"gold_gain":0,"player_choice":"Copied","damage_taken":0,"max_hp_gain":0,"max_hp_loss":0,"event_name":"Duplicator","floor":37,"gold_loss":0,"cards_obtained":["Offering"]},{"damage_healed":0,"gold_gain":0,"player_choice":"Fight","damage_taken":0,"max_hp_gain":0,"max_hp_loss":0,"event_name":"Mysterious Sphere","floor":44,"gold_loss":0}],"is_beta":false,"boss_relics":[{"not_picked":["Lizard Tail","Calling Bell"],"picked":"Runic Pyramid"},{"not_picked":["Coffee Dripper","Runic Cube"],"picked":"Philosopher\u0027s Stone"}],"items_purged_floors":[13,28,36],"is_endless":false,"potions_floor_spawned":[1,7,8,16,21,24,29,38,41,48],"ascension_level":5}