{"gold_per_floor":[115,115,115,132,132,161,61,76,76,76,92,111,111,111,111,206,206,220,174,187,187,118,118,135,151,151,102,102,116,116,126,126,126],"floor_reached":33,"playtime":2367,"items_purged":[],"score":247,"play_id":"4fe698e4-863c-4dbe-9b3f-1ce897c4c7d0","local_time":"20181227112321","is_ascension_mode":false,"campfire_choices":[{"data":"Shrug It Off","floor":10,"key":"SMITH"},{"data":"True Grit","floor":13,"key":"SMITH"},{"data":"Clothesline","floor":15,"key":"SMITH"},{"data":"Cleave","floor":23,"key":"SMITH"},{"data":"Armaments","floor":30,"key":"SMITH"},{"data":"Body Slam","floor":32,"key":"SMITH"}],"neow_cost":"NONE","seed_source_timestamp":227734785646726,"circlet_count":0,"master_deck":["Strike_R","Strike_R+1","Defend_R","Defend_R+1","Defend_R","Defend_R","Bash","Inflame","Clothesline+1","Double Tap","Shockwave","Shrug It Off+1","Body Slam","Cleave+1","Flex","True Grit+1","Reaper","Body Slam+1","Armaments+1","Armaments+1","Heavy Blade","Double Tap","Shrug It Off","Pummel+1"],"relics":["Burning Blood","Magic Flower","Mercury Hourglass","Runic Pyramid","Thread and Needle","Pear","Calipers"],"potions_floor_usage":[],"damage_taken":[{"damage":3,"enemies":"Small Slimes","floor":1,"turns":3},{"damage":0,"enemies":"Cultist","floor":4,"turns":3},{"damage":27,"enemies":"3 Sentries","floor":6,"turns":9},{"damage":3,"enemies":"Jaw Worm","floor":8,"turns":4},{"damage":1,"enemies":"3 Louse","floor":11,"turns":2},{"damage":0,"enemies":"Lots of Slimes","floor":12,"turns":1},{"damage":43,"enemies":"Hexaghost","floor":16,"turns":12},{"damage":18,"enemies":"Shell Parasite","floor":18,"turns":6},{"damage":19,"enemies":"3 Byrds","floor":20,"turns":4},{"damage":2,"enemies":"Centurion and Healer","floor":24,"turns":5},{"damage":21,"enemies":"3 Cultists","floor":25,"turns":5},{"damage":6,"enemies":"Sentry and Sphere","floor":29,"turns":4},{"damage":0,"enemies":"Centurion and Healer","floor":31,"turns":10},{"damage":87,"enemies":"Automaton","floor":33,"turns":14}],"seed_played":"-4774415305543571694","potions_obtained":[{"floor":12,"key":"LiquidBronze"},{"floor":16,"key":"Explosive Potion"},{"floor":18,"key":"Swift Potion"}],"is_trial":false,"path_per_floor":["M","?","?","M","?","E","$","M","T","R","M","M","R","?","R","B",null,"M","$","M","?","?","R","M","M","T","$","T","M","R","M","R","B"],"character_chosen":"IRONCLAD","items_purchased":["Shrug It Off","Body Slam","Armaments","Shrug It Off"],"campfire_rested":0,"item_purchase_floors":[7,7,19,27],"current_hp_per_floor":[80,64,64,70,70,49,49,55,55,55,63,72,72,72,72,38,80,71,71,70,70,70,70,77,65,75,75,75,78,78,87,87,0],"gold":126,"neow_bonus":"TRANSFORM_CARD","is_prod":false,"is_daily":false,"chose_seed":false,"campfire_upgraded":6,"win_rate":0,"timestamp":1545877401,"path_taken":["M","?","?","?","?","E","$","?","T","R","M","M","R","?","R","BOSS","M","?","M","?","?","R","M","?","T","$","?","M","R","M","R","BOSS"],"build_version":"2018-12-20","purchased_purges":0,"victory":false,"max_hp_per_floor":[80,80,80,80,80,80,80,80,80,80,80,80,80,80,80,80,80,80,80,80,80,80,80,80,80,90,90,90,90,90,90,90,90],"card_choices":[{"not_picked":["Iron Wave","Feel No Pain"],"picked":"Clothesline","floor":1},{"not_picked":["Metallicize","Rupture","Twin Strike"],"picked":"SKIP","floor":4},{"not_picked":["Bloodletting","Intimidate"],"picked":"Shockwave","floor":6},{"not_picked":["Anger","Iron Wave"],"picked":"Cleave","floor":8},{"not_picked":["Warcry","Sever Soul"],"picked":"Flex","floor":11},{"not_picked":["Warcry","Uppercut"],"picked":"True Grit","floor":12},{"not_picked":["Feed","Fiend Fire"],"picked":"Reaper","floor":16},{"not_picked":["Flex","Corruption"],"picked":"Body Slam","floor":18},{"not_picked":["Cleave","Anger"],"picked":"Armaments+1","floor":20},{"not_picked":["Armaments+1","Twin Strike+1"],"picked":"Heavy Blade","floor":24},{"not_picked":["Shockwave","Thunderclap"],"picked":"Double Tap","floor":25},{"not_picked":["Headbutt","Dropkick","Armaments"],"picked":"SKIP","floor":29},{"not_picked":["Clash","Rupture"],"picked":"Pummel+1","floor":31}],"player_experience":5632,"relics_obtained":[{"floor":6,"key":"Magic Flower"},{"floor":9,"key":"Mercury Hourglass"},{"floor":26,"key":"Pear"},{"floor":28,"key":"Calipers"}],"event_choices":[{"damage_healed":0,"gold_gain":0,"player_choice":"Entered Light","damage_taken":16,"max_hp_gain":0,"max_hp_loss":0,"event_name":"Shining Light","floor":2,"gold_loss":0,"cards_upgraded":["Strike_R","Defend_R"]},{"cards_removed":["Strike_R"],"damage_healed":0,"gold_gain":0,"player_choice":"Offered Basic","damage_taken":0,"max_hp_gain":0,"max_hp_loss":0,"event_name":"Bonfire Elementals","floor":3,"gold_loss":0},{"damage_healed":0,"gold_gain":0,"cards_transformed":["Strike_R"],"player_choice":"Transformed","damage_taken":0,"max_hp_gain":0,"max_hp_loss":0,"event_name":"Transmorgrifier","floor":5,"gold_loss":0,"cards_obtained":["Double Tap"]},{"damage_healed":0,"gold_gain":0,"player_choice":"Bought 0 Potions","damage_taken":0,"max_hp_gain":0,"max_hp_loss":0,"event_name":"The Woman in Blue","floor":14,"gold_loss":0},{"damage_healed":0,"gold_gain":0,"player_choice":"Ignored","damage_taken":0,"max_hp_gain":0,"max_hp_loss":0,"event_name":"Ghosts","floor":21,"gold_loss":0},{"damage_healed":0,"gold_gain":0,"player_choice":"Paid Gold","damage_taken":0,"relics_obtained":["Thread and Needle"],"max_hp_gain":0,"max_hp_loss":0,"event_name":"WeMeetAgain","floor":22,"gold_loss":69}],"is_beta":false,"boss_relics":[{"not_picked":["Ectoplasm","Eternal Feather"],"picked":"Runic Pyramid"}],"items_purged_floors":[],"is_endless":false,"potions_floor_spawned":[12,16,18,25,29,31],"killed_by":"Automaton","ascension_level":0}