{"gold_per_floor":[115,115,115,138,138,138,178,178,201,238,250,285,51,65,65,65],"floor_reached":16,"playtime":444,"items_purged":[],"score":195,"play_id":"c75ae4bc-ccee-47ca-9fdd-9b57e52dff97","local_time":"20190824070853","is_ascension_mode":true,"campfire_choices":[{"floor":6,"key":"REST"},{"data":"Redo","floor":11,"key":"SMITH"},{"data":"Go for the Eyes","floor":15,"key":"SMITH"}],"neow_cost":"NONE","seed_source_timestamp":261723106518400,"circlet_count":0,"master_deck":["AscendersBane","Strike_B","Strike_B","Strike_B","Strike_B","Defend_B+1","Defend_B","Defend_B","Defend_B+1","Zap","Dualcast","FTL","Streamline","Sunder","BootSequence","Redo+1","Conserve Battery","Conserve Battery","Go for the Eyes+1"],"special_seed":0,"relics":["Cracked Core","Golden Idol","War Paint","Bag of Marbles","Meat on the Bone","MawBank","Chemical X"],"potions_floor_usage":[16],"damage_taken":[{"damage":7.0,"enemies":"Jaw Worm","floor":1.0,"turns":3.0},{"damage":2.0,"enemies":"2 Louse","floor":4.0,"turns":2.0},{"damage":27,"enemies":"3 Sentries","floor":7,"turns":5},{"damage":0,"enemies":"Cultist","floor":10,"turns":2},{"damage":0,"enemies":"Blue Slaver","floor":12,"turns":2},{"damage":5,"enemies":"Gremlin Gang","floor":14,"turns":3},{"damage":47,"enemies":"Hexaghost","floor":16,"turns":11}],"seed_played":"-2967242049598779770","potions_obtained":[{"floor":7,"key":"GamblersBrew"},{"floor":12,"key":"SteroidPotion"}],"is_trial":false,"path_per_floor":["M","?","?","M","?","R","E","T","T","M","R","M","$","M","R","B"],"character_chosen":"DEFECT","items_purchased":["Chemical X","Conserve Battery"],"campfire_rested":1,"item_purchase_floors":[13,13],"current_hp_per_floor":[57,33,33,31,31,52,25,25,25,37,37,37,37,44,44,0],"gold":65,"neow_bonus":"THREE_CARDS","is_prod":false,"is_daily":false,"chose_seed":false,"campfire_upgraded":2,"win_rate":0,"timestamp":1566598133,"path_taken":["M","?","?","M","?","R","E","?","T","M","R","?","$","M","R","BOSS"],"build_version":"2019-07-17","purchased_purges":0,"victory":false,"max_hp_per_floor":[71,71,71,71,71,71,71,71,71,71,71,71,71,71,71,71],"card_choices":[{"not_picked":["Skim","Compile Driver"],"picked":"FTL","floor":0.0},{"not_picked":["Ball Lightning","Coolheaded"],"picked":"Streamline","floor":1.0},{"not_picked":["Stack","Leap"],"picked":"Sunder","floor":4.0},{"not_picked":["Chill","Redo"],"picked":"BootSequence","floor":7},{"not_picked":["Turbo","Sweeping Beam"],"picked":"Redo","floor":10},{"not_picked":["Meteor Strike","Blizzard"],"picked":"Conserve Battery","floor":12},{"not_picked":["Redo","Leap"],"picked":"Go for the Eyes","floor":14}],"player_experience":797049,"relics_obtained":[{"floor":7,"key":"Bag of Marbles"},{"floor":8,"key":"Meat on the Bone"},{"floor":9,"key":"MawBank"}],"event_choices":[{"damage_healed":0.0,"max_hp_gain":0.0,"max_hp_loss":0.0,"gold_gain":0.0,"event_name":"Golden Idol","player_choice":"Take Damage","floor":2.0,"gold_loss":0.0,"damage_taken":24.0,"relics_obtained":["Golden Idol"]},{"damage_healed":0.0,"max_hp_gain":0.0,"max_hp_loss":0.0,"gold_gain":0.0,"event_name":"Big Fish","player_choice":"Box","floor":3.0,"gold_loss":0.0,"damage_taken":0.0,"relics_obtained":["War Paint"],"cards_obtained":["Regret"]},{"cards_removed":["Regret"],"damage_healed":0,"gold_gain":0,"player_choice":"Forget","damage_taken":0,"max_hp_gain":0,"max_hp_loss":0,"event_name":"Living Wall","floor":5,"gold_loss":0}],"is_beta":false,"boss_relics":[],"items_purged_floors":[],"is_endless":false,"potions_floor_spawned":[7,12],"killed_by":"Hexaghost","ascension_level":19}