{"gold_per_floor":[112,58,75,86,101,133,133,83,83,83,110,126,126,144,144,249,249,261,186,202,213,232,232,157,184,184,198,198,216,236,248,248,349,349,369,269,283,283,45,45,65,90,90,90,90,90,101,111,111,111],"floor_reached":51,"playtime":4003,"items_purged":["Strike_B","Defend_B","Defend_B"],"score":928,"play_id":"3118e3f9-ca42-44e7-a48c-188a0d7f1df4","local_time":"20190820220817","is_ascension_mode":true,"campfire_choices":[{"floor":7,"key":"REST"},{"data":"Zap","floor":10,"key":"SMITH"},{"floor":15,"key":"REST"},{"floor":23,"key":"REST"},{"floor":28,"key":"REST"},{"floor":32,"key":"REST"},{"floor":40,"key":"REST"},{"floor":44,"key":"REST"},{"floor":46,"key":"REST"},{"floor":49,"key":"REST"}],"neow_cost":"NONE","seed_source_timestamp":472648052343600,"circlet_count":0,"master_deck":["Strike_B","Defend_B","Defend_B","Zap+1","Dualcast","Auto Shields","Streamline","Cold Snap","Conserve Battery","Darkness","Blizzard","Go for the Eyes","Self Repair+1","Coolheaded","Echo Form+1","BootSequence","Glacier","Glacier","Redo","Coolheaded+1","Hologram","Compile Driver+1","Capacitor+1","Skim","Buffer+1","Consume+1","Beam Cell","Zap","Defragment+1","Doom and Gloom","Ball Lightning+1","Defragment+1","Storm+1"],"relics":["Cracked Core","NeowsBlessing","Frozen Egg 2","Symbiotic Virus","Happy Flower","Fusion Hammer","Torii","Bottled Lightning","Philosopher\u0027s Stone","Anchor","Potion Belt"],"potions_floor_usage":[11,12,21,25,42,50,50],"damage_taken":[{"damage":0,"enemies":"Small Slimes","floor":1,"turns":1},{"damage":0,"enemies":"Jaw Worm","floor":3,"turns":1},{"damage":0,"enemies":"Cultist","floor":4,"turns":1},{"damage":10,"enemies":"Red Slaver","floor":5,"turns":3},{"damage":13,"enemies":"Lagavulin","floor":6,"turns":8},{"damage":7,"enemies":"3 Sentries","floor":11,"turns":8},{"damage":23,"enemies":"Gremlin Gang","floor":12,"turns":4},{"damage":10,"enemies":"Exordium Wildlife","floor":14,"turns":3},{"damage":41,"enemies":"Hexaghost","floor":16,"turns":13},{"damage":12,"enemies":"Chosen","floor":18,"turns":3},{"damage":7,"enemies":"Spheric Guardian","floor":20,"turns":4},{"damage":0,"enemies":"3 Cultists","floor":21,"turns":7},{"damage":18,"enemies":"Snake Plant","floor":22,"turns":6},{"damage":42,"enemies":"Slavers","floor":25,"turns":9},{"damage":12,"enemies":"Centurion and Healer","floor":27,"turns":8},{"damage":6,"enemies":"Snecko","floor":29,"turns":4},{"damage":24,"enemies":"Snake Plant","floor":30,"turns":4},{"damage":20,"enemies":"Sentry and Sphere","floor":31,"turns":6},{"damage":18,"enemies":"Champ","floor":33,"turns":14},{"damage":9,"enemies":"Orb Walker","floor":35,"turns":7},{"damage":11,"enemies":"3 Darklings","floor":37,"turns":8},{"damage":22,"enemies":"4 Shapes","floor":41,"turns":6},{"damage":29,"enemies":"Reptomancer","floor":42,"turns":9},{"damage":8,"enemies":"Sphere and 2 Shapes","floor":47,"turns":8},{"damage":18,"enemies":"Jaw Worm Horde","floor":48,"turns":5},{"damage":43,"enemies":"Time Eater","floor":50,"turns":12}],"seed_played":"9178486685561744640","potions_obtained":[{"floor":3,"key":"Poison Potion"},{"floor":5,"key":"Fire Potion"},{"floor":18,"key":"PowerPotion"},{"floor":20,"key":"PowerPotion"},{"floor":33,"key":"Ancient Potion"},{"floor":35,"key":"SpeedPotion"},{"floor":41,"key":"AttackPotion"},{"floor":47,"key":"Fire Potion"}],"is_trial":false,"path_per_floor":["M","$","M","M","M","E","R","?","T","R","E","M","?","M","R","B",null,"M","$","M","M","M","R","$","E","T","M","R","M","M","M","R","B",null,"M","$","M","?","$","R","M","E","T","R","?","R","M","M","R","B",null],"character_chosen":"DEFECT","items_purchased":["Streamline","Glacier","Defragment+1","Doom and Gloom"],"campfire_rested":9,"item_purchase_floors":[2,19,39,39],"current_hp_per_floor":[68,68,68,68,58,45,67,67,67,67,60,37,37,27,49,18,61,49,49,52,62,64,75,75,43,43,41,63,57,43,33,55,47,68,69,69,68,68,68,75,63,44,44,66,66,75,75,57,75,42],"gold":111,"neow_bonus":"THREE_ENEMY_KILL","is_prod":false,"is_daily":false,"chose_seed":false,"campfire_upgraded":1,"win_rate":0,"timestamp":1566306497,"path_taken":["M","$","M","M","M","E","R","?","T","R","E","M","?","M","R","BOSS","M","?","M","M","?","R","$","E","T","M","R","?","M","M","R","BOSS","M","$","M","?","$","R","?","E","T","R","?","R","M","M","R","BOSS"],"build_version":"2019-07-17","purchased_purges":3,"victory":true,"max_hp_per_floor":[75,75,75,75,75,75,75,75,75,75,75,75,75,75,75,75,75,75,75,75,75,75,75,75,75,75,75,75,75,75,75,75,75,75,75,75,75,75,75,75,75,75,75,75,75,75,75,75,75,75],"card_choices":[{"not_picked":["Compile Driver","Undo"],"picked":"Auto Shields","floor":1},{"not_picked":["Redo","Recycle"],"picked":"Cold Snap","floor":3},{"not_picked":["Rebound","Cold Snap"],"picked":"Conserve Battery","floor":4},{"not_picked":["Steam","All For One"],"picked":"Darkness","floor":5},{"not_picked":["Steam","Auto Shields"],"picked":"Blizzard","floor":6},{"not_picked":["Streamline","Turbo"],"picked":"Go for the Eyes","floor":11},{"not_picked":["Blizzard","Scrape"],"picked":"Self Repair+1","floor":12},{"not_picked":["Turbo","Auto Shields"],"picked":"Coolheaded","floor":14},{"not_picked":["All For One","Creative AI+1"],"picked":"Echo Form+1","floor":16},{"not_picked":["Auto Shields","Conserve Battery"],"picked":"BootSequence","floor":18},{"not_picked":["Stack","Go for the Eyes"],"picked":"Glacier","floor":20},{"not_picked":["Coolheaded","Turbo","Sweeping Beam"],"picked":"SKIP","floor":21},{"not_picked":["Auto Shields","Coolheaded"],"picked":"Redo","floor":22},{"not_picked":["Fusion+1","Heatsinks+1"],"picked":"Coolheaded+1","floor":25},{"not_picked":["Stack","Leap"],"picked":"Hologram","floor":27},{"not_picked":["Chaos","Heatsinks+1"],"picked":"Compile Driver+1","floor":29},{"not_picked":["Melter","Cold Snap"],"picked":"Capacitor+1","floor":30},{"not_picked":["Capacitor+1","Go for the Eyes"],"picked":"Skim","floor":31},{"not_picked":["Machine Learning+1","Reboot"],"picked":"Buffer+1","floor":33},{"not_picked":["Reprogram+1","Leap+1"],"picked":"Consume","floor":35},{"not_picked":["Go for the Eyes+1","Fusion+1"],"picked":"Beam Cell","floor":37},{"not_picked":["BootSequence","Sweeping Beam"],"picked":"Ball Lightning+1","floor":41},{"not_picked":["Rebound","Reprogram"],"picked":"Defragment+1","floor":42},{"not_picked":["Genetic Algorithm+1","Streamline"],"picked":"Storm+1","floor":47},{"not_picked":["Redo+1","Compile Driver","Leap"],"picked":"SKIP","floor":48}],"player_experience":179551,"relics_obtained":[{"floor":6,"key":"Frozen Egg 2"},{"floor":9,"key":"Symbiotic Virus"},{"floor":11,"key":"Happy Flower"},{"floor":25,"key":"Torii"},{"floor":26,"key":"Bottled Lightning"},{"floor":42,"key":"Anchor"},{"floor":43,"key":"Potion Belt"}],"event_choices":[{"cards_removed":["Strike_B"],"damage_healed":0,"gold_gain":0,"player_choice":"Card Removal","damage_taken":0,"max_hp_gain":0,"max_hp_loss":0,"event_name":"The Cleric","floor":8,"gold_loss":50},{"cards_removed":["Strike_B"],"damage_healed":0,"gold_gain":0,"player_choice":"Offered Basic","damage_taken":0,"max_hp_gain":0,"max_hp_loss":0,"event_name":"Bonfire Elementals","floor":13,"gold_loss":0},{"damage_healed":0,"gold_gain":0,"player_choice":"1 cards matched","damage_taken":0,"max_hp_gain":0,"max_hp_loss":0,"event_name":"Match and Keep!","floor":38,"gold_loss":0,"cards_obtained":["Zap"]},{"damage_healed":0,"gold_gain":0,"player_choice":"Forge","damage_taken":0,"max_hp_gain":0,"max_hp_loss":0,"event_name":"Accursed Blacksmith","floor":45,"gold_loss":0,"cards_upgraded":["Consume"]}],"is_beta":false,"boss_relics":[{"not_picked":["White Beast Statue","Empty Cage"],"picked":"Fusion Hammer"},{"not_picked":["Velvet Choker","Eternal Feather"],"picked":"Philosopher\u0027s Stone"}],"items_purged_floors":[24,36,39],"is_endless":false,"potions_floor_spawned":[3,5,18,20,33,35,41,47],"ascension_level":8}