{"gold_per_floor":[118,118,118,12,24,53,53,53,53,101,112,112,141,153,153,228,228,245,245],"floor_reached":19,"playtime":602,"items_purged":[],"score":400,"play_id":"c7be9ddf-2b2c-4979-946f-991be3a1d019","local_time":"20190825025239","is_ascension_mode":true,"campfire_choices":[{"floor":8,"key":"REST"},{"data":"Panacea","floor":12,"key":"SMITH"},{"floor":15,"key":"REST"}],"neow_cost":"NONE","seed_source_timestamp":332607889180400,"circlet_count":0,"master_deck":["AscendersBane","Strike_B","Strike_B+1","Strike_B","Strike_B","Defend_B","Defend_B","Defend_B","Defend_B+1","Zap+1","Dualcast","Conserve Battery+1","Reboot","Panacea+1","Rebound","Defragment+1","Self Repair","Biased Cognition","Streamline+1","Core Surge+1","Coolheaded"],"relics":["Cracked Core","NeowsBlessing","Molten Egg 2","Shuriken","War Paint","Smiling Mask","Philosopher\u0027s Stone"],"potions_floor_usage":[16,16,18],"damage_taken":[{"damage":0,"enemies":"2 Louse","floor":1,"turns":1},{"damage":0,"enemies":"Jaw Worm","floor":5,"turns":1},{"damage":0,"enemies":"Gremlin Nob","floor":6,"turns":1},{"damage":0,"enemies":"Cultist","floor":11,"turns":3},{"damage":35,"enemies":"3 Sentries","floor":13,"turns":6},{"damage":22,"enemies":"Large Slime","floor":14,"turns":6},{"damage":13,"enemies":"Hexaghost","floor":16,"turns":9},{"damage":51,"enemies":"Shell Parasite","floor":18,"turns":6},{"damage":33,"enemies":"3 Byrds","floor":19,"turns":2}],"seed_played":"-9140797140368965413","potions_obtained":[{"floor":5,"key":"FearPotion"},{"floor":11,"key":"Weak Potion"},{"floor":16,"key":"Regen Potion"}],"is_trial":false,"path_per_floor":["M","?","?","$","M","E","?","R","T","T","M","R","E","M","R","B",null,"M","M"],"character_chosen":"DEFECT","items_purchased":["Panacea"],"campfire_rested":2,"item_purchase_floors":[4],"current_hp_per_floor":[64,43,43,43,43,43,43,64,64,64,64,64,36,21,42,36,62,33,0],"gold":245,"neow_bonus":"THREE_ENEMY_KILL","is_prod":false,"is_daily":false,"chose_seed":false,"campfire_upgraded":1,"win_rate":0,"timestamp":1566669159,"path_taken":["M","?","?","$","?","E","?","R","T","?","M","R","E","M","R","BOSS","M","M"],"build_version":"2019-07-17","purchased_purges":0,"victory":false,"max_hp_per_floor":[71,71,71,71,71,71,71,71,71,71,71,71,71,71,71,71,71,71,71],"card_choices":[{"not_picked":["Stack","Coolheaded"],"picked":"Conserve Battery","floor":1},{"not_picked":["Heatsinks","Skim"],"picked":"Rebound","floor":5},{"not_picked":["Ball Lightning","Coolheaded"],"picked":"Defragment","floor":6},{"not_picked":["Coolheaded","Rebound+1"],"picked":"Self Repair","floor":11},{"not_picked":["Streamline+1","Doom and Gloom+1"],"picked":"Biased Cognition","floor":13},{"not_picked":["Stack","Compile Driver+1"],"picked":"Streamline+1","floor":14},{"not_picked":["All For One+1","Buffer"],"picked":"Core Surge+1","floor":16},{"not_picked":["Stack+1","Leap"],"picked":"Coolheaded","floor":18}],"player_experience":815111,"relics_obtained":[{"floor":6,"key":"Molten Egg 2"},{"floor":9,"key":"Shuriken"},{"floor":10,"key":"War Paint"},{"floor":13,"key":"Smiling Mask"}],"event_choices":[{"damage_healed":0,"gold_gain":0,"player_choice":"Entered Light","damage_taken":21,"max_hp_gain":0,"max_hp_loss":0,"event_name":"Shining Light","floor":2,"gold_loss":0,"cards_upgraded":["Strike_B","Zap"]},{"damage_healed":0,"gold_gain":0,"player_choice":"1 cards matched","damage_taken":0,"max_hp_gain":0,"max_hp_loss":0,"event_name":"Match and Keep!","floor":3,"gold_loss":0,"cards_obtained":["Reboot"]},{"damage_healed":0,"gold_gain":0,"player_choice":"Grow","damage_taken":0,"max_hp_gain":0,"max_hp_loss":0,"event_name":"Living Wall","floor":7,"gold_loss":0,"cards_upgraded":["Defragment"]}],"is_beta":false,"boss_relics":[{"not_picked":["Empty Cage","Orrery"],"picked":"Philosopher\u0027s Stone"}],"items_purged_floors":[],"is_endless":false,"potions_floor_spawned":[5,11,16],"killed_by":"3 Byrds","ascension_level":20}