{"gold_per_floor":[112,123,134,150,170,200,200,233,281,258,270,34,34,54,54,152,152,172,20,0,19,19,19,19,19,19,19,19,36,52,63,63,164,164,174,192,192,192,204,204],"floor_reached":40,"playtime":5154,"items_purged":[],"score":423,"play_id":"7cd623b5-0096-4bea-b824-6a008dc3d512","local_time":"20190810123607","is_ascension_mode":false,"campfire_choices":[{"floor":7.0,"key":"REST"},{"floor":11.0,"key":"REST"},{"data":"Anger","floor":13.0,"key":"SMITH"},{"data":"Rage","floor":15.0,"key":"SMITH"},{"floor":23.0,"key":"REST"},{"floor":25.0,"key":"REST"},{"data":"Demon Form","floor":27.0,"key":"SMITH"},{"floor":32,"key":"REST"}],"neow_cost":"","seed_source_timestamp":0,"circlet_count":0,"master_deck":["Strike_R+1","Strike_R+1","Strike_R+1","Strike_R+1","Strike_R+1","Defend_R+1","Defend_R+1","Defend_R+1","Defend_R+1","Bash","Pommel Strike","Corruption","Anger+1","Metallicize","Rage+1","Clothesline","Shrug It Off","Combust","Impervious","Warcry","Inflame","Demon Form+1","Flex+1","Body Slam+1","Necronomicurse","Twin Strike+1","Pommel Strike+1","Perfected Strike","Feed","Shockwave+1","Iron Wave+1","The Bomb","Secret Technique","HandOfGreed","Blind","Uppercut"],"special_seed":0,"relics":["Black Blood","Blood Vial","Question Card","MawBank","Lizard Tail","Bag of Marbles","FossilizedHelix","Darkstone Periapt","Necronomicon"],"potions_floor_usage":[30,30,33,33,35],"damage_taken":[{"damage":12.0,"enemies":"2 Louse","floor":1.0,"turns":3.0},{"damage":15.0,"enemies":"Jaw Worm","floor":2.0,"turns":4.0},{"damage":8.0,"enemies":"Small Slimes","floor":3.0,"turns":4.0},{"damage":17.0,"enemies":"3 Louse","floor":4.0,"turns":4.0},{"damage":22.0,"enemies":"Lots of Slimes","floor":5.0,"turns":6.0},{"damage":7.0,"enemies":"Lagavulin","floor":6.0,"turns":7.0},{"damage":41.0,"enemies":"3 Sentries","floor":8.0,"turns":9.0},{"damage":3.0,"enemies":"2 Fungi Beasts","floor":14.0,"turns":4.0},{"damage":60.0,"enemies":"The Guardian","floor":16.0,"turns":10.0},{"damage":27.0,"enemies":"Shell Parasite","floor":18.0,"turns":7.0},{"damage":38.0,"enemies":"3 Byrds","floor":21.0,"turns":7.0},{"damage":12,"enemies":"Centurion and Healer","floor":29,"turns":5},{"damage":17,"enemies":"Cultist and Chosen","floor":30,"turns":5},{"damage":9,"enemies":"Snecko","floor":31,"turns":6},{"damage":52,"enemies":"Champ","floor":33,"turns":11},{"damage":58,"enemies":"3 Darklings","floor":35,"turns":10},{"damage":44,"enemies":"3 Shapes","floor":36,"turns":4},{"damage":32,"enemies":"Transient","floor":39,"turns":5},{"damage":26,"enemies":"Giant Head","floor":40,"turns":6}],"seed_played":"6370872814070473513","potions_obtained":[{"floor":3.0,"key":"EssenceOfSteel"},{"floor":4.0,"key":"EssenceOfSteel"},{"floor":8.0,"key":"Energy Potion"},{"floor":14.0,"key":"Fire Potion"},{"floor":16.0,"key":"EntropicBrew"},{"floor":29,"key":"AttackPotion"},{"floor":33,"key":"Strength Potion"},{"floor":35,"key":"AttackPotion"}],"is_trial":false,"path_per_floor":["M","M","M","M","M","E","R","E","T","?","R","$","R","M","R","B",null,"M","$","?","M","T","R","?","R","T","R","?","M","M","M","R","B",null,"M","M","?","?","M","E"],"character_chosen":"IRONCLAD","items_purchased":["Combust","Impervious","Warcry","Bag of Marbles"],"campfire_rested":5,"item_purchase_floors":[12,12,12,19],"current_hp_per_floor":[74,65,63,52,36,35,59,26,26,46,70,70,70,75,75,23,80,59,59,59,29,29,53,53,77,77,77,67,63,54,53,78,34,86,38,53,43,43,23,0],"gold":204,"neow_bonus":"","is_prod":false,"is_daily":false,"chose_seed":false,"campfire_upgraded":3,"win_rate":0.0,"timestamp":1565433367,"path_taken":["M","M","M","M","M","E","R","E","T","?","R","$","R","M","R","BOSS","M","$","?","M","?","R","?","R","T","R","?","M","M","M","R","BOSS","M","M","?","?","M","E"],"build_version":"2019-07-17","purchased_purges":0,"victory":false,"max_hp_per_floor":[80,80,80,80,80,80,80,80,80,80,80,80,80,80,80,80,80,80,80,80,80,80,80,80,80,80,80,86,86,86,86,86,86,86,86,86,86,86,86,86],"card_choices":[{"not_picked":["Body Slam","Shrug It Off"],"picked":"Pommel Strike","floor":1.0},{"not_picked":["Perfected Strike","True Grit"],"picked":"Corruption","floor":2.0},{"not_picked":["Cleave","Armaments"],"picked":"Anger","floor":3.0},{"not_picked":["Anger","Headbutt"],"picked":"Metallicize","floor":4.0},{"not_picked":["Armaments","Twin Strike"],"picked":"Rage","floor":5.0},{"not_picked":["Brutality","Flex"],"picked":"Clothesline","floor":6.0},{"not_picked":["Armaments","Pommel Strike"],"picked":"Shrug It Off","floor":8.0},{"not_picked":["True Grit","Thunderclap","Perfected Strike"],"picked":"Inflame","floor":14.0},{"not_picked":["Double Tap","Dark Embrace","Bludgeon"],"picked":"Demon Form","floor":16.0},{"not_picked":["Body Slam","Sword Boomerang","Entrench"],"picked":"Flex+1","floor":18.0},{"not_picked":["Flex","Perfected Strike","Dual Wield"],"picked":"Body Slam+1","floor":21.0},{"not_picked":["Flex","Shrug It Off","Anger"],"picked":"Twin Strike+1","floor":29},{"not_picked":["Anger","Clothesline","Headbutt"],"picked":"Pommel Strike+1","floor":30},{"not_picked":["Brutality","Flex+1","Fire Breathing"],"picked":"Perfected Strike","floor":31},{"not_picked":["Berserk","Offering","Double Tap"],"picked":"Feed","floor":33},{"not_picked":["Pommel Strike+1","Iron Wave","Disarm"],"picked":"Shockwave+1","floor":35},{"not_picked":["Flex+1","True Grit","Brutality"],"picked":"Iron Wave+1","floor":36},{"not_picked":["Bandage Up","Dark Shackles","Deep Breath"],"picked":"The Bomb","floor":37},{"not_picked":["PanicButton","Purity","Master of Strategy"],"picked":"Secret Technique","floor":37},{"not_picked":["Purity","Forethought","Deep Breath"],"picked":"HandOfGreed","floor":37},{"not_picked":["Perfected Strike","Headbutt","Clothesline"],"picked":"Uppercut","floor":39}],"player_experience":0,"relics_obtained":[{"floor":6.0,"key":"Blood Vial"},{"floor":8.0,"key":"Question Card"},{"floor":9.0,"key":"MawBank"},{"floor":22.0,"key":"FossilizedHelix"},{"floor":26.0,"key":"Darkstone Periapt"},{"floor":28.0,"key":"Necronomicon"}],"event_choices":[{"damage_healed":20.0,"max_hp_gain":0.0,"max_hp_loss":0.0,"gold_gain":0.0,"event_name":"The Cleric","player_choice":"Healed","floor":10.0,"gold_loss":35.0,"damage_taken":0.0},{"damage_healed":0.0,"max_hp_gain":0.0,"max_hp_loss":0.0,"gold_gain":0.0,"event_name":"Masked Bandits","player_choice":"Paid Fearfully","floor":20.0,"gold_loss":20.0,"damage_taken":0.0},{"damage_healed":0.0,"max_hp_gain":0.0,"max_hp_loss":0.0,"gold_gain":0.0,"event_name":"Back to Basics","player_choice":"Simplicity","floor":24.0,"gold_loss":0.0,"damage_taken":0.0,"cards_upgraded":["Strike_R","Strike_R","Strike_R","Strike_R","Strike_R","Defend_R","Defend_R","Defend_R","Defend_R"]},{"damage_healed":0.0,"max_hp_gain":0.0,"max_hp_loss":0.0,"gold_gain":0.0,"event_name":"Cursed Tome","player_choice":"Obtained Book","floor":28.0,"gold_loss":0.0,"damage_taken":16.0},{"damage_healed":0,"gold_gain":0,"player_choice":"Memory 3","damage_taken":10,"max_hp_gain":0,"max_hp_loss":0,"event_name":"SensoryStone","floor":37,"gold_loss":0},{"damage_healed":0,"gold_gain":0,"player_choice":"1 cards matched","damage_taken":0,"max_hp_gain":0,"max_hp_loss":0,"event_name":"Match and Keep!","floor":38,"gold_loss":0,"cards_obtained":["Blind"]}],"is_beta":false,"boss_relics":[{"not_picked":["Coffee Dripper","Ectoplasm"],"picked":"Lizard Tail"},{"not_picked":["Cursed Key","Mark of Pain"],"picked":"Black Blood"}],"items_purged_floors":[],"is_endless":false,"potions_floor_spawned":[3,4,8,14,16,29,33,35],"killed_by":"Giant Head","ascension_level":0}