{"gold_per_floor":[112,14,14,34,48,82,140,140,140,140,152,152],"floor_reached":12,"playtime":843,"items_purged":["Parasite"],"score":86,"play_id":"61d0b3c4-bfdd-4384-ac27-fc038ea59d24","local_time":"20190703090342","is_ascension_mode":true,"campfire_choices":[{"data":"Feed","floor":8,"key":"SMITH"},{"floor":10,"key":"REST"}],"neow_cost":"CURSE","seed_source_timestamp":163067728274600,"circlet_count":0,"master_deck":["Strike_R","Strike_R","Strike_R","Strike_R","Defend_R","Defend_R","Defend_R","Defend_R","Bash","Shrug It Off","Armaments","Shockwave","Heavy Blade","Seeing Red","Feed+1","Body Slam"],"relics":["Burning Blood","FossilizedHelix","Question Card","Art of War","Dodecahedron"],"potions_floor_usage":[6],"damage_taken":[{"damage":1,"enemies":"2 Louse","floor":1,"turns":4},{"damage":2,"enemies":"Jaw Worm","floor":4,"turns":3},{"damage":0,"enemies":"Cultist","floor":5,"turns":5},{"damage":21,"enemies":"3 Sentries","floor":6,"turns":11},{"damage":27,"enemies":"Gremlin Nob","floor":7,"turns":5},{"damage":7,"enemies":"Large Slime","floor":11,"turns":8},{"damage":69,"enemies":"Lagavulin","floor":12,"turns":12}],"seed_played":"-610263882202022657","potions_obtained":[{"floor":4,"key":"LiquidBronze"}],"is_trial":false,"path_per_floor":["M","$","?","M","M","E","?","R","T","R","M","E"],"character_chosen":"IRONCLAD","items_purchased":["Armaments"],"campfire_rested":1,"item_purchase_floors":[2],"current_hp_per_floor":[80,77,70,74,77,62,41,41,41,64,67,0],"gold":152,"neow_bonus":"ONE_RARE_RELIC","is_prod":false,"is_daily":false,"chose_seed":false,"campfire_upgraded":1,"win_rate":0,"timestamp":1562112222,"path_taken":["M","$","?","M","M","E","?","R","T","R","M","E"],"build_version":"2019-07-01","purchased_purges":1,"victory":false,"max_hp_per_floor":[80,77,77,77,77,77,77,77,77,77,81,81],"card_choices":[{"not_picked":["Warcry","Clothesline"],"picked":"Shrug It Off","floor":1},{"not_picked":["Perfected Strike","Armaments"],"picked":"Shockwave","floor":4},{"not_picked":["Havoc","Blood for Blood"],"picked":"Heavy Blade","floor":5},{"not_picked":["Perfected Strike","Infernal Blade"],"picked":"Seeing Red","floor":6},{"not_picked":["Metallicize","Wild Strike","Iron Wave"],"picked":"Feed","floor":7},{"not_picked":["Twin Strike","Iron Wave","Blood for Blood"],"picked":"Body Slam","floor":11}],"player_experience":167057,"relics_obtained":[{"floor":6,"key":"Question Card"},{"floor":7,"key":"Art of War"},{"floor":9,"key":"Dodecahedron"}],"event_choices":[{"cards_removed":["Strike_R"],"damage_healed":0,"gold_gain":0,"player_choice":"Card Removal","damage_taken":7,"max_hp_gain":0,"max_hp_loss":0,"event_name":"Golden Wing","floor":3,"gold_loss":0},{"damage_healed":0,"gold_gain":0,"player_choice":"Searched \u00271\u0027 times","damage_taken":0,"max_hp_gain":0,"max_hp_loss":0,"event_name":"Dead Adventurer","floor":7,"gold_loss":0}],"is_beta":false,"boss_relics":[],"items_purged_floors":[2],"is_endless":false,"potions_floor_spawned":[4],"killed_by":"Lagavulin","ascension_level":2}