{"gold_per_floor":[114,129,144,144,159,159,174,204,204,204,22,22,97,112,112,212,212,227,227,242,242,242,242,257,257,257,272,302,577,592,3,3,103,103,118,118,218,233,0,0,30,30,30,30,30,30,30,30],"floor_reached":48,"playtime":2752,"items_purged":[],"score":528,"play_id":"113a8f34-08b2-4c92-9334-382cbfb898d6","local_time":"20181122170139","daily_mods":["Draft","Diverse","Lethality"],"is_ascension_mode":false,"campfire_choices":[{"data":"Rage","floor":6.0,"key":"SMITH"},{"floor":12.0,"key":"REST"},{"floor":15.0,"key":"REST"},{"data":"Chill","floor":23.0,"key":"SMITH"},{"data":"Aggregate","floor":25.0,"key":"SMITH"},{"floor":32,"key":"REST"},{"data":"RitualDagger","floor":40,"key":"SMITH"},{"data":"Storm","floor":44,"key":"SMITH"}],"neow_cost":"","seed_source_timestamp":0,"circlet_count":0,"master_deck":["Chill+1","Rage+1","Hologram","Conserve Battery","Sweeping Beam","Aggregate+1","PiercingWail","Go for the Eyes","Beam Cell","Gash","Leap","Ball Lightning","Go for the Eyes","Ball Lightning","Noxious Fumes","Turbo","Heel Hook","Capacitor","Electrodynamics","Fusion+1","Gash","Echo Form","PiercingWail+1","RitualDagger+1","Stack+1","Crippling Poison+1","Turbo+1","Cloak And Dagger+1","Adrenaline+1","Apotheosis+1","Venomology+1","Compile Driver+1","Shockwave+1","Storm+1","Heatsinks+1","Reprogram+1","Clumsy","Finesse+1","Panache"],"special_seed":17857,"relics":["Cracked Core","Toxic Egg 2","Juzu Bracelet","Meat on the Bone","Eternal Feather","Pantograph","Darkstone Periapt","StoneCalendar","Cursed Key","WingedGreaves","Red Mask","Unceasing Top","Potion Belt"],"potions_floor_usage":[30,30,30,33,38,41,48],"damage_taken":[{"damage":0.0,"enemies":"Small Slimes","floor":1.0,"turns":2.0},{"damage":0.0,"enemies":"2 Louse","floor":2.0,"turns":2.0},{"damage":5.0,"enemies":"Jaw Worm","floor":3.0,"turns":2.0},{"damage":9.0,"enemies":"3 Louse","floor":5.0,"turns":2.0},{"damage":0.0,"enemies":"Blue Slaver","floor":7.0,"turns":2.0},{"damage":13.0,"enemies":"Lagavulin","floor":8.0,"turns":4.0},{"damage":7.0,"enemies":"Red Slaver","floor":14.0,"turns":2.0},{"damage":40.0,"enemies":"The Guardian","floor":16.0,"turns":6.0},{"damage":14.0,"enemies":"Chosen","floor":18.0,"turns":3.0},{"damage":18.0,"enemies":"2 Thieves","floor":20.0,"turns":4.0},{"damage":17.0,"enemies":"Shelled Parasite and Fungi","floor":22.0,"turns":3.0},{"damage":39.0,"enemies":"Snecko","floor":24.0,"turns":6.0},{"damage":8.0,"enemies":"Cultist and Chosen","floor":27.0,"turns":5.0},{"damage":26.0,"enemies":"Slavers","floor":28.0,"turns":5.0},{"damage":24,"enemies":"Shelled Parasite and Fungi","floor":30,"turns":4},{"damage":11,"enemies":"Collector","floor":33,"turns":8},{"damage":2,"enemies":"3 Shapes","floor":35,"turns":5},{"damage":11,"enemies":"Mind Bloom Boss Battle","floor":37,"turns":6},{"damage":10,"enemies":"Orb Walker","floor":38,"turns":2},{"damage":54,"enemies":"Nemesis","floor":41,"turns":5},{"damage":63,"enemies":"Spire Growth","floor":48,"turns":4}],"seed_played":"8592410561029907651","potions_obtained":[{"floor":1.0,"key":"PowerPotion"},{"floor":8.0,"key":"EntropicBrew"},{"floor":14.0,"key":"FearPotion"},{"floor":16.0,"key":"Strength Potion"},{"floor":21.0,"key":"SmokeBomb"},{"floor":27.0,"key":"Weak Potion"},{"floor":28.0,"key":"Energy Potion"},{"floor":30,"key":"Dexterity Potion"},{"floor":33,"key":"FearPotion"},{"floor":38,"key":"PowerPotion"}],"is_trial":false,"path_per_floor":["M","M","M","?","M","R","M","E","T","?","$","R","?","M","R","B",null,"M","?","M","?","M","R","M","R","T","M","E","?","M","$","R","B",null,"M","?","?","M","?","R","E","?","T","R","?","?","$","M"],"character_chosen":"DEFECT","items_purchased":["Electrodynamics","Fusion+1","Adrenaline+1","StoneCalendar","Apotheosis+1","Go for the Eyes"],"campfire_rested":3,"item_purchase_floors":[11,11,31,31,31,31],"current_hp_per_floor":[75,75,70,63,54,54,54,41,41,34,34,56,45,38,60,32,75,61,55,49,49,44,59,32,47,47,39,25,31,19,19,61,70,81,79,79,70,60,60,81,39,39,45,66,61,61,61,0],"gold":30,"neow_bonus":"","is_prod":false,"is_daily":true,"chose_seed":false,"campfire_upgraded":5,"win_rate":0,"timestamp":1542873699,"path_taken":["M","M","M","?","M","R","M","E","T","?","$","R","?","M","R","BOSS","M","?","M","?","M","R","M","R","T","M","E","?","M","$","R","BOSS","M","?","?","M","?","R","E","?","T","R","?","?","?","M"],"build_version":"2018-11-15","purchased_purges":0,"victory":false,"max_hp_per_floor":[75,75,75,75,75,75,75,75,75,75,75,75,75,75,75,75,75,75,75,75,75,75,75,75,75,75,75,75,81,81,81,81,81,81,81,81,81,81,81,81,81,81,87,87,87,87,87,87],"card_choices":[{"not_picked":["Backstab","Ball Lightning"],"picked":"Chill","floor":0.0},{"not_picked":["Deflect","Flex"],"picked":"Rage","floor":0.0},{"not_picked":["True Grit","Clash"],"picked":"Pommel Strike","floor":0.0},{"not_picked":["Dagger Spray","Heavy Blade"],"picked":"Hologram","floor":0.0},{"not_picked":["Steam","Doom and Gloom"],"picked":"Conserve Battery","floor":0.0},{"not_picked":["Darkness","Anger"],"picked":"Sweeping Beam","floor":0.0},{"not_picked":["Warcry","Heavy Blade"],"picked":"Aggregate","floor":0.0},{"not_picked":["Gash","Riddle With Holes"],"picked":"PiercingWail","floor":0.0},{"not_picked":["Deadly Poison","Wild Strike"],"picked":"Rampage","floor":0.0},{"not_picked":["Conserve Battery","Sweeping Beam"],"picked":"Go for the Eyes","floor":0.0},{"not_picked":["Sword Boomerang","Choke"],"picked":"Beam Cell","floor":0.0},{"not_picked":["Heel Hook","Choke"],"picked":"Gash","floor":0.0},{"not_picked":["Entrench","Havoc"],"picked":"Leap","floor":0.0},{"not_picked":["Well Laid Plans","Eviscerate"],"picked":"Ball Lightning","floor":0.0},{"not_picked":["Dual Wield","Wild Strike"],"picked":"Go for the Eyes","floor":0.0},{"not_picked":["Flechettes","Cleave"],"picked":"Ball Lightning","floor":1.0},{"not_picked":["Entrench","Sword Boomerang"],"picked":"Noxious Fumes","floor":2.0},{"not_picked":["Accuracy","Sword Boomerang"],"picked":"Turbo","floor":3.0},{"not_picked":["Second Wind","Choke","Clash"],"picked":"SKIP","floor":5.0},{"not_picked":["Bane","Stack"],"picked":"Heel Hook","floor":7.0},{"not_picked":["Glacier","Havoc"],"picked":"Capacitor","floor":8.0},{"not_picked":["Pummel","Reflex+1"],"picked":"Gash","floor":14.0},{"not_picked":["Berserk","Unload"],"picked":"Echo Form","floor":16.0},{"not_picked":["Body Slam","Underhanded Strike"],"picked":"PiercingWail+1","floor":18.0},{"not_picked":["Finisher","Defragment"],"picked":"Stack+1","floor":20.0},{"not_picked":["Choke","Quick Slash"],"picked":"Crippling Poison+1","floor":24.0},{"not_picked":["Bane","Sucker Punch","Tactician+1"],"picked":"SKIP","floor":27.0},{"not_picked":["Redo+1","Cold Snap"],"picked":"Turbo+1","floor":28.0},{"not_picked":["Deadly Poison+1","Sentinel+1"],"picked":"Cloak And Dagger+1","floor":30},{"not_picked":["Meteor Strike","Offering+1"],"picked":"Venomology+1","floor":33},{"not_picked":["Auto Shields+1","Warcry+1"],"picked":"Compile Driver+1","floor":35},{"not_picked":["Poisoned Stab","Warcry+1"],"picked":"Storm","floor":37},{"not_picked":["Crippling Poison+1","Flechettes+1"],"picked":"Heatsinks+1","floor":38},{"not_picked":["Predator+1","Sucker Punch+1"],"picked":"Reprogram+1","floor":41},{"not_picked":["Deep Breath+1","Mind Blast"],"picked":"Finesse+1","floor":45},{"not_picked":["Secret Weapon+1","Swift Strike"],"picked":"Panache","floor":45}],"player_experience":478043,"relics_obtained":[{"floor":8.0,"key":"Toxic Egg 2"},{"floor":9.0,"key":"Juzu Bracelet"},{"floor":26.0,"key":"Pantograph"},{"floor":28.0,"key":"Darkstone Periapt"},{"floor":37,"key":"WingedGreaves"},{"floor":41,"key":"Unceasing Top"},{"floor":43,"key":"Potion Belt"}],"event_choices":[{"cards_removed":["Rampage"],"damage_healed":0.0,"max_hp_gain":0.0,"max_hp_loss":0.0,"gold_gain":0.0,"event_name":"Golden Wing","player_choice":"Card Removal","floor":4.0,"gold_loss":0.0,"damage_taken":7.0},{"damage_healed":0.0,"max_hp_gain":0.0,"max_hp_loss":0.0,"gold_gain":0.0,"event_name":"Scrap Ooze","player_choice":"Success","floor":10.0,"gold_loss":0.0,"damage_taken":7.0,"relics_obtained":["Meat on the Bone"]},{"damage_healed":0.0,"max_hp_gain":0.0,"max_hp_loss":0.0,"gold_gain":75.0,"event_name":"World of Goop","player_choice":"Gather Gold","floor":13.0,"gold_loss":0.0,"damage_taken":11.0},{"damage_healed":0.0,"max_hp_gain":0.0,"max_hp_loss":0.0,"gold_gain":0.0,"event_name":"Nest","player_choice":"Joined the Cult","floor":19.0,"gold_loss":0.0,"damage_taken":6.0,"cards_obtained":["RitualDagger"]},{"damage_healed":0.0,"max_hp_gain":0.0,"max_hp_loss":0.0,"gold_gain":0.0,"event_name":"Lab","player_choice":"Got Potions","floor":21.0,"gold_loss":0.0,"damage_taken":0.0},{"damage_healed":0.0,"max_hp_gain":0.0,"max_hp_loss":0.0,"gold_gain":275.0,"event_name":"Golden Shrine","player_choice":"Desecrate","floor":29.0,"gold_loss":0.0,"damage_taken":0.0,"cards_obtained":["Regret"]},{"damage_healed":0,"gold_gain":0,"cards_transformed":["Pommel Strike"],"player_choice":"Transformed","damage_taken":0,"max_hp_gain":0,"max_hp_loss":0,"event_name":"Transmorgrifier","floor":36,"gold_loss":0,"cards_obtained":["Shockwave"]},{"damage_healed":0,"gold_gain":0,"player_choice":"Fight","damage_taken":0,"max_hp_gain":0,"max_hp_loss":0,"event_name":"MindBloom","floor":37,"gold_loss":0},{"damage_healed":0,"gold_gain":0,"player_choice":"Paid","damage_taken":0,"relics_obtained":["Red Mask"],"max_hp_gain":0,"max_hp_loss":0,"event_name":"Tomb of Lord Red Mask","floor":39,"gold_loss":233},{"cards_removed":["Regret"],"damage_healed":0,"gold_gain":0,"player_choice":"Purged","damage_taken":0,"max_hp_gain":0,"max_hp_loss":0,"event_name":"Purifier","floor":42,"gold_loss":0},{"damage_healed":0,"gold_gain":0,"player_choice":"Memory 2","damage_taken":5,"max_hp_gain":0,"max_hp_loss":0,"event_name":"SensoryStone","floor":45,"gold_loss":0},{"cards_removed":["Go for the Eyes"],"damage_healed":0,"gold_gain":0,"player_choice":"Removed Attack","damage_taken":0,"max_hp_gain":0,"max_hp_loss":0,"event_name":"Falling","floor":46,"gold_loss":0}],"is_beta":false,"boss_relics":[{"not_picked":["Snecko Eye","Philosopher\u0027s Stone"],"picked":"Eternal Feather"},{"not_picked":["Busted Crown","FrozenCore"],"picked":"Cursed Key"}],"items_purged_floors":[],"is_endless":false,"potions_floor_spawned":[1,8,14,16,27,28,30,33,38],"killed_by":"Spire Growth","ascension_level":0}