{"gold_per_floor":[20,39,53,64,141,141,161,86,86,86,86,127,127,27,27,157,157,177,177,210,229,245,245,295,319,319,319,337,337,337,60,60,163,163,177,53,53,275,295,307,307,327,327,327,727,727,759,778,778,778],"floor_reached":51,"playtime":2680,"items_purged":["Defend_R","Injury","Strike_R"],"score":944,"play_id":"09dad8f0-03b2-499a-af4c-2ac1eef5b937","local_time":"20190827001608","is_ascension_mode":true,"campfire_choices":[{"data":"Bash","floor":6.0,"key":"SMITH"},{"data":"Shockwave","floor":10.0,"key":"SMITH"},{"data":"Shrug It Off","floor":13.0,"key":"SMITH"},{"data":"Iron Wave","floor":15.0,"key":"SMITH"},{"data":"Demon Form","floor":23.0,"key":"SMITH"},{"floor":27.0,"key":"DIG"},{"floor":30.0,"key":"DIG"},{"floor":32.0,"key":"REST"},{"floor":41.0,"key":"DIG"},{"data":"Metallicize","floor":44.0,"key":"SMITH"},{"floor":46.0,"key":"DIG"},{"floor":49.0,"key":"REST"}],"neow_cost":"NO_GOLD","seed_source_timestamp":368574457027238,"circlet_count":0,"master_deck":["Strike_R","Strike_R","Strike_R","Defend_R+1","Defend_R+1","Bash+1","Clothesline","Iron Wave+1","Shrug It Off","Shrug It Off+1","Shockwave+1","Whirlwind+1","Demon Form+1","Iron Wave+1","Armaments+1","Warcry+1","Body Slam+1","Feed+1","Metallicize+1"],"special_seed":0,"relics":["Burning Blood","Champion Belt","Unceasing Top","Bloody Idol","Molten Egg 2","Velvet Choker","Shovel","Red Mask","Calipers","War Paint","Singing Bowl","Oddly Smooth Stone","Empty Cage","Smiling Mask","Frozen Egg 2","Old Coin","Ginger","Bird Faced Urn"],"potions_floor_usage":[50,50,50],"damage_taken":[{"damage":0.0,"enemies":"Small Slimes","floor":1.0,"turns":5.0},{"damage":5.0,"enemies":"2 Louse","floor":2.0,"turns":3.0},{"damage":0.0,"enemies":"Cultist","floor":3.0,"turns":3.0},{"damage":22.0,"enemies":"3 Louse","floor":4.0,"turns":4.0},{"damage":5.0,"enemies":"2 Fungi Beasts","floor":7.0,"turns":5.0},{"damage":17.0,"enemies":"Lagavulin","floor":12.0,"turns":7.0},{"damage":51.0,"enemies":"Slime Boss","floor":16.0,"turns":13.0},{"damage":19.0,"enemies":"2 Thieves","floor":18.0,"turns":4.0},{"damage":28.0,"enemies":"Masked Bandits","floor":20.0,"turns":5.0},{"damage":0.0,"enemies":"Chosen","floor":21.0,"turns":4.0},{"damage":6.0,"enemies":"Snake Plant","floor":22.0,"turns":5.0},{"damage":3.0,"enemies":"Chosen and Byrds","floor":25.0,"turns":6.0},{"damage":9.0,"enemies":"3 Cultists","floor":28.0,"turns":4.0},{"damage":38.0,"enemies":"Champ","floor":33.0,"turns":13.0},{"damage":0.0,"enemies":"Orb Walker","floor":35.0,"turns":4.0},{"damage":7.0,"enemies":"3 Darklings","floor":39.0,"turns":5.0},{"damage":54.0,"enemies":"Transient","floor":40.0,"turns":5.0},{"damage":25.0,"enemies":"Spire Growth","floor":42.0,"turns":5.0},{"damage":9.0,"enemies":"Mind Bloom Boss Battle","floor":45.0,"turns":7.0},{"damage":21.0,"enemies":"Giant Head","floor":47.0,"turns":9.0},{"damage":2.0,"enemies":"Jaw Worm Horde","floor":48.0,"turns":4.0},{"damage":41,"enemies":"Time Eater","floor":50,"turns":11}],"seed_played":"-2297158601077036700","potions_obtained":[{"floor":4.0,"key":"Poison Potion"},{"floor":18.0,"key":"SneckoOil"},{"floor":22.0,"key":"GamblersBrew"},{"floor":28.0,"key":"FearPotion"},{"floor":33.0,"key":"SteroidPotion"},{"floor":35.0,"key":"BloodPotion"},{"floor":45.0,"key":"Block Potion"},{"floor":47.0,"key":"Strength Potion"}],"is_trial":false,"path_per_floor":["M","M","M","M","?","R","M","$","T","R","?","E","R","$","R","B",null,"M","?","?","M","M","R","?","M","T","R","M","?","R","$","R","B",null,"M","$","?","?","M","M","R","M","T","R","?","R","E","M","R","B",null],"character_chosen":"IRONCLAD","items_purchased":["Oddly Smooth Stone","Metallicize","Dexterity Potion"],"campfire_rested":2,"item_purchase_floors":[31,36,36],"current_hp_per_floor":[78,79,80,64,64,64,65,65,65,65,65,54,54,54,54,9,62,49,49,27,33,33,33,33,36,36,36,33,33,33,33,57,30,68,81,81,81,82,84,43,43,52,52,52,65,65,61,74,102,67],"gold":778,"neow_bonus":"ONE_RARE_RELIC","is_prod":false,"is_daily":false,"chose_seed":false,"campfire_upgraded":6,"win_rate":0,"timestamp":1566879368,"path_taken":["M","M","M","M","?","R","M","$","T","R","?","E","R","$","R","BOSS","M","?","?","M","M","R","?","M","T","R","?","?","R","$","R","BOSS","M","$","?","?","M","M","R","M","T","R","?","R","E","M","R","BOSS"],"build_version":"2019-07-17","purchased_purges":3,"victory":true,"max_hp_per_floor":[80,80,80,80,80,80,80,80,80,80,80,80,80,80,80,80,80,80,80,80,80,80,80,80,80,80,80,80,80,80,80,80,80,80,82,82,82,82,84,86,86,88,88,88,94,94,100,102,102,102],"card_choices":[{"not_picked":["Flex","Anger"],"picked":"Clothesline","floor":1.0},{"not_picked":["Combust","Clash"],"picked":"Iron Wave","floor":2.0},{"not_picked":["Sword Boomerang","Wild Strike"],"picked":"Shrug It Off","floor":3.0},{"not_picked":["Wild Strike","Dark Embrace"],"picked":"Shrug It Off","floor":4.0},{"not_picked":["Thunderclap","Body Slam"],"picked":"Shockwave","floor":7.0},{"not_picked":["Juggernaut","Twin Strike"],"picked":"Whirlwind","floor":12.0},{"not_picked":["Offering","Exhume"],"picked":"Demon Form","floor":16.0},{"not_picked":["Clothesline+1","Havoc"],"picked":"Iron Wave+1","floor":18.0},{"not_picked":["Entrench","Hemokinesis+1"],"picked":"Armaments+1","floor":20.0},{"not_picked":["Flex","Burning Pact+1","Perfected Strike+1"],"picked":"SKIP","floor":21.0},{"not_picked":["Havoc","Cleave+1"],"picked":"Warcry+1","floor":22.0},{"not_picked":["Pommel Strike+1","Rage"],"picked":"Body Slam+1","floor":25.0},{"not_picked":["Cleave+1","Rage","Combust"],"picked":"SKIP","floor":28.0},{"not_picked":["Limit Break","Exhume"],"picked":"Feed+1","floor":33.0},{"not_picked":["Body Slam+1","Reckless Charge+1","Warcry"],"picked":"Singing Bowl","floor":35.0},{"not_picked":["Heavy Blade+1","Sword Boomerang+1","Clash+1"],"picked":"Singing Bowl","floor":39.0},{"not_picked":["Rampage+1","Shockwave+1","Warcry+1"],"picked":"Singing Bowl","floor":40.0},{"not_picked":["Rage+1","Iron Wave+1","Anger+1"],"picked":"Singing Bowl","floor":42.0},{"not_picked":["Evolve+1","Clash+1","Burning Pact"],"picked":"Singing Bowl","floor":45.0},{"not_picked":["Brutality+1","Cleave+1","Shrug It Off+1"],"picked":"Singing Bowl","floor":47.0},{"not_picked":["Shrug It Off+1","Power Through","Clothesline+1"],"picked":"Singing Bowl","floor":48.0}],"player_experience":580557,"relics_obtained":[{"floor":9.0,"key":"Unceasing Top"},{"floor":12.0,"key":"Molten Egg 2"},{"floor":20.0,"key":"Red Mask"},{"floor":26.0,"key":"Calipers"},{"floor":27.0,"key":"War Paint"},{"floor":30.0,"key":"Singing Bowl"},{"floor":41.0,"key":"Smiling Mask"},{"floor":43.0,"key":"Frozen Egg 2"},{"floor":45.0,"key":"Old Coin"},{"floor":46.0,"key":"Ginger"},{"floor":47.0,"key":"Bird Faced Urn"}],"event_choices":[{"damage_healed":0.0,"max_hp_gain":0.0,"max_hp_loss":0.0,"gold_gain":77.0,"event_name":"Golden Wing","player_choice":"Gained Gold","floor":5.0,"gold_loss":0.0,"damage_taken":0.0},{"damage_healed":0.0,"max_hp_gain":0.0,"max_hp_loss":0.0,"gold_gain":0.0,"event_name":"Golden Idol","player_choice":"Take Wound","floor":11.0,"gold_loss":0.0,"damage_taken":0.0,"relics_obtained":["Golden Idol"],"cards_obtained":["Injury"]},{"damage_healed":0.0,"max_hp_gain":0.0,"max_hp_loss":0.0,"gold_gain":0.0,"event_name":"The Mausoleum","player_choice":"Opened","floor":19.0,"gold_loss":0.0,"damage_taken":0.0,"relics_obtained":["Shovel"],"cards_obtained":["Writhe"]},{"damage_healed":0.0,"max_hp_gain":0.0,"max_hp_loss":0.0,"gold_gain":0.0,"event_name":"Masked Bandits","player_choice":"Fought Bandits","floor":20.0,"gold_loss":0.0,"damage_taken":0.0},{"damage_healed":0.0,"max_hp_gain":0.0,"max_hp_loss":0.0,"gold_gain":100.0,"event_name":"The Joust","player_choice":"Bet on Murderer","floor":24.0,"gold_loss":50.0,"damage_taken":0.0},{"damage_healed":0.0,"max_hp_gain":0.0,"max_hp_loss":0.0,"gold_gain":0.0,"event_name":"Forgotten Altar","player_choice":"Gave Idol","floor":29.0,"relics_lost":["Golden Idol"],"gold_loss":0.0,"damage_taken":0.0,"relics_obtained":["Bloody Idol"]},{"cards_removed":["Defend_R"],"damage_healed":0.0,"max_hp_gain":0.0,"max_hp_loss":0.0,"gold_gain":0.0,"event_name":"Falling","player_choice":"Removed Skill","floor":37.0,"gold_loss":0.0,"damage_taken":0.0},{"damage_healed":0.0,"max_hp_gain":0.0,"max_hp_loss":0.0,"gold_gain":222.0,"event_name":"Tomb of Lord Red Mask","player_choice":"Wore Mask","floor":38.0,"gold_loss":0.0,"damage_taken":0.0},{"damage_healed":0.0,"max_hp_gain":0.0,"max_hp_loss":0.0,"gold_gain":0.0,"event_name":"MindBloom","player_choice":"Fight","floor":45.0,"gold_loss":0.0,"damage_taken":0.0}],"is_beta":false,"boss_relics":[{"not_picked":["Snecko Eye","Fusion Hammer"],"picked":"Velvet Choker"},{"not_picked":["Cursed Key","Pandora\u0027s Box"],"picked":"Empty Cage"}],"items_purged_floors":[8,14,31],"is_endless":false,"potions_floor_spawned":[4,18,22,28,33,35,39,45,47,48],"ascension_level":7}