{"gold_per_floor":[111,122,137,157,157,157,168,168,168,201,201,226,241,259,259,355,355,372,67,81,81,81,81,112,112,112,144,114,131,131,79,79,175,175,187,187,0,0,0,0,0,17,17,17,17,27,43,54,54,54,54,54,2,2],"floor_reached":54,"playtime":3019,"items_purged":["Strike_B"],"score":710,"play_id":"beb7bf6a-b37b-4728-9657-f70f54fc67b5","local_time":"20181129093507","is_ascension_mode":false,"campfire_choices":[{"data":"Zap","floor":6,"key":"SMITH"},{"data":"Fission","floor":8,"key":"SMITH"},{"data":"Hologram","floor":11,"key":"SMITH"},{"data":"Lockon","floor":15,"key":"SMITH"},{"data":"Buffer","floor":23,"key":"SMITH"},{"data":"Core Surge","floor":25,"key":"SMITH"},{"data":"Hologram","floor":30,"key":"SMITH"},{"data":"FTL","floor":32,"key":"SMITH"},{"floor":40,"key":"RECALL"},{"data":"Thunder Strike","floor":41,"key":"SMITH"},{"data":"Madness","floor":45,"key":"SMITH"},{"data":"Deep Breath","floor":49,"key":"SMITH"},{"data":"Go for the Eyes","floor":52,"key":"SMITH"}],"neow_cost":"NONE","seed_source_timestamp":123813501972900,"circlet_count":0,"master_deck":["Strike_B+1","Strike_B","Defend_B","Defend_B","Defend_B","Defend_B","Zap+1","Dualcast","Ball Lightning+1","Go for the Eyes+1","Hologram+1","BootSequence","Fission+1","FTL+1","Turbo","Steam Power","Lockon+1","Buffer+1","Ball Lightning","Leap","Ball Lightning+1","Core Surge+1","Ball Lightning","Hologram+1","Go for the Eyes","Thunder Strike+1","Recycle+1","Madness+1","Madness","Dark Shackles","Deep Breath+1","Compile Driver","Beam Cell","Steam+1","Steam","Conserve Battery"],"relics":["Eternal Feather","Meat on the Bone","Whetstone","Philosopher\u0027s Stone","DataDisk","WingedGreaves","Darkstone Periapt","Omamori","Lizard Tail","Red Mask","Ornamental Fan"],"potions_floor_usage":[10,12,16,33,33,33,47,48,50],"damage_taken":[{"damage":9,"enemies":"Jaw Worm","floor":1,"turns":4},{"damage":1,"enemies":"Cultist","floor":2,"turns":4},{"damage":4,"enemies":"Small Slimes","floor":3,"turns":3},{"damage":4,"enemies":"Looter","floor":4,"turns":3},{"damage":3,"enemies":"Gremlin Gang","floor":7,"turns":4},{"damage":8,"enemies":"Lagavulin","floor":10,"turns":6},{"damage":24,"enemies":"3 Sentries","floor":12,"turns":5},{"damage":0,"enemies":"Lots of Slimes","floor":13,"turns":3},{"damage":0,"enemies":"Large Slime","floor":14,"turns":5},{"damage":46,"enemies":"The Guardian","floor":16,"turns":11},{"damage":20,"enemies":"Shell Parasite","floor":18,"turns":6},{"damage":10,"enemies":"Spheric Guardian","floor":20,"turns":4},{"damage":38,"enemies":"Book of Stabbing","floor":24,"turns":6},{"damage":26,"enemies":"Slavers","floor":27,"turns":5},{"damage":1,"enemies":"Centurion and Healer","floor":29,"turns":5},{"damage":16,"enemies":"Collector","floor":33,"turns":9},{"damage":26,"enemies":"3 Darklings","floor":35,"turns":7},{"damage":6,"enemies":"Orb Walker","floor":42,"turns":4},{"damage":0,"enemies":"Transient","floor":46,"turns":5},{"damage":4,"enemies":"Maw","floor":47,"turns":8},{"damage":0,"enemies":"Spire Growth","floor":48,"turns":5},{"damage":65,"enemies":"Time Eater","floor":50,"turns":11},{"damage":171,"enemies":"Shield and Spear","floor":54,"turns":9}],"seed_played":"380002065170686857","potions_obtained":[{"floor":3,"key":"Ancient Potion"},{"floor":4,"key":"Strength Potion"},{"floor":10,"key":"Fruit Juice"},{"floor":14,"key":"Strength Potion"},{"floor":27,"key":"Weak Potion"},{"floor":28,"key":"Swift Potion"},{"floor":28,"key":"Energy Potion"},{"floor":42,"key":"PowerPotion"},{"floor":46,"key":"AttackPotion"},{"floor":47,"key":"Weak Potion"}],"is_trial":false,"path_per_floor":["M","M","M","M","?","R","M","R","T","E","R","E","M","M","R","B",null,"M","$","M","?","?","R","E","R","T","E","?","M","R","$","R","B",null,"M","?","?","?","?","R","R","M","T","$","R","M","M","M","R","B",null,"R","$","E"],"character_chosen":"DEFECT","items_purchased":["DataDisk","Ball Lightning","Leap","Go for the Eyes","Conserve Battery"],"campfire_rested":0,"item_purchase_floors":[19,19,19,31,53],"current_hp_per_floor":[66,65,61,57,57,63,60,66,66,63,72,48,48,48,57,23,80,60,60,50,50,50,62,36,48,48,34,34,45,60,60,75,59,80,54,44,44,39,39,57,75,69,69,69,80,80,76,76,80,27,80,80,80,0],"gold":2,"neow_bonus":"BOSS_RELIC","is_prod":false,"is_daily":false,"chose_seed":false,"campfire_upgraded":12,"win_rate":0,"timestamp":1543451707,"path_taken":["M","M","M","M","?","R","M","R","T","E","R","E","M","M","R","BOSS","M","$","M","?","?","R","E","R","T","E","?","?","R","?","R","BOSS","M","?","?","?","?","R","R","M","T","$","R","M","?","M","R","BOSS","R","$","E"],"build_version":"2018-11-15","purchased_purges":1,"victory":false,"max_hp_per_floor":[75,75,75,75,75,75,75,75,75,80,80,80,80,80,80,80,80,80,80,80,80,80,80,80,80,80,80,80,80,80,80,80,80,80,80,80,80,80,80,80,80,80,80,80,80,80,80,80,80,80,80,80,80,80],"card_choices":[{"not_picked":["Force Field","Steam"],"picked":"Ball Lightning","floor":1},{"not_picked":["Sweeping Beam","Barrage"],"picked":"Go for the Eyes","floor":2},{"not_picked":["Beam Cell","Rip and Tear"],"picked":"Hologram","floor":3},{"not_picked":["Leap","Beam Cell"],"picked":"BootSequence","floor":4},{"not_picked":["Streamline","Barrage"],"picked":"Fission","floor":7},{"not_picked":["Stack","Go for the Eyes"],"picked":"FTL","floor":10},{"not_picked":["Recycle","Compile Driver"],"picked":"Turbo","floor":12},{"not_picked":["Rebound","Hologram"],"picked":"Steam Power","floor":13},{"not_picked":["Coolheaded","FTL"],"picked":"Lockon","floor":14},{"not_picked":["Echo Form","Meteor Strike"],"picked":"Buffer","floor":16},{"not_picked":["Redo","Rip and Tear"],"picked":"Hello World","floor":18},{"not_picked":["Sweeping Beam","Beam Cell+1"],"picked":"Ball Lightning+1","floor":20},{"not_picked":["Consume+1","Streamline"],"picked":"Core Surge","floor":24},{"not_picked":["Lockon","Rip and Tear"],"picked":"Ball Lightning","floor":27},{"not_picked":["Barrage","Rebound"],"picked":"Hologram","floor":29},{"not_picked":["Amplify","Biased Cognition"],"picked":"Thunder Strike","floor":33},{"not_picked":["Rebound+1","Coolheaded"],"picked":"Recycle+1","floor":35},{"not_picked":["Metamorphosis","Deep Breath"],"picked":"Dark Shackles","floor":38},{"not_picked":["Madness","Dramatic Entrance"],"picked":"Deep Breath","floor":38},{"not_picked":["Rebound","Sunder"],"picked":"Compile Driver","floor":42},{"not_picked":["Streamline+1","Heatsinks+1"],"picked":"Beam Cell","floor":46},{"not_picked":["Consume","Coolheaded"],"picked":"Steam+1","floor":47},{"not_picked":["Streamline","Doom and Gloom+1"],"picked":"Steam","floor":48}],"player_experience":535115,"relics_obtained":[{"floor":10,"key":"Meat on the Bone"},{"floor":12,"key":"Whetstone"},{"floor":24,"key":"WingedGreaves"},{"floor":26,"key":"Darkstone Periapt"},{"floor":27,"key":"Omamori"},{"floor":43,"key":"Ornamental Fan"}],"event_choices":[{"cards_removed":["Strike_B"],"damage_healed":0,"gold_gain":0,"player_choice":"Purged","damage_taken":0,"max_hp_gain":0,"max_hp_loss":0,"event_name":"Purifier","floor":5,"gold_loss":0},{"damage_healed":0,"gold_gain":0,"player_choice":"Ignored","damage_taken":0,"max_hp_gain":0,"max_hp_loss":0,"event_name":"Vampires","floor":21,"gold_loss":0},{"damage_healed":0,"gold_gain":0,"player_choice":"Ignored","damage_taken":0,"max_hp_gain":0,"max_hp_loss":0,"event_name":"Ghosts","floor":22,"gold_loss":0},{"damage_healed":0,"gold_gain":0,"player_choice":"Bought 2 Potions","damage_taken":0,"max_hp_gain":0,"max_hp_loss":0,"event_name":"The Woman in Blue","floor":28,"gold_loss":0},{"damage_healed":0,"gold_gain":0,"player_choice":"Embrace Madness","damage_taken":10,"max_hp_gain":0,"max_hp_loss":0,"event_name":"Winding Halls","floor":36,"gold_loss":0,"cards_obtained":["Madness","Madness"]},{"damage_healed":0,"gold_gain":0,"player_choice":"Paid","damage_taken":0,"relics_obtained":["Red Mask"],"max_hp_gain":0,"max_hp_loss":0,"event_name":"Tomb of Lord Red Mask","floor":37,"gold_loss":187},{"damage_healed":0,"gold_gain":0,"player_choice":"Memory 2","damage_taken":5,"max_hp_gain":0,"max_hp_loss":0,"event_name":"SensoryStone","floor":38,"gold_loss":0},{"cards_removed":["Hello World"],"damage_healed":0,"gold_gain":0,"player_choice":"Removed Power","damage_taken":0,"max_hp_gain":0,"max_hp_loss":0,"event_name":"Falling","floor":39,"gold_loss":0}],"is_beta":false,"boss_relics":[{"not_picked":["Empty Cage","Black Star"],"picked":"Philosopher\u0027s Stone"},{"not_picked":["Fusion Hammer","Snecko Eye"],"picked":"Lizard Tail"}],"items_purged_floors":[19],"is_endless":false,"potions_floor_spawned":[3,4,10,14,27,29,42,46,47],"killed_by":"Shield and Spear","ascension_level":0}