{"gold_per_floor":[113,131,81,5,23,23,58,58,58,58,74,88,88,163,163,263,263,263,218,218,18,18,18,18,18,18,18,18,18],"floor_reached":29,"playtime":2180,"items_purged":[],"score":341,"play_id":"c727983d-2e21-4527-ab1a-f131d7eed98d","local_time":"20190102210706","is_ascension_mode":true,"campfire_choices":[{"data":"Neutralize","floor":6.0,"key":"SMITH"},{"floor":8.0,"key":"REST"},{"data":"Cloak And Dagger","floor":10.0,"key":"SMITH"},{"data":"Cloak And Dagger","floor":13.0,"key":"SMITH"},{"floor":15.0,"key":"REST"},{"floor":23.0,"key":"REST"}],"neow_cost":"NONE","seed_source_timestamp":386642400143594,"circlet_count":0,"master_deck":["AscendersBane","Defend_G","Defend_G","Defend_G","Defend_G","Strike_G","Strike_G","Strike_G","Strike_G","Strike_G","Survivor","Neutralize+1","Cloak And Dagger+1","Cloak And Dagger+1","Die Die Die","Blade Dance","Terror","Prepared","Backstab","Adrenaline","Blur","Backflip","Die Die Die","Accuracy","Finisher","Cloak And Dagger","Dash"],"special_seed":0,"relics":["Ring of the Snake","Orichalcum","Singing Bowl","Ectoplasm","Smiling Mask"],"potions_floor_usage":[29,29],"damage_taken":[{"damage":1.0,"enemies":"Small Slimes","floor":1.0,"turns":5.0},{"damage":0.0,"enemies":"2 Louse","floor":2.0,"turns":3.0},{"damage":0.0,"enemies":"Cultist","floor":5.0,"turns":4.0},{"damage":46.0,"enemies":"Lagavulin","floor":7.0,"turns":9.0},{"damage":1.0,"enemies":"Exordium Wildlife","floor":11.0,"turns":3.0},{"damage":0.0,"enemies":"2 Fungi Beasts","floor":12.0,"turns":3.0},{"damage":17.0,"enemies":"Slime Boss","floor":16.0,"turns":7.0},{"damage":18.0,"enemies":"Spheric Guardian","floor":18.0,"turns":4.0},{"damage":7.0,"enemies":"2 Thieves","floor":19.0,"turns":3.0},{"damage":9.0,"enemies":"Shelled Parasite and Fungi","floor":20.0,"turns":4.0},{"damage":19.0,"enemies":"Snake Plant","floor":22.0,"turns":3.0},{"damage":4.0,"enemies":"Centurion and Healer","floor":24.0,"turns":5.0},{"damage":9.0,"enemies":"Colosseum Slavers","floor":25.0,"turns":3.0},{"damage":0.0,"enemies":"Snecko","floor":28.0,"turns":4.0},{"damage":30,"enemies":"Gremlin Leader","floor":29,"turns":4}],"seed_played":"1183374319203637196","potions_obtained":[{"floor":1.0,"key":"PowerPotion"},{"floor":5.0,"key":"LiquidBronze"},{"floor":11.0,"key":"Explosive Potion"},{"floor":12.0,"key":"EssenceOfSteel"},{"floor":19.0,"key":"Poison Potion"},{"floor":28.0,"key":"Dexterity Potion"}],"is_trial":false,"path_per_floor":["M","M","?","$","M","R","E","R","T","R","M","M","R","?","R","B",null,"M","M","M","$","M","R","M","?","T","$","M","E"],"character_chosen":"THE_SILENT","items_purchased":["Die Die Die","Accuracy","Finisher","Cloak And Dagger"],"campfire_rested":3,"item_purchase_floors":[4,21,21,21],"current_hp_per_floor":[69,69,69,69,69,69,23,46,46,46,45,45,45,38,61,44,69,51,44,35,35,16,39,37,28,28,28,30,0],"gold":18,"neow_bonus":"TEN_PERCENT_HP_BONUS","is_prod":false,"is_daily":false,"chose_seed":false,"campfire_upgraded":3,"win_rate":0,"timestamp":1546492026,"path_taken":["M","M","?","$","M","R","E","R","T","R","M","M","R","?","R","BOSS","M","M","M","$","M","R","?","?","T","$","M","E"],"build_version":"2018-12-20","purchased_purges":0,"victory":false,"max_hp_per_floor":[77,77,77,77,77,77,77,77,77,77,77,77,77,77,77,77,77,77,77,77,77,77,77,79,79,79,79,81,81],"card_choices":[{"not_picked":["Distraction","Predator"],"picked":"Cloak And Dagger","floor":1.0},{"not_picked":["Deadly Poison","Quick Slash"],"picked":"Cloak And Dagger","floor":2.0},{"not_picked":["Heel Hook","Dagger Spray"],"picked":"Blade Dance","floor":5.0},{"not_picked":["Dodge and Roll","Sucker Punch"],"picked":"Terror","floor":7.0},{"not_picked":["Terror","Blade Dance"],"picked":"Prepared","floor":11.0},{"not_picked":["Cloak And Dagger","Outmaneuver"],"picked":"Backstab","floor":12.0},{"not_picked":["Unload","A Thousand Cuts"],"picked":"Adrenaline","floor":16.0},{"not_picked":["Setup","Bane+1"],"picked":"Blur","floor":18.0},{"not_picked":["Slice+1","All Out Attack"],"picked":"Backflip","floor":19.0},{"not_picked":["Dagger Spray","Prepared"],"picked":"Die Die Die","floor":20.0},{"not_picked":["Tactician","Dagger Throw"],"picked":"Dash","floor":22.0},{"not_picked":["Deadly Poison+1","Accuracy","Deflect"],"picked":"Singing Bowl","floor":24.0},{"not_picked":["Outmaneuver+1","Blade Dance","Prepared+1"],"picked":"Singing Bowl","floor":28.0}],"player_experience":494867,"relics_obtained":[{"floor":7.0,"key":"Orichalcum"},{"floor":9.0,"key":"Singing Bowl"},{"floor":26.0,"key":"Smiling Mask"}],"event_choices":[{"cards_removed":["Defend_G"],"damage_healed":0.0,"max_hp_gain":0.0,"max_hp_loss":0.0,"gold_gain":0.0,"event_name":"The Cleric","player_choice":"Card Removal","floor":3.0,"gold_loss":50.0,"damage_taken":0.0},{"damage_healed":0.0,"max_hp_gain":0.0,"max_hp_loss":0.0,"gold_gain":75.0,"event_name":"FaceTrader","player_choice":"Touch","floor":14.0,"gold_loss":0.0,"damage_taken":7.0},{"damage_healed":0.0,"max_hp_gain":0.0,"max_hp_loss":0.0,"gold_gain":0.0,"event_name":"Colosseum","player_choice":"Fight","floor":25.0,"gold_loss":0.0,"damage_taken":0.0},{"damage_healed":0.0,"max_hp_gain":0.0,"max_hp_loss":0.0,"gold_gain":0.0,"event_name":"Colosseum","player_choice":"Fled From Nobs","floor":25.0,"gold_loss":0.0,"damage_taken":0.0}],"is_beta":false,"boss_relics":[{"not_picked":["Tiny House","Lizard Tail"],"picked":"Ectoplasm"}],"items_purged_floors":[],"is_endless":false,"potions_floor_spawned":[1,5,11,12,19,28],"killed_by":"Gremlin Leader","ascension_level":10}