{"gold_per_floor":[112,18,18,37,47,76,129,149,149,149,165,165,179,80,80,183,183,201,51,86,4,24,24,37,37,37,37,69,69,69,79,79,181,181,191,244,254,274,30,30,50,77,77,105,11,11,40,68,80,92],"floor_reached":50,"playtime":4680,"items_purged":["Body Slam","Defend_R"],"score":570,"play_id":"c2b865bc-9c1d-4ab6-8cd9-87f412327a42","local_time":"20180920212049","is_ascension_mode":false,"campfire_choices":[{"data":"Shockwave","floor":10,"key":"SMITH"},{"data":"Headbutt","floor":12,"key":"SMITH"},{"floor":15,"key":"REST"},{"data":"Perfected Strike","floor":23,"key":"SMITH"},{"data":"Demon Form","floor":25,"key":"SMITH"},{"data":"Flex","floor":29,"key":"SMITH"},{"floor":32,"key":"REST"},{"floor":40,"key":"REST"},{"floor":49,"key":"REST"}],"neow_cost":"NONE","seed_source_timestamp":120192515573278,"circlet_count":0,"master_deck":["Strike_R","Strike_R","Strike_R","Strike_R","Strike_R","Defend_R","Defend_R","Bash","Clothesline","Metallicize","Shrug It Off","Double Tap","Armaments","Headbutt+1","Shockwave+1","Headbutt","Perfected Strike+1","Flex","Flex+1","Demon Form+1","Flex+1","Metallicize","Twin Strike","Cleave","Shrug It Off","Limit Break","Twin Strike+1","Metallicize","Heavy Blade+1","Metallicize","Thunderclap+1","Limit Break","Bandage Up","Swift Strike","Perfected Strike+1","Pommel Strike"],"relics":["Burning Blood","Matryoshka","Bronze Scales","Mummified Hand","Mark of Pain","Vajra","Red Mask","Regal Pillow","Question Card","StoneCalendar","Busted Crown","Pocketwatch","Membership Card","Bag of Preparation","Gremlin Horn","Ginger","MawBank"],"potions_floor_usage":[6,11,16,16,20,20,24,28,33,41,44,48,50,50],"damage_taken":[{"damage":1,"enemies":"Jaw Worm","floor":1,"turns":7},{"damage":1,"enemies":"Cultist","floor":4,"turns":4},{"damage":0,"enemies":"Small Slimes","floor":5,"turns":4},{"damage":21,"enemies":"Gremlin Nob","floor":6,"turns":6},{"damage":7,"enemies":"Looter","floor":8,"turns":4},{"damage":10,"enemies":"Gremlin Gang","floor":11,"turns":3},{"damage":9,"enemies":"2 Fungi Beasts","floor":13,"turns":2},{"damage":10,"enemies":"Hexaghost","floor":16,"turns":8},{"damage":9,"enemies":"3 Byrds","floor":18,"turns":4},{"damage":12,"enemies":"Masked Bandits","floor":20,"turns":4},{"damage":1,"enemies":"Spheric Guardian","floor":22,"turns":3},{"damage":0,"enemies":"Snecko","floor":24,"turns":3},{"damage":23,"enemies":"Book of Stabbing","floor":28,"turns":5},{"damage":19,"enemies":"Sentry and Sphere","floor":31,"turns":4},{"damage":61,"enemies":"Collector","floor":33,"turns":9},{"damage":12,"enemies":"3 Shapes","floor":35,"turns":4},{"damage":39,"enemies":"Mysterious Sphere","floor":36,"turns":4},{"damage":0,"enemies":"Orb Walker","floor":37,"turns":2},{"damage":6,"enemies":"Reptomancer","floor":38,"turns":3},{"damage":7,"enemies":"Transient","floor":41,"turns":5},{"damage":42,"enemies":"Nemesis","floor":44,"turns":5},{"damage":22,"enemies":"Giant Head","floor":47,"turns":7},{"damage":24,"enemies":"Spire Growth","floor":48,"turns":3},{"damage":66,"enemies":"Time Eater","floor":50,"turns":8}],"seed_played":"6491452297061301132","potions_obtained":[{"floor":0,"key":"LiquidBronze"},{"floor":0,"key":"Dexterity Potion"},{"floor":0,"key":"Fire Potion"},{"floor":6,"key":"AttackPotion"},{"floor":13,"key":"SkillPotion"},{"floor":18,"key":"Fire Potion"},{"floor":22,"key":"Block Potion"},{"floor":28,"key":"EssenceOfSteel"},{"floor":36,"key":"Dexterity Potion"},{"floor":38,"key":"SpeedPotion"},{"floor":41,"key":"FearPotion"},{"floor":47,"key":"SpeedPotion"}],"is_trial":false,"path_per_floor":["M","$","?","M","M","E","?","M","T","R","M","R","M","$","R","B",null,"M","$","?","$","M","R","M","R","T","?","E","R","?","M","R","B",null,"M","?","M","M","$","R","M","T","T","E","$","?","E","M","R"],"character_chosen":"IRONCLAD","items_purchased":["Metallicize","Shrug It Off","Flex","Vajra","Metallicize","Explosive Potion","Membership Card","BloodPotion","Bandage Up"],"campfire_rested":4,"item_purchase_floors":[2,2,14,19,21,21,39,39,45],"current_hp_per_floor":[80,80,80,80,80,65,65,64,64,64,60,60,57,57,80,76,80,77,77,71,71,76,76,80,80,80,80,63,63,63,50,80,25,80,74,41,47,47,47,80,79,79,79,51,51,51,39,21,60,0],"gold":92,"neow_bonus":"THREE_SMALL_POTIONS","is_prod":false,"is_daily":false,"chose_seed":false,"campfire_upgraded":5,"win_rate":0.0,"timestamp":1537503649,"path_taken":["M","$","?","M","M","E","?","M","T","R","M","R","M","$","R","BOSS","M","$","?","$","M","R","M","R","T","?","E","R","?","M","R","BOSS","M","?","M","M","$","R","M","?","T","E","$","?","E","M","R","BOSS"],"build_version":"2018-09-20","purchased_purges":2,"victory":false,"max_hp_per_floor":[80,80,80,80,80,80,80,80,80,80,80,80,80,80,80,80,80,80,80,80,80,80,80,80,80,80,80,80,80,80,80,80,80,80,80,80,80,80,80,80,80,80,80,80,80,80,80,80,80,80],"card_choices":[{"not_picked":["Second Wind","Thunderclap"],"picked":"Clothesline","floor":1},{"not_picked":["Sword Boomerang","Corruption"],"picked":"Armaments","floor":4},{"not_picked":["Shrug It Off","True Grit"],"picked":"Headbutt","floor":5},{"not_picked":["Rampage","Reckless Charge"],"picked":"Shockwave","floor":6},{"not_picked":["Twin Strike","Searing Blow"],"picked":"Headbutt","floor":8},{"not_picked":["Double Tap","Warcry"],"picked":"Perfected Strike","floor":11},{"not_picked":["Rampage","Body Slam"],"picked":"Flex","floor":13},{"not_picked":["Reaper","Offering"],"picked":"Demon Form","floor":16},{"not_picked":["Body Slam","Feel No Pain","Warcry"],"picked":"SKIP","floor":18},{"not_picked":["Dual Wield","Rage"],"picked":"Flex+1","floor":20},{"not_picked":["Anger","True Grit"],"picked":"Twin Strike","floor":22},{"not_picked":["Thunderclap","Reckless Charge","True Grit+1"],"picked":"SKIP","floor":24},{"not_picked":["Perfected Strike+1","Twin Strike","True Grit"],"picked":"Cleave","floor":28},{"not_picked":["Sword Boomerang","Clothesline","Flex"],"picked":"Shrug It Off","floor":31},{"not_picked":["Offering","Juggernaut","Berserk"],"picked":"Limit Break","floor":33},{"not_picked":["Thunderclap"],"picked":"Twin Strike+1","floor":35},{"not_picked":["Body Slam"],"picked":"Metallicize","floor":36},{"not_picked":["Clash"],"picked":"Heavy Blade+1","floor":37},{"not_picked":["Pummel+1"],"picked":"Metallicize","floor":38},{"not_picked":["Feel No Pain"],"picked":"Thunderclap+1","floor":41},{"not_picked":["Twin Strike"],"picked":"Limit Break","floor":44},{"not_picked":["Trip"],"picked":"Swift Strike","floor":46},{"not_picked":["Cleave+1"],"picked":"Perfected Strike+1","floor":47},{"not_picked":["Sword Boomerang"],"picked":"Pommel Strike","floor":48}],"player_experience":31668,"relics_obtained":[{"floor":6,"key":"Matryoshka"},{"floor":9,"key":"Bronze Scales"},{"floor":9,"key":"Mummified Hand"},{"floor":20,"key":"Red Mask"},{"floor":26,"key":"Regal Pillow"},{"floor":26,"key":"Question Card"},{"floor":28,"key":"StoneCalendar"},{"floor":36,"key":"Pocketwatch"},{"floor":42,"key":"Bag of Preparation"},{"floor":43,"key":"Gremlin Horn"},{"floor":44,"key":"Ginger"},{"floor":47,"key":"MawBank"}],"event_choices":[{"event_name":"Match and Keep!","player_choice":"2 cards matched","floor":3,"damage_taken":0},{"event_name":"Golden Wing","player_choice":"Gained Gold","floor":7,"damage_taken":0},{"event_name":"Masked Bandits","player_choice":"Fought Bandits","floor":20,"damage_taken":0},{"event_name":"Purifier","player_choice":"One Purge","floor":27,"damage_taken":0},{"event_name":"Vampires","player_choice":"Ignored","floor":30,"damage_taken":0},{"event_name":"Mysterious Sphere","player_choice":"Fight","floor":36,"damage_taken":0},{"event_name":"SensoryStone","player_choice":"Memory 1","floor":46,"damage_taken":0}],"is_beta":false,"boss_relics":[{"not_picked":["Runic Cube","Eternal Feather"],"picked":"Mark of Pain"},{"not_picked":["Black Blood","Snecko Eye"],"picked":"Busted Crown"}],"items_purged_floors":[14,45],"is_endless":false,"potions_floor_spawned":[5,6,13,18,22,28,36,38,41,47],"killed_by":"Time Eater","ascension_level":0}