{"gold_per_floor":[212,226,240,17,31,51,109,109,133,145,171,247,247,287,287,287],"floor_reached":16,"playtime":732,"items_purged":["Strike_R"],"score":129,"play_id":"2b9eaa1f-808a-4144-bce4-f9fc434506e5","local_time":"20190825001635","is_ascension_mode":true,"campfire_choices":[{"data":"Whirlwind","floor":8,"key":"SMITH"},{"floor":15,"key":"REST"}],"neow_cost":"NONE","seed_source_timestamp":704105785997800,"circlet_count":0,"master_deck":["Strike_R","Strike_R","Strike_R","Strike_R","Defend_R","Defend_R","Defend_R","Defend_R","Bash","Rampage","Spot Weakness","Spot Weakness","Pummel","Spot Weakness","Limit Break","Sever Soul","Whirlwind+1","Flex","Burning Pact","Iron Wave"],"relics":["Burning Blood","Tiny Chest","Smiling Mask","Dream Catcher","Golden Idol","Potion Belt"],"potions_floor_usage":[7,14,14],"damage_taken":[{"damage":10,"enemies":"Cultist","floor":1,"turns":5},{"damage":3,"enemies":"2 Louse","floor":2,"turns":4},{"damage":2,"enemies":"Jaw Worm","floor":3,"turns":3},{"damage":20,"enemies":"Large Slime","floor":5,"turns":5},{"damage":1,"enemies":"Looter","floor":6,"turns":2},{"damage":15,"enemies":"Gremlin Nob","floor":7,"turns":4},{"damage":21,"enemies":"Blue Slaver","floor":10,"turns":3},{"damage":46,"enemies":"Lagavulin","floor":14,"turns":6},{"damage":31,"enemies":"The Guardian","floor":16,"turns":4}],"seed_played":"-2415614871927270765","potions_obtained":[{"floor":2,"key":"Dexterity Potion"},{"floor":6,"key":"Weak Potion"},{"floor":7,"key":"FearPotion"}],"is_trial":false,"path_per_floor":["M","M","M","$","M","M","E","R","T","M","T","?","?","E","R","B"],"character_chosen":"IRONCLAD","items_purchased":["Pummel","Spot Weakness"],"campfire_rested":1,"item_purchase_floors":[4,4],"current_hp_per_floor":[76,79,80,80,66,71,62,62,62,47,47,47,47,7,29,0],"gold":287,"neow_bonus":"HUNDRED_GOLD","is_prod":false,"is_daily":false,"chose_seed":false,"campfire_upgraded":1,"win_rate":0,"timestamp":1566684995,"path_taken":["M","M","M","$","M","M","E","R","T","M","?","?","?","E","R","BOSS"],"build_version":"2019-07-17","purchased_purges":1,"victory":false,"max_hp_per_floor":[80,80,80,80,80,80,80,80,80,80,80,80,74,74,74,74],"card_choices":[{"not_picked":["Thunderclap","Anger"],"picked":"Rampage","floor":1},{"not_picked":["Flex","Body Slam"],"picked":"Spot Weakness","floor":2},{"not_picked":["Thunderclap","Dropkick"],"picked":"Spot Weakness","floor":3},{"not_picked":["Rupture","Sword Boomerang"],"picked":"Limit Break","floor":5},{"not_picked":["Wild Strike","Thunderclap"],"picked":"Sever Soul","floor":6},{"not_picked":["Sword Boomerang","Entrench"],"picked":"Whirlwind","floor":7},{"not_picked":["Wild Strike","Body Slam"],"picked":"Flex","floor":10},{"not_picked":["Sword Boomerang","Dark Embrace"],"picked":"Burning Pact","floor":14},{"not_picked":["True Grit","Perfected Strike"],"picked":"Iron Wave","floor":15}],"player_experience":53255,"relics_obtained":[{"floor":7,"key":"Tiny Chest"},{"floor":9,"key":"Smiling Mask"},{"floor":11,"key":"Dream Catcher"},{"floor":14,"key":"Potion Belt"}],"event_choices":[{"damage_healed":0,"gold_gain":76,"player_choice":"Gained Gold","damage_taken":0,"max_hp_gain":0,"max_hp_loss":0,"event_name":"Golden Wing","floor":12,"gold_loss":0},{"damage_healed":0,"gold_gain":0,"player_choice":"Lose Max HP","damage_taken":0,"relics_obtained":["Golden Idol"],"max_hp_gain":0,"max_hp_loss":6,"event_name":"Golden Idol","floor":13,"gold_loss":0}],"is_beta":false,"boss_relics":[],"items_purged_floors":[4],"is_endless":false,"potions_floor_spawned":[2,6,7],"killed_by":"The Guardian","ascension_level":3}