{"path_per_floor":["M","?","T","M","M","E","$","R","T","E","M","$","M","M","R","B",null,"M","?","?","$","?"],"character_chosen":"DEFECT","items_purchased":["Meat on the Bone","Orichalcum","Tempest"],"gold_per_floor":[111,361,361,380,400,435,30,30,30,57,76,1,13,29,29,124,124,136,61,61,61,61,61],"floor_reached":23,"campfire_rested":2,"playtime":1308,"current_hp_per_floor":[67,67,77,75,68,40,40,65,65,49,49,49,52,45,70,53,85,50,50,50,50,50,0],"items_purged":[],"gold":61,"score":199,"play_id":"57bcdf4d-7d10-44b9-8e84-b2cf6acf98eb","local_time":"20180513222424","is_prod":false,"is_daily":false,"chose_seed":false,"is_ascension_mode":false,"campfire_upgraded":0,"timestamp":1526221464,"path_taken":["M","?","?","M","?","E","?","R","T","E","M","?","M","?","R","BOSS","M","?","?","$","?","E"],"build_version":"2018-05-10","seed_source_timestamp":24090649305055,"purchased_purges":0,"victory":false,"master_deck":["Strike_B","Strike_B","Strike_B","Strike_B","Defend_B","Defend_B","Defend_B","Defend_B","Zap","Dualcast","Defragment","Defragment","Rip and Tear","Defragment","Sweeping Beam","Capacitor","Tempest","Beam Cell","Fission"],"max_hp_per_floor":[75,75,85,85,85,85,85,85,85,85,85,85,85,85,85,85,85,85,85,82,82,82,82],"relics":["Cracked Core","Pear","Gambling Chip","Meat on the Bone","Orichalcum","Dream Catcher","Lantern","Calling Bell","DataDisk","Smiling Mask","Ice Cream"],"card_choices":[{"not_picked":["Hologram","Go for the Eyes"],"picked":"Defragment","floor":1},{"not_picked":["Heatsinks","Beam Cell"],"picked":"Defragment","floor":4},{"not_picked":["Consume","Skim"],"picked":"Rip and Tear","floor":5},{"not_picked":["Beam Cell","Machine Learning"],"picked":"Defragment","floor":6},{"not_picked":["Hologram","Skim"],"picked":"Sweeping Beam","floor":10},{"not_picked":["Skim","Nova"],"picked":"Capacitor","floor":11},{"not_picked":["Reprogram","Coolheaded"],"picked":"Beam Cell","floor":14},{"not_picked":["Multi-Cast","Hyperbeam"],"picked":"Fission","floor":16}],"player_experience":63388,"potions_floor_usage":[6,10,14,18],"damage_taken":[{"damage":8,"enemies":"Jaw Worm","floor":1,"turns":3},{"damage":2,"enemies":"Cultist","floor":4,"turns":3},{"damage":7,"enemies":"2 Louse","floor":5,"turns":2},{"damage":28,"enemies":"3 Sentries","floor":6,"turns":6},{"damage":28,"enemies":"Lagavulin","floor":10,"turns":5},{"damage":0,"enemies":"Exordium Wildlife","floor":11,"turns":2},{"damage":9,"enemies":"Red Slaver","floor":13,"turns":3},{"damage":7,"enemies":"Exordium Thugs","floor":14,"turns":3},{"damage":17,"enemies":"Slime Boss","floor":16,"turns":7},{"damage":35,"enemies":"3 Byrds","floor":18,"turns":4},{"damage":56,"enemies":"Slavers","floor":23,"turns":3}],"event_choices":[{"event_name":"Golden Shrine","player_choice":"Desecrate","floor":2,"damage_taken":0},{"event_name":"Beggar","player_choice":"Gave Gold","floor":19,"damage_taken":0},{"event_name":"Fountain of Cleansing","player_choice":"Removed Curse","floor":20,"damage_taken":0},{"event_name":"N\u0027loth","player_choice":"Ignored","floor":22,"damage_taken":0}],"boss_relics":[{"not_picked":["Nuclear Battery","Cursed Key"],"picked":"Calling Bell"}],"potions_floor_spawned":[1,6,13,16,18],"seed_played":"5300765608132940969","killed_by":"Slavers","ascension_level":0,"is_trial":false}