{"gold_per_floor":[114,114,289,304,42,42,70,70,70,82,82,82,95,109,109,208,208,221,320,17,29,29,29,43,43,68,102,102,130,130,149,149,244,244,258,258,258,258,271,271,297,312,312,35,46,56,56,56,56,56],"floor_reached":51,"playtime":5582,"items_purged":["Doubt","Strike_G"],"score":854,"play_id":"2f9233b3-6314-4c28-900a-2cb58d4e7679","local_time":"20181130165131","is_ascension_mode":true,"campfire_choices":[{"data":"Dash","floor":6.0,"key":"SMITH"},{"data":"Neutralize","floor":8.0,"key":"SMITH"},{"data":"Flechettes","floor":12.0,"key":"SMITH"},{"data":"Noxious Fumes","floor":15.0,"key":"SMITH"},{"floor":23.0,"key":"REST"},{"data":"Backflip","floor":28.0,"key":"SMITH"},{"floor":30.0,"key":"REST"},{"data":"PiercingWail","floor":32.0,"key":"SMITH"},{"floor":40,"key":"REST"},{"floor":47,"key":"REST"},{"floor":49,"key":"REST"}],"neow_cost":"NONE","seed_source_timestamp":0,"circlet_count":0,"master_deck":["Defend_G","Defend_G","Defend_G","Defend_G","Strike_G+1","Survivor","Neutralize+1","Flechettes+1","Dash+1","Dash+1","Skewer","Backflip+1","Noxious Fumes+1","Burst","Backstab+1","Venomology+1","Calculated Gamble+1","PiercingWail+1","Tools of the Trade","PiercingWail+1","Predator+1","Malaise","Crippling Poison+1","Madness","Madness","Leg Sweep+1","Bouncing Flask+1","Acrobatics","Parasite","Concentrate+1","Footwork"],"special_seed":0,"relics":["Ring of the Snake","Art of War","Whetstone","Snake Skull","Juzu Bracelet","Astrolabe","Ice Cream","Paper Crane","Centennial Puzzle","Prayer Wheel","Smiling Mask","Fusion Hammer","Pear","Ninja Scroll","Vajra"],"potions_floor_usage":[39,41,42,42,45,46,46,50,50,50,50],"damage_taken":[{"damage":1.0,"enemies":"Cultist","floor":1.0,"turns":5.0},{"damage":0.0,"enemies":"2 Louse","floor":4.0,"turns":4.0},{"damage":21.0,"enemies":"Lagavulin","floor":7.0,"turns":9.0},{"damage":0.0,"enemies":"Jaw Worm","floor":10.0,"turns":2.0},{"damage":0.0,"enemies":"3 Louse","floor":13.0,"turns":4.0},{"damage":3.0,"enemies":"Exordium Thugs","floor":14.0,"turns":5.0},{"damage":34.0,"enemies":"Slime Boss","floor":16.0,"turns":10.0},{"damage":14.0,"enemies":"2 Thieves","floor":18.0,"turns":3.0},{"damage":0.0,"enemies":"3 Byrds","floor":21.0,"turns":4.0},{"damage":8.0,"enemies":"Cultist and Chosen","floor":24.0,"turns":7.0},{"damage":11.0,"enemies":"Book of Stabbing","floor":27.0,"turns":6.0},{"damage":20.0,"enemies":"Gremlin Leader","floor":29.0,"turns":8.0},{"damage":10.0,"enemies":"Centurion and Healer","floor":31.0,"turns":8.0},{"damage":49.0,"enemies":"Champ","floor":33.0,"turns":18.0},{"damage":1,"enemies":"3 Shapes","floor":35,"turns":6},{"damage":10,"enemies":"Orb Walker","floor":39,"turns":4},{"damage":40,"enemies":"Giant Head","floor":41,"turns":11},{"damage":0,"enemies":"Jaw Worm Horde","floor":42,"turns":4},{"damage":5,"enemies":"Writhing Mass","floor":45,"turns":4},{"damage":16,"enemies":"Sphere and 2 Shapes","floor":46,"turns":4},{"damage":27,"enemies":"Awakened One","floor":50,"turns":16}],"seed_played":"7337334882078425950","potions_obtained":[{"floor":4.0,"key":"Dexterity Potion"},{"floor":7.0,"key":"SteroidPotion"},{"floor":14.0,"key":"SpeedPotion"},{"floor":21.0,"key":"Dexterity Potion"},{"floor":27.0,"key":"AttackPotion"},{"floor":29.0,"key":"Regen Potion"},{"floor":31.0,"key":"SkillPotion"},{"floor":35,"key":"GamblersBrew"},{"floor":46,"key":"SkillPotion"},{"floor":48,"key":"LiquidBronze"}],"is_trial":false,"path_per_floor":["M","T","?","M","$","R","E","R","T","M","?","R","M","M","R","B",null,"M","?","$","M","?","R","M","?","T","E","R","E","R","M","R","B",null,"M","?","?","?","M","R","E","M","T","$","M","M","R","?","R","B",null],"character_chosen":"THE_SILENT","items_purchased":["Dash","Whetstone","Ice Cream","Vajra","Poison Potion","Acrobatics"],"campfire_rested":5,"item_purchase_floors":[5,5,20,44,44,44],"current_hp_per_floor":[76,76,76,76,76,76,55,55,55,55,60,60,60,57,57,23,67,53,53,53,53,53,77,69,69,69,58,58,38,62,67,67,18,66,65,65,65,55,45,69,39,39,39,39,34,18,45,45,72,45],"gold":56,"neow_bonus":"TEN_PERCENT_HP_BONUS","is_prod":false,"is_daily":false,"chose_seed":false,"campfire_upgraded":6,"win_rate":0,"timestamp":1543625491,"path_taken":["M","?","?","M","$","R","E","R","T","M","?","R","M","M","R","BOSS","M","?","$","M","?","R","M","?","T","E","R","E","R","M","R","BOSS","M","?","?","?","M","R","E","M","T","$","M","M","R","?","R","BOSS"],"build_version":"2018-11-15","purchased_purges":2,"victory":true,"max_hp_per_floor":[77,77,77,77,77,77,77,77,77,77,82,82,82,82,82,82,82,82,82,82,82,82,82,82,82,82,82,82,82,82,82,82,82,82,82,82,82,82,82,82,92,92,92,92,92,92,92,92,92,92],"card_choices":[{"not_picked":["Deflect","Bane"],"picked":"Flechettes","floor":1.0},{"not_picked":["Bouncing Flask","Heel Hook"],"picked":"Dash","floor":4.0},{"not_picked":["Flechettes","Accuracy"],"picked":"Skewer","floor":7.0},{"not_picked":["Deflect","Dagger Spray","Grand Finale"],"picked":"SKIP","floor":10.0},{"not_picked":["Acrobatics","Quick Slash"],"picked":"Backflip","floor":13.0},{"not_picked":["Poisoned Stab","Choke"],"picked":"Noxious Fumes","floor":14.0},{"not_picked":["Phantasmal Killer","Glass Knife"],"picked":"Burst","floor":16.0},{"not_picked":["Dagger Throw","Endless Agony+1","Skewer"],"picked":"SKIP","floor":18.0},{"not_picked":["Underhanded Strike+1","Dodge and Roll+1"],"picked":"PiercingWail","floor":21.0},{"not_picked":["Underhanded Strike","Reflex+1","Dagger Spray"],"picked":"SKIP","floor":24.0},{"not_picked":["Concentrate","Poisoned Stab"],"picked":"Tools of the Trade","floor":27.0},{"not_picked":["Dagger Throw","Acrobatics"],"picked":"PiercingWail+1","floor":29.0},{"not_picked":["Tactician+1","Underhanded Strike+1"],"picked":"Predator+1","floor":31.0},{"not_picked":["Heel Hook","Eviscerate","Flying Knee+1"],"picked":"SKIP","floor":31.0},{"not_picked":["Unload","Wraith Form v2"],"picked":"Malaise","floor":33.0},{"not_picked":["Reflex+1","Blade Dance+1"],"picked":"Crippling Poison+1","floor":35},{"not_picked":["Escape Plan","Deadly Poison","Underhanded Strike"],"picked":"SKIP","floor":35},{"not_picked":["Infinite Blades+1","Prepared+1"],"picked":"Leg Sweep+1","floor":39},{"not_picked":["Sucker Punch+1","Caltrops","Dagger Throw+1"],"picked":"SKIP","floor":39},{"not_picked":["Dagger Spray+1","Unload","Underhanded Strike"],"picked":"SKIP","floor":41},{"not_picked":["Cloak And Dagger","Tactician+1"],"picked":"Bouncing Flask+1","floor":42},{"not_picked":["Well Laid Plans","Tactician+1","Prepared"],"picked":"SKIP","floor":42},{"not_picked":["Distraction+1","Poisoned Stab"],"picked":"Concentrate+1","floor":45},{"not_picked":["Finisher+1","Poisoned Stab","Acrobatics"],"picked":"SKIP","floor":45},{"not_picked":["Skewer","PiercingWail"],"picked":"Footwork","floor":46},{"not_picked":["Choke+1","Dagger Spray","Predator"],"picked":"SKIP","floor":46}],"player_experience":336256,"relics_obtained":[{"floor":2.0,"key":"Art of War"},{"floor":7.0,"key":"Snake Skull"},{"floor":9.0,"key":"Juzu Bracelet"},{"floor":26.0,"key":"Centennial Puzzle"},{"floor":27.0,"key":"Prayer Wheel"},{"floor":29.0,"key":"Smiling Mask"},{"floor":41,"key":"Pear"},{"floor":43,"key":"Ninja Scroll"}],"event_choices":[{"damage_healed":0.0,"max_hp_gain":0.0,"max_hp_loss":0.0,"gold_gain":175.0,"event_name":"Liars Game","player_choice":"AGREE","floor":3.0,"gold_loss":0.0,"damage_taken":0.0,"cards_obtained":["Doubt"]},{"damage_healed":0.0,"max_hp_gain":5.0,"max_hp_loss":0.0,"gold_gain":0.0,"event_name":"Big Fish","player_choice":"Donut","floor":11.0,"gold_loss":0.0,"damage_taken":0.0},{"damage_healed":0.0,"max_hp_gain":0.0,"max_hp_loss":0.0,"gold_gain":99.0,"event_name":"Nest","player_choice":"Stole From Cult","floor":19.0,"gold_loss":0.0,"damage_taken":0.0},{"damage_healed":0.0,"max_hp_gain":0.0,"max_hp_loss":0.0,"gold_gain":0.0,"event_name":"Beggar","player_choice":"Ignored","floor":22.0,"gold_loss":0.0,"damage_taken":0.0},{"damage_healed":0.0,"max_hp_gain":0.0,"max_hp_loss":0.0,"gold_gain":0.0,"event_name":"WeMeetAgain","player_choice":"Gave Potion","floor":25.0,"gold_loss":0.0,"damage_taken":0.0,"relics_obtained":["Paper Crane"]},{"damage_healed":0,"gold_gain":0,"player_choice":"Ignored","damage_taken":0,"max_hp_gain":0,"max_hp_loss":0,"event_name":"Tomb of Lord Red Mask","floor":36,"gold_loss":0},{"cards_removed":["Defend_G"],"damage_healed":0,"gold_gain":0,"player_choice":"Removed Skill","damage_taken":0,"max_hp_gain":0,"max_hp_loss":0,"event_name":"Falling","floor":37,"gold_loss":0},{"damage_healed":0,"gold_gain":0,"player_choice":"Embrace Madness","damage_taken":10,"max_hp_gain":0,"max_hp_loss":0,"event_name":"Winding Halls","floor":38,"gold_loss":0,"cards_obtained":["Madness","Madness"]},{"damage_healed":0,"gold_gain":0,"player_choice":"Got Potions","damage_taken":0,"max_hp_gain":0,"max_hp_loss":0,"event_name":"Lab","floor":48,"gold_loss":0}],"is_beta":false,"boss_relics":[{"not_picked":["Runic Dome","Orrery"],"picked":"Astrolabe"},{"not_picked":["Pandora\u0027s Box","Ring of the Serpent"],"picked":"Fusion Hammer"}],"items_purged_floors":[5,44],"is_endless":false,"potions_floor_spawned":[4,7,14,21,27,29,31,35,46],"ascension_level":5}