{"gold_per_floor":[114,133,133,208,231,231,156,192,192,213,213,213,14,30,30,151,151,175,175,54,38,38,38],"floor_reached":23,"playtime":1145,"items_purged":["Strike_R","Strike_R","Strike_R"],"score":265,"play_id":"d0f8b5e4-0a3e-46dc-aacc-955b90b93b3a","local_time":"20190106092948","is_ascension_mode":true,"campfire_choices":[{"floor":6,"key":"REST"},{"floor":11,"key":"REST"},{"data":"Body Slam","floor":15,"key":"SMITH"}],"neow_cost":"NONE","seed_source_timestamp":604819789368230,"circlet_count":0,"master_deck":["Strike_R","Defend_R","Defend_R","Defend_R","Defend_R","Bash","Pommel Strike","Fiend Fire","Metallicize","Twin Strike","Shrug It Off","Feel No Pain","Body Slam+1","Offering","Battle Trance+1","Thunderclap","Uppercut"],"relics":["Burning Blood","NeowsBlessing","Golden Idol","Singing Bowl","Regal Pillow","Snecko Eye","The Courier"],"potions_floor_usage":[16,16],"damage_taken":[{"damage":0,"enemies":"Cultist","floor":1,"turns":1},{"damage":0,"enemies":"Small Slimes","floor":2,"turns":1},{"damage":0,"enemies":"2 Louse","floor":5,"turns":1},{"damage":41,"enemies":"Gremlin Nob","floor":8,"turns":5},{"damage":21,"enemies":"Lots of Slimes","floor":10,"turns":4},{"damage":10,"enemies":"3 Louse","floor":14,"turns":4},{"damage":53,"enemies":"Slime Boss","floor":16,"turns":13},{"damage":8,"enemies":"3 Byrds","floor":18,"turns":6},{"damage":15,"enemies":"2 Thieves","floor":21,"turns":4},{"damage":68,"enemies":"Gremlin Leader","floor":23,"turns":5}],"seed_played":"4187430774943898783","potions_obtained":[{"floor":5,"key":"Regen Potion"},{"floor":10,"key":"Weak Potion"},{"floor":16,"key":"Dexterity Potion"},{"floor":21,"key":"Explosive Potion"}],"is_trial":false,"path_per_floor":["M","M","?","?","M","R","$","E","T","M","R","?","$","M","R","B",null,"M","?","$","M","$","E"],"character_chosen":"IRONCLAD","items_purchased":["Shrug It Off","Feel No Pain","Thunderclap"],"campfire_rested":2,"item_purchase_floors":[13,13,20],"current_hp_per_floor":[78,80,60,52,58,80,80,45,45,32,71,71,71,67,67,35,70,68,68,68,59,59,0],"gold":38,"neow_bonus":"THREE_ENEMY_KILL","is_prod":false,"is_daily":false,"chose_seed":false,"campfire_upgraded":1,"win_rate":0,"timestamp":1546734588,"path_taken":["M","?","?","?","?","R","$","E","T","M","R","?","$","M","R","BOSS","M","?","$","?","$","E"],"build_version":"2019-01-03v4","purchased_purges":3,"victory":false,"max_hp_per_floor":[80,80,80,80,80,80,80,80,80,82,82,82,82,82,82,82,82,82,82,82,82,82,82],"card_choices":[{"not_picked":["Clash","Bloodletting"],"picked":"Pommel Strike","floor":1},{"not_picked":["Searing Blow","Armaments"],"picked":"Fiend Fire","floor":2},{"not_picked":["Heavy Blade","Searing Blow"],"picked":"Metallicize","floor":5},{"not_picked":["Headbutt","Barricade"],"picked":"Twin Strike","floor":8},{"not_picked":["Wild Strike","Twin Strike","Pummel"],"picked":"Singing Bowl","floor":10},{"not_picked":["Twin Strike","Spot Weakness"],"picked":"Body Slam","floor":14},{"not_picked":["Juggernaut","Barricade"],"picked":"Offering","floor":16},{"not_picked":["Sentinel","Thunderclap+1"],"picked":"Battle Trance+1","floor":18},{"not_picked":["Anger","Wild Strike"],"picked":"Uppercut","floor":21}],"player_experience":163432,"relics_obtained":[{"floor":8,"key":"Singing Bowl"},{"floor":9,"key":"Regal Pillow"}],"event_choices":[{"damage_healed":0,"gold_gain":0,"player_choice":"Take Damage","damage_taken":20,"relics_obtained":["Golden Idol"],"max_hp_gain":0,"max_hp_loss":0,"event_name":"Golden Idol","floor":3,"gold_loss":0},{"damage_healed":0,"gold_gain":75,"player_choice":"Touch","damage_taken":8,"max_hp_gain":0,"max_hp_loss":0,"event_name":"FaceTrader","floor":4,"gold_loss":0},{"cards_removed":["Strike_R"],"damage_healed":0,"gold_gain":0,"player_choice":"Offered Basic","damage_taken":0,"max_hp_gain":0,"max_hp_loss":0,"event_name":"Bonfire Elementals","floor":12,"gold_loss":0},{"damage_healed":0,"gold_gain":0,"player_choice":"Gave Potion","damage_taken":0,"relics_obtained":["The Courier"],"max_hp_gain":0,"max_hp_loss":0,"event_name":"WeMeetAgain","floor":19,"gold_loss":0}],"is_beta":false,"boss_relics":[{"not_picked":["Black Blood","Runic Pyramid"],"picked":"Snecko Eye"}],"items_purged_floors":[7,13,20],"is_endless":false,"potions_floor_spawned":[5,10,16,21],"killed_by":"Gremlin Leader","ascension_level":8}