{"path_per_floor":["M","M","M","M","M","E","R","E","T","$","E","R","?","M","R","B",null,"M","?","$","M","?","E","R","M","T","$","R","M","M","M","R","B",null,"M","$","?","?","?","E","R","M","T","$","E","R","?","?","R","B"],"character_chosen":"DEFECT","items_purchased":["Gambling Chip","Pen Nib","Frozen Eye","Whetstone","Pear","Enlightenment","Apotheosis","Question Card","Cauldron","Unceasing Top","Matryoshka","Frozen Egg 2","Letter Opener","Finesse","Torii","Thread and Needle","Girya"],"gold_per_floor":[286,579,838,1131,1338,1843,1843,2329,2355,1628,2098,2098,2098,2324,2324,3556,3556,3836,3751,3065,3304,3229,3736,3736,3967,3967,3044,3044,3251,3567,3830,3830,4929,4929,5139,4187,4187,4187,4187,4951,4951,5235,5235,4189,4586,4586,4586,4586,4586,4586],"floor_reached":51,"campfire_rested":2,"playtime":2893,"current_hp_per_floor":[75,75,72,65,53,37,59,61,61,61,52,75,75,89,89,57,89,89,89,99,99,99,99,99,106,106,106,106,106,106,106,106,101,106,106,106,106,106,106,106,106,106,106,106,106,106,112,112,112,100],"items_purged":["Strike_B","Strike_B","Defend_B","Regret"],"gold":4586,"score":993,"play_id":"a464d768-a5f3-4d92-915b-a3889807ff06","local_time":"20180507165206","is_prod":false,"is_daily":false,"chose_seed":false,"is_ascension_mode":false,"campfire_upgraded":4,"timestamp":1525683126,"path_taken":["M","M","M","M","M","E","R","E","T","?","E","R","?","M","R","BOSS","M","?","$","M","?","E","R","M","T","$","R","M","M","M","R","BOSS","M","$","?","?","?","E","R","M","T","$","E","R","?","?","R","BOSS"],"build_version":"2018-05-03","seed_source_timestamp":9448935262752,"purchased_purges":5,"victory":true,"master_deck":["Strike_B+1","Defend_B","Defend_B","Zap","Skim","Sweeping Beam+1","Skim","Skim","Streamline","Gash","Defragment","Self Repair","Tempest+1","Impulse+1","Turbo+1","Consume","Turbo+1","BootSequence","Turbo+1","Double Energy","White Noise","Nova","Thunder Strike","Echo Form+1","Creative AI","Enlightenment","Apotheosis+1","Biased Cognition","Biased Cognition","Biased Cognition","Biased Cognition","Finesse+1","Panache+1","Writhe"],"max_hp_per_floor":[75,75,75,75,75,75,75,75,75,75,75,75,75,89,89,89,89,89,89,99,99,99,99,99,106,106,106,106,106,106,106,106,106,106,106,106,106,106,106,106,106,106,106,106,106,106,112,112,112,112],"relics":["Cracked Core","Lantern","Bag of Marbles","Juzu Bracelet","Dodecahedron","Ginger","Oddly Smooth Stone","Blood Vial","Bag of Preparation","Gremlin Horn","Centennial Puzzle","Bronze Scales","Gambling Chip","Pen Nib","Frozen Eye","Happy Flower","Regal Pillow","Kunai","Mango","Anchor","War Paint","Ancient Tea Set","Snecko Eye","Shuriken","Molten Egg 2","Whetstone","Pear","Toxic Egg 2","Vajra","Orichalcum","Strawberry","Meat on the Bone","Question Card","Cauldron","Unceasing Top","Dream Catcher","Pantograph","Ice Cream","Bottled Lightning","Mercury Hourglass","Darkstone Periapt","Inserter","Mummified Hand","Matryoshka","Frozen Egg 2","Letter Opener","Peace Pipe","Old Coin","Toolbox","Bottled Flame","Calipers","Torii","Thread and Needle","Girya","Bird Faced Urn","Sundial"],"card_choices":[{"not_picked":["Rebound","Barrage"],"picked":"Skim","floor":1},{"not_picked":["Chaos","Stack"],"picked":"Sweeping Beam","floor":1},{"not_picked":["Leap","Skim"],"picked":"Sweeping Beam","floor":1},{"not_picked":["Cold Snap","Coolheaded"],"picked":"Skim","floor":1},{"not_picked":["Ball Lightning","Redo"],"picked":"Skim","floor":2},{"not_picked":["Chill","Capacitor"],"picked":"Streamline","floor":3},{"not_picked":["Lockon","Force Field"],"picked":"Gash","floor":3},{"not_picked":["Melter","Loop"],"picked":"Defragment","floor":3},{"not_picked":["Skim","Loop"],"picked":"Sunder","floor":4},{"not_picked":["Cold Snap","Capacitor"],"picked":"Self Repair","floor":4},{"not_picked":["Sweeping Beam","Turbo"],"picked":"Tempest","floor":4},{"not_picked":["Barrage","Loop"],"picked":"Impulse","floor":5},{"not_picked":["Creative AI","Capacitor"],"picked":"Turbo","floor":5},{"not_picked":["Beam Cell","Coolheaded"],"picked":"Consume","floor":5},{"not_picked":["Amplify","Streamline"],"picked":"Turbo","floor":5},{"not_picked":["Chaos","Reinforced Body"],"picked":"BootSequence","floor":8},{"not_picked":["Amplify","Rebound"],"picked":"Turbo","floor":8},{"not_picked":["Conserve Battery","Steam Power"],"picked":"Double Energy","floor":8},{"not_picked":["Ball Lightning","Go for the Eyes"],"picked":"White Noise","floor":11},{"not_picked":["Sunder","Sweeping Beam"],"picked":"Nova","floor":14},{"not_picked":["Machine Learning","Reboot"],"picked":"Thunder Strike","floor":16},{"not_picked":["Meteor Strike","Rainbow"],"picked":"Echo Form","floor":16},{"not_picked":["Prime","Thunder Strike"],"picked":"Creative AI","floor":16},{"not_picked":["Hyperbeam","Fusion","All For One"],"picked":"Biased Cognition","floor":33},{"not_picked":["Fission","Echo Form","Meteor Strike"],"picked":"Biased Cognition","floor":33},{"not_picked":["Seek","Meteor Strike","Amplify"],"picked":"Biased Cognition","floor":33},{"not_picked":["Thunder Strike","Fusion","Seek"],"picked":"Biased Cognition","floor":33},{"not_picked":["Flash of Steel","Purity","Mind Blast"],"picked":"Panache","floor":39}],"player_experience":17688,"potions_floor_usage":[4,5,6,8,8,11,16,16,16,23,29,29,29,33,33,45,45],"damage_taken":[{"damage":0,"enemies":"Cultist","floor":1,"turns":3},{"damage":0,"enemies":"Small Slimes","floor":2,"turns":2},{"damage":3,"enemies":"Jaw Worm","floor":3,"turns":3},{"damage":7,"enemies":"Exordium Thugs","floor":4,"turns":4},{"damage":28,"enemies":"Gremlin Gang","floor":5,"turns":4},{"damage":16,"enemies":"Gremlin Nob","floor":6,"turns":3},{"damage":16,"enemies":"3 Sentries","floor":8,"turns":4},{"damage":18,"enemies":"Lagavulin","floor":11,"turns":3},{"damage":0,"enemies":"Looter","floor":14,"turns":2},{"damage":39,"enemies":"Hexaghost","floor":16,"turns":6},{"damage":0,"enemies":"Shell Parasite","floor":18,"turns":1},{"damage":0,"enemies":"Chosen","floor":21,"turns":2},{"damage":0,"enemies":"Gremlin Leader","floor":23,"turns":1},{"damage":0,"enemies":"Snake Plant","floor":25,"turns":1},{"damage":0,"enemies":"Centurion and Healer","floor":29,"turns":1},{"damage":0,"enemies":"Cultist and Chosen","floor":30,"turns":2},{"damage":4,"enemies":"Chosen and Byrds","floor":31,"turns":4},{"damage":12,"enemies":"Collector","floor":33,"turns":3},{"damage":0,"enemies":"3 Darklings","floor":35,"turns":1},{"damage":0,"enemies":"Giant Head","floor":40,"turns":1},{"damage":0,"enemies":"Flame Bruiser 1 Orb","floor":42,"turns":1},{"damage":0,"enemies":"Nemesis","floor":45,"turns":1},{"damage":22,"enemies":"Time Eater","floor":50,"turns":3}],"event_choices":[{"event_name":"Big Fish","player_choice":"Box","floor":13,"damage_taken":0},{"event_name":"Addict","player_choice":"Obtained Relic","floor":19,"damage_taken":0},{"event_name":"Beggar","player_choice":"Gave Gold","floor":22,"damage_taken":0},{"event_name":"Mysterious Sphere","player_choice":"Ignore","floor":37,"damage_taken":0},{"event_name":"Tomb of Lord Red Mask","player_choice":"Ignored","floor":38,"damage_taken":0},{"event_name":"SensoryStone","player_choice":"Memory 1","floor":39,"damage_taken":0},{"event_name":"Winding Halls","player_choice":"Writhe","floor":47,"damage_taken":0},{"event_name":"Wheel of Change","player_choice":"Card Removal","floor":48,"damage_taken":0}],"boss_relics":[{"not_picked":["White Beast Statue","Philosopher\u0027s Stone"],"picked":"Snecko Eye"},{"not_picked":["Orrery","Astrolabe"],"picked":"Inserter"}],"potions_floor_spawned":[1,2,2,3,3,4,4,5,5,6,6,6,8,8,8,11,14,16,16,18,21,21,23,23,25,25,29,29,29,30,30,31,31,31,33,35,35,40,40,42,42,45],"seed_played":"-4017497810158963205","ascension_level":0,"is_trial":false}