{"gold_per_floor":[111,111,111,111,129,167,186,186,186,206,222,222,147,163,163,259,259,283,61,61,74,74],"floor_reached":22,"playtime":781,"items_purged":["Regret"],"score":411,"play_id":"5e68442d-2500-43c1-864c-bee0ecae966a","local_time":"20190807043848","is_ascension_mode":true,"campfire_choices":[{"floor":12,"key":"REST"},{"data":"Neutralize","floor":15,"key":"SMITH"}],"neow_cost":"NONE","seed_source_timestamp":357338228913100,"circlet_count":0,"master_deck":["AscendersBane","Strike_G","Strike_G","Strike_G","Strike_G","Strike_G","Defend_G","Defend_G","Defend_G","Defend_G","Survivor","Neutralize+1","Riddle With Holes","Cloak And Dagger","Glass Knife","Distraction","Cloak And Dagger","Catalyst","Dagger Spray+1","Bullet Time","Noxious Fumes","HandOfGreed+1","Slice+1","Acrobatics"],"relics":["Ring of the Snake","NeowsBlessing","Du-Vu Doll","Golden Idol","Snake Skull","Molten Egg 2","Sozu"],"potions_floor_usage":[10,14,16,16],"damage_taken":[{"damage":0,"enemies":"2 Louse","floor":1,"turns":2},{"damage":0,"enemies":"Small Slimes","floor":5,"turns":1},{"damage":0,"enemies":"Lagavulin","floor":6,"turns":1},{"damage":8,"enemies":"Jaw Worm","floor":7,"turns":2},{"damage":12,"enemies":"Large Slime","floor":10,"turns":3},{"damage":4,"enemies":"Exordium Thugs","floor":11,"turns":4},{"damage":5,"enemies":"2 Fungi Beasts","floor":14,"turns":3},{"damage":21,"enemies":"The Guardian","floor":16,"turns":9},{"damage":13,"enemies":"3 Byrds","floor":18,"turns":5},{"damage":28,"enemies":"Spheric Guardian","floor":21,"turns":4},{"damage":0,"enemies":"Shelled Parasite and Fungi","floor":22,"turns":1}],"seed_played":"8741736867957736085","potions_obtained":[{"floor":1,"key":"SteroidPotion"},{"floor":6,"key":"SneckoOil"},{"floor":10,"key":"LiquidBronze"},{"floor":14,"key":"Swift Potion"}],"is_trial":false,"path_per_floor":["M","?","?","?","M","E","M","?","T","M","M","R","$","M","R","B",null,"M","$","?","M","M"],"character_chosen":"THE_SILENT","items_purchased":["Noxious Fumes","HandOfGreed+1"],"campfire_rested":1,"item_purchase_floors":[19,19],"current_hp_per_floor":[59,59,59,36,36,36,28,28,28,16,12,31,31,26,26,5,51,38,38,38,10,10],"gold":74,"neow_bonus":"THREE_ENEMY_KILL","is_prod":false,"is_daily":false,"chose_seed":false,"campfire_upgraded":1,"win_rate":0,"timestamp":1565120328,"path_taken":["M","?","?","?","?","E","M","?","T","M","M","R","?","M","R","BOSS","M","$","?","?","M"],"build_version":"2019-07-17","purchased_purges":1,"victory":false,"max_hp_per_floor":[66,66,66,66,66,66,66,66,66,66,66,66,66,66,66,66,66,66,66,66,66,66],"card_choices":[{"not_picked":["Expertise","Prepared"],"picked":"Riddle With Holes","floor":1},{"not_picked":["Poisoned Stab","Blade Dance"],"picked":"Cloak And Dagger","floor":5},{"not_picked":["Prepared","Outmaneuver"],"picked":"Glass Knife","floor":6},{"not_picked":["Flechettes","Concentrate"],"picked":"Distraction","floor":7},{"not_picked":["Backflip","Dodge and Roll"],"picked":"Catalyst","floor":10},{"not_picked":["Blade Dance","Infinite Blades"],"picked":"Dagger Spray+1","floor":11},{"not_picked":["Outmaneuver","Phantasmal Killer","Slice+1"],"picked":"SKIP","floor":14},{"not_picked":["Corpse Explosion","Wraith Form v2"],"picked":"Bullet Time","floor":16},{"not_picked":["Slice+1","Blade Dance","Cloak And Dagger"],"picked":"SKIP","floor":18},{"not_picked":["Poisoned Stab+1","Flying Knee+1"],"picked":"Acrobatics","floor":21}],"player_experience":609569,"relics_obtained":[{"floor":6,"key":"Snake Skull"},{"floor":9,"key":"Molten Egg 2"}],"event_choices":[{"damage_healed":0,"gold_gain":0,"player_choice":"Box","damage_taken":0,"relics_obtained":["Du-Vu Doll"],"max_hp_gain":0,"max_hp_loss":0,"event_name":"Big Fish","floor":2,"gold_loss":0,"cards_obtained":["Regret"]},{"damage_healed":0,"gold_gain":0,"player_choice":"Ignored","damage_taken":0,"max_hp_gain":0,"max_hp_loss":0,"event_name":"Liars Game","floor":3,"gold_loss":0},{"damage_healed":0,"gold_gain":0,"player_choice":"Take Damage","damage_taken":23,"relics_obtained":["Golden Idol"],"max_hp_gain":0,"max_hp_loss":0,"event_name":"Golden Idol","floor":4,"gold_loss":0},{"damage_healed":0,"gold_gain":0,"player_choice":"1 cards matched","damage_taken":0,"max_hp_gain":0,"max_hp_loss":0,"event_name":"Match and Keep!","floor":8,"gold_loss":0,"cards_obtained":["Cloak And Dagger"]},{"damage_healed":0,"gold_gain":0,"cards_transformed":["Defend_G"],"player_choice":"Transformed","damage_taken":0,"max_hp_gain":0,"max_hp_loss":0,"event_name":"Transmorgrifier","floor":20,"gold_loss":0,"cards_obtained":["Slice"]}],"is_beta":false,"boss_relics":[{"not_picked":["Calling Bell","Busted Crown"],"picked":"Sozu"}],"items_purged_floors":[13],"is_endless":false,"potions_floor_spawned":[1,6,10,14,21],"killed_by":"Shelled Parasite and Fungi","ascension_level":19}