{"gold_per_floor":[114,26,45,65,23,23,39,39,64,64,76,101,101,120,120,191,191,205,217,30,48,48,48,62,62,89,4,4,4,4,54,54,126,126,139,139,151,163,163],"floor_reached":39,"playtime":1931,"items_purged":["Pain"],"score":840,"play_id":"40eeffd0-666e-4c3f-be04-31ae7cdf49f2","local_time":"20190824034948","is_ascension_mode":true,"campfire_choices":[{"data":"Zap","floor":6,"key":"SMITH"},{"data":"Defragment","floor":13,"key":"SMITH"},{"data":"Coolheaded","floor":15,"key":"SMITH"},{"floor":23,"key":"REST"},{"floor":25,"key":"REST"},{"floor":29,"key":"REST"},{"floor":32,"key":"REST"}],"neow_cost":"CURSE","seed_source_timestamp":248305576866600,"circlet_count":0,"master_deck":["AscendersBane","Defend_B","Defend_B","Defend_B","Zap+1","Dualcast","Chaos","Cold Snap","Defragment+1","Coolheaded+1","White Noise","Melter","Ball Lightning","Tempest","Rip and Tear","Coolheaded","All For One","Machine Learning+1","All For One+1","Barrage+1","Beam Cell","Reinforced Body","Defragment","Cold Snap","J.A.X.","FTL","All For One","Cold Snap","Hologram+1","Scrape+1"],"relics":["Cracked Core","Centennial Puzzle","Potion Belt","Astrolabe","Vajra","Bag of Preparation","Inserter"],"potions_floor_usage":[11,28,33,38,38],"damage_taken":[{"damage":6,"enemies":"Cultist","floor":1,"turns":4},{"damage":9,"enemies":"2 Louse","floor":3,"turns":3},{"damage":8,"enemies":"Small Slimes","floor":4,"turns":4},{"damage":10,"enemies":"Looter","floor":7,"turns":4},{"damage":13,"enemies":"Large Slime","floor":11,"turns":5},{"damage":5,"enemies":"3 Sentries","floor":12,"turns":3},{"damage":1,"enemies":"2 Fungi Beasts","floor":14,"turns":3},{"damage":11,"enemies":"The Guardian","floor":16,"turns":10},{"damage":10,"enemies":"Spheric Guardian","floor":18,"turns":3},{"damage":33,"enemies":"2 Thieves","floor":19,"turns":3},{"damage":0,"enemies":"Snecko","floor":21,"turns":3},{"damage":33,"enemies":"Snake Plant","floor":24,"turns":5},{"damage":21,"enemies":"Colosseum Slavers","floor":28,"turns":4},{"damage":57,"enemies":"Champ","floor":33,"turns":9},{"damage":7,"enemies":"3 Shapes","floor":35,"turns":5},{"damage":8,"enemies":"Orb Walker","floor":37,"turns":4},{"damage":25,"enemies":"Transient","floor":38,"turns":6},{"damage":11,"enemies":"Writhing Mass","floor":39,"turns":2}],"seed_played":"-7499615751246741402","potions_obtained":[{"floor":1,"key":"AttackPotion"},{"floor":4,"key":"FearPotion"},{"floor":18,"key":"FocusPotion"},{"floor":33,"key":"PowerPotion"},{"floor":35,"key":"SkillPotion"},{"floor":38,"key":"LiquidBronze"}],"is_trial":false,"path_per_floor":["M","$","M","M","$","R","M","?","T","?","M","E","R","M","R","B",null,"M","M","$","M","?","R","M","R","T","?","?","R","?","?","R","B",null,"M","?","M","M","M"],"character_chosen":"DEFECT","items_purchased":["Defragment","Melter","Defragment","Cold Snap"],"campfire_rested":4,"item_purchase_floors":[2,5,20,20],"current_hp_per_floor":[58,58,49,41,41,41,31,31,31,71,58,53,53,52,52,41,64,54,21,21,21,21,42,9,30,30,30,9,30,44,44,65,8,55,48,48,40,15,4],"gold":163,"neow_bonus":"TRANSFORM_TWO_CARDS","is_prod":false,"is_daily":false,"chose_seed":false,"campfire_upgraded":3,"win_rate":0,"timestamp":1566586188,"path_taken":["M","$","M","?","$","R","M","?","T","?","M","E","R","?","R","BOSS","M","M","$","M","?","R","M","R","T","?","?","R","?","?","R","BOSS","M","?","M","M","M"],"build_version":"2019-07-17","purchased_purges":1,"victory":false,"max_hp_per_floor":[71,71,71,71,71,71,71,71,71,71,71,71,71,71,71,71,71,71,71,71,71,71,71,71,71,71,71,71,71,71,71,71,71,71,71,71,71,71,71],"card_choices":[{"not_picked":["Lockon","Steam Power"],"picked":"Cold Snap","floor":1},{"not_picked":["Stack","Barrage"],"picked":"Coolheaded","floor":3},{"not_picked":["Gash","Force Field"],"picked":"White Noise","floor":4},{"not_picked":["Barrage","Recycle"],"picked":"Ball Lightning","floor":7},{"not_picked":["Hologram","Amplify"],"picked":"Tempest","floor":11},{"not_picked":["Blizzard","Static Discharge"],"picked":"Rip and Tear","floor":12},{"not_picked":["Compile Driver","Go for the Eyes"],"picked":"Coolheaded","floor":14},{"not_picked":["Buffer","Thunder Strike"],"picked":"All For One","floor":16},{"not_picked":["Hologram","Rebound"],"picked":"Beam Cell","floor":18},{"not_picked":["Sweeping Beam","White Noise"],"picked":"Reinforced Body","floor":19},{"not_picked":["Chaos","Beam Cell","Lockon"],"picked":"SKIP","floor":21},{"not_picked":["Rip and Tear","Rebound"],"picked":"FTL","floor":24},{"not_picked":["Multi-Cast","Thunder Strike"],"picked":"All For One","floor":33},{"not_picked":["Undo","Melter"],"picked":"Cold Snap","floor":35},{"not_picked":["Beam Cell","Sweeping Beam+1"],"picked":"Hologram+1","floor":37},{"not_picked":["Cold Snap","Blizzard"],"picked":"Scrape+1","floor":38}],"player_experience":784101,"relics_obtained":[{"floor":9,"key":"Centennial Puzzle"},{"floor":12,"key":"Potion Belt"},{"floor":26,"key":"Vajra"}],"event_choices":[{"damage_healed":0,"gold_gain":0,"player_choice":"Ignored","damage_taken":0,"max_hp_gain":0,"max_hp_loss":0,"event_name":"Liars Game","floor":8,"gold_loss":0},{"cards_removed":["Loop"],"damage_healed":40,"gold_gain":0,"player_choice":"Offered Uncommon","damage_taken":0,"max_hp_gain":0,"max_hp_loss":0,"event_name":"Bonfire Elementals","floor":10,"gold_loss":0},{"damage_healed":0,"gold_gain":0,"player_choice":"Obtain J.A.X.","damage_taken":0,"max_hp_gain":0,"max_hp_loss":0,"event_name":"Drug Dealer","floor":22,"gold_loss":0,"cards_obtained":["J.A.X."]},{"damage_healed":0,"gold_gain":0,"player_choice":"Obtained Relic","damage_taken":0,"relics_obtained":["Bag of Preparation"],"max_hp_gain":0,"max_hp_loss":0,"event_name":"Addict","floor":27,"gold_loss":85},{"damage_healed":0,"gold_gain":0,"player_choice":"Fight","damage_taken":0,"max_hp_gain":0,"max_hp_loss":0,"event_name":"Colosseum","floor":28,"gold_loss":0},{"damage_healed":0,"gold_gain":0,"player_choice":"Fled From Nobs","damage_taken":0,"max_hp_gain":0,"max_hp_loss":0,"event_name":"Colosseum","floor":28,"gold_loss":0},{"damage_healed":14,"gold_gain":0,"player_choice":"Heal","damage_taken":0,"max_hp_gain":0,"max_hp_loss":0,"event_name":"The Library","floor":30,"gold_loss":0},{"damage_healed":0,"gold_gain":50,"player_choice":"Stole From Cult","damage_taken":0,"max_hp_gain":0,"max_hp_loss":0,"event_name":"Nest","floor":31,"gold_loss":0},{"damage_healed":0,"gold_gain":0,"player_choice":"Ignored","damage_taken":0,"max_hp_gain":0,"max_hp_loss":0,"event_name":"Tomb of Lord Red Mask","floor":36,"gold_loss":0}],"is_beta":false,"boss_relics":[{"not_picked":["Calling Bell","Runic Pyramid"],"picked":"Astrolabe"},{"not_picked":["Lizard Tail","Busted Crown"],"picked":"Inserter"}],"items_purged_floors":[20],"is_endless":false,"potions_floor_spawned":[1,4,18,28,33,35,38],"killed_by":"Writhing Mass","ascension_level":19}