{"gold_per_floor":[117,117,117,132,147,165,4,4,4,4,4],"floor_reached":11,"playtime":151,"items_purged":[],"score":126,"play_id":"1925cfb9-540d-42d1-9939-72cc6422b533","local_time":"20190807195436","is_ascension_mode":true,"campfire_choices":[{"floor":8,"key":"REST"},{"data":"Dash","floor":10,"key":"SMITH"}],"neow_cost":"NONE","seed_source_timestamp":412917516354800,"circlet_count":0,"master_deck":["AscendersBane","Strike_G","Strike_G","Strike_G","Strike_G","Strike_G","Defend_G","Defend_G","Defend_G","Defend_G","Defend_G","Survivor","Neutralize","Dagger Spray","Distraction","Dash+1","Escape Plan","Well Laid Plans","Masterful Stab"],"relics":["Ring of the Snake","NeowsBlessing","Gambling Chip","Golden Idol","Unceasing Top"],"potions_floor_usage":[],"damage_taken":[{"damage":0,"enemies":"2 Louse","floor":1,"turns":1},{"damage":0,"enemies":"Small Slimes","floor":4,"turns":1},{"damage":0,"enemies":"Jaw Worm","floor":5,"turns":1},{"damage":3,"enemies":"Blue Slaver","floor":6,"turns":5}],"seed_played":"1144960339225545215","potions_obtained":[{"floor":1,"key":"SteroidPotion"}],"is_trial":false,"path_per_floor":["M","?","?","M","M","M","$","R","T","R","$"],"character_chosen":"THE_SILENT","items_purchased":["Well Laid Plans","Masterful Stab"],"campfire_rested":1,"item_purchase_floors":[7,7],"current_hp_per_floor":[59,33,10,10,10,7,7,26,26,26,26],"gold":4,"neow_bonus":"THREE_ENEMY_KILL","is_prod":false,"is_daily":false,"chose_seed":false,"campfire_upgraded":1,"win_rate":0,"timestamp":1565175276,"path_taken":["M","?","?","M","M","M","$","R","T","R","?"],"build_version":"2019-07-17","purchased_purges":0,"victory":false,"max_hp_per_floor":[66,66,66,66,66,66,66,66,66,66,66],"card_choices":[{"not_picked":["Acrobatics","Deadly Poison"],"picked":"Dagger Spray","floor":1},{"not_picked":["Poisoned Stab","Reflex"],"picked":"Distraction","floor":4},{"not_picked":["Dagger Throw","Heel Hook"],"picked":"Dash","floor":5},{"not_picked":["Dodge and Roll","Deadly Poison"],"picked":"Escape Plan","floor":6}],"player_experience":617909,"relics_obtained":[{"floor":9,"key":"Unceasing Top"}],"event_choices":[{"damage_healed":0,"gold_gain":0,"player_choice":"Success","damage_taken":26,"relics_obtained":["Gambling Chip"],"max_hp_gain":0,"max_hp_loss":0,"event_name":"Scrap Ooze","floor":2,"gold_loss":0},{"damage_healed":0,"gold_gain":0,"player_choice":"Take Damage","damage_taken":23,"relics_obtained":["Golden Idol"],"max_hp_gain":0,"max_hp_loss":0,"event_name":"Golden Idol","floor":3,"gold_loss":0}],"is_beta":false,"boss_relics":[],"items_purged_floors":[],"is_endless":false,"potions_floor_spawned":[1],"ascension_level":20}