{"gold_per_floor":[111,111,111,128,53,53,80,93,93,153,153,173,183,209,209,209],"floor_reached":16,"playtime":966,"items_purged":["Strike_R"],"score":121,"play_id":"dbe0b27a-cce4-459b-8c14-858f8771d005","local_time":"20190824214140","is_ascension_mode":true,"campfire_choices":[{"data":"Heavy Blade","floor":6,"key":"SMITH"},{"floor":15,"key":"REST"}],"neow_cost":"NONE","seed_source_timestamp":694577121064200,"circlet_count":0,"master_deck":["Strike_R","Strike_R","Strike_R+1","Defend_R","Defend_R","Defend_R","Defend_R","Bash+1","Shrug It Off","Heavy Blade+1","Impervious","Heavy Blade","Pommel Strike"],"relics":["Burning Blood","Matryoshka","Bag of Marbles","Gambling Chip","Toxic Egg 2","Dodecahedron"],"potions_floor_usage":[7,12,13,16,16],"damage_taken":[{"damage":11,"enemies":"Cultist","floor":1,"turns":4},{"damage":0,"enemies":"Jaw Worm","floor":4,"turns":6},{"damage":13,"enemies":"Gremlin Nob","floor":7,"turns":4},{"damage":6,"enemies":"2 Louse","floor":8,"turns":3},{"damage":26,"enemies":"3 Sentries","floor":10,"turns":13},{"damage":3,"enemies":"Exordium Wildlife","floor":12,"turns":6},{"damage":25,"enemies":"Gremlin Gang","floor":13,"turns":8},{"damage":25,"enemies":"3 Sentries","floor":14,"turns":9},{"damage":43,"enemies":"Hexaghost","floor":16,"turns":7}],"seed_played":"2782060520978731229","potions_obtained":[{"floor":0,"key":"Ancient Potion"},{"floor":0,"key":"SkillPotion"},{"floor":0,"key":"Strength Potion"},{"floor":8,"key":"Regen Potion"},{"floor":10,"key":"Energy Potion"},{"floor":13,"key":"SpeedPotion"},{"floor":14,"key":"PowerPotion"}],"is_trial":false,"path_per_floor":["M","?","?","M","$","R","E","M","T","?","?","M","M","E","R","B"],"character_chosen":"IRONCLAD","items_purchased":[],"campfire_rested":1,"item_purchase_floors":[],"current_hp_per_floor":[75,75,80,85,85,85,78,78,78,58,41,56,37,18,43,0],"gold":209,"neow_bonus":"THREE_SMALL_POTIONS","is_prod":false,"is_daily":false,"chose_seed":false,"campfire_upgraded":1,"win_rate":0,"timestamp":1566675700,"path_taken":["M","?","?","M","$","R","E","M","T","?","?","?","M","E","R","BOSS"],"build_version":"2019-07-17","purchased_purges":1,"victory":false,"max_hp_per_floor":[80,80,85,85,85,85,85,85,85,85,85,85,85,85,85,85],"card_choices":[{"not_picked":["Burning Pact","Carnage"],"picked":"Shrug It Off","floor":1},{"not_picked":["Perfected Strike","Armaments"],"picked":"Heavy Blade","floor":4},{"not_picked":["Headbutt","Battle Trance","Wild Strike"],"picked":"SKIP","floor":7},{"not_picked":["Headbutt","Clothesline"],"picked":"Impervious","floor":8},{"not_picked":["Whirlwind","Armaments+1"],"picked":"Heavy Blade","floor":10},{"not_picked":["Anger","Sword Boomerang","Second Wind+1"],"picked":"SKIP","floor":12},{"not_picked":["Twin Strike","Power Through+1"],"picked":"Pommel Strike","floor":13},{"not_picked":["Clash","Sentinel+1","Wild Strike"],"picked":"SKIP","floor":14}],"player_experience":49851,"relics_obtained":[{"floor":7,"key":"Matryoshka"},{"floor":9,"key":"Bag of Marbles"},{"floor":9,"key":"Gambling Chip"},{"floor":14,"key":"Dodecahedron"}],"event_choices":[{"cards_removed":["Strike_R"],"damage_healed":0,"gold_gain":0,"player_choice":"Forget","damage_taken":0,"max_hp_gain":0,"max_hp_loss":0,"event_name":"Living Wall","floor":2,"gold_loss":0},{"damage_healed":0,"gold_gain":0,"player_choice":"Donut","damage_taken":0,"max_hp_gain":5,"max_hp_loss":0,"event_name":"Big Fish","floor":3,"gold_loss":0},{"damage_healed":0,"gold_gain":0,"player_choice":"Searched \u00272\u0027 times","damage_taken":0,"relics_obtained":["Toxic Egg 2"],"max_hp_gain":0,"max_hp_loss":0,"event_name":"Dead Adventurer","floor":10,"gold_loss":0},{"damage_healed":0,"gold_gain":0,"player_choice":"Entered Light","damage_taken":17,"max_hp_gain":0,"max_hp_loss":0,"event_name":"Shining Light","floor":11,"gold_loss":0,"cards_upgraded":["Strike_R","Bash"]}],"is_beta":false,"boss_relics":[],"items_purged_floors":[5],"is_endless":false,"potions_floor_spawned":[8,10,13,14],"killed_by":"Hexaghost","ascension_level":2}