{"path_per_floor":["M","M","M","?","?","E","M","R","T","$","?","E","M","?","R","B",null,"M","M","$","?","$"],"character_chosen":"DEFECT","items_purchased":["Shuriken","Bronze Scales","Bag of Preparation","Master of Strategy","Peace Pipe","Matryoshka","Bottled Flame","Torii","Bottled Lightning","Strawberry"],"gold_per_floor":[705,992,1270,1270,1220,1698,1966,1966,1966,1156,1156,1668,1837,1837,1837,3333,3333,3556,3836,2920,2920,2083,2083],"floor_reached":23,"campfire_rested":2,"playtime":1112,"current_hp_per_floor":[75,75,75,75,75,47,37,59,59,59,41,27,8,8,30,21,75,72,61,61,67,74,0],"items_purged":["Strike_B","Strike_B","Writhe"],"gold":2083,"score":324,"play_id":"c362c31e-1cba-4cd4-8b4e-4548b26118f6","local_time":"20180507043011","is_prod":false,"is_daily":false,"chose_seed":false,"is_ascension_mode":false,"campfire_upgraded":0,"timestamp":1525638611,"path_taken":["M","M","?","?","?","E","M","R","T","$","?","E","M","?","R","BOSS","M","M","$","?","$","E"],"build_version":"2018-05-03","seed_source_timestamp":3275442667742,"purchased_purges":3,"victory":false,"master_deck":["Strike_B","Defend_B","Defend_B","Defend_B","Defend_B","Zap","Dualcast","Ball Lightning","Skim","Skim","Auto Shields","Streamline","Impulse","Master of Strategy+1","Ball Lightning","Amplify+1","Creative AI","Creative AI"],"max_hp_per_floor":[75,75,75,75,75,75,75,75,75,75,75,75,75,75,75,75,75,75,75,75,81,88,88],"relics":["Cracked Core","NeowsBlessing","Old Coin","Toolbox","Darkstone Periapt","Vajra","Juzu Bracelet","Mummified Hand","Toxic Egg 2","Shuriken","Bronze Scales","Bag of Preparation","Ornamental Fan","Centennial Puzzle","Kunai","Meat on the Bone","Question Card","Molten Egg 2","Dodecahedron","Cursed Key","Pantograph","Pen Nib","Peace Pipe","Matryoshka","Bottled Flame","Lantern","Torii","Bottled Lightning","Strawberry"],"card_choices":[{"not_picked":["Force Field","Go for the Eyes"],"picked":"Ball Lightning","floor":2},{"not_picked":["Aggregate","Hologram"],"picked":"Skim","floor":2},{"not_picked":["Hologram","Doom and Gloom"],"picked":"Skim","floor":3},{"not_picked":["Scrape","Rebound"],"picked":"Auto Shields","floor":3},{"not_picked":["Doom and Gloom","Stack"],"picked":"Streamline","floor":3},{"not_picked":["Glacier","FTL"],"picked":"Impulse","floor":7},{"not_picked":["Beam Cell","Meteor Strike"],"picked":"Ball Lightning","floor":13},{"not_picked":["Reboot","Rainbow"],"picked":"Amplify","floor":16},{"not_picked":["Thunder Strike","Rainbow"],"picked":"Creative AI","floor":16},{"not_picked":["Hyperbeam","Amplify"],"picked":"Creative AI","floor":16}],"player_experience":16576,"potions_floor_usage":[12,12,23],"damage_taken":[{"damage":0,"enemies":"Cultist","floor":1,"turns":1},{"damage":0,"enemies":"Small Slimes","floor":2,"turns":1},{"damage":0,"enemies":"2 Louse","floor":3,"turns":1},{"damage":28,"enemies":"Gremlin Nob","floor":6,"turns":4},{"damage":10,"enemies":"Looter","floor":7,"turns":2},{"damage":14,"enemies":"Lagavulin","floor":12,"turns":3},{"damage":19,"enemies":"Lots of Slimes","floor":13,"turns":3},{"damage":21,"enemies":"Hexaghost","floor":16,"turns":8},{"damage":3,"enemies":"Shell Parasite","floor":18,"turns":4},{"damage":11,"enemies":"Chosen","floor":19,"turns":4},{"damage":76,"enemies":"Slavers","floor":23,"turns":3}],"event_choices":[{"event_name":"The Woman in Blue","player_choice":"Bought 0 Potions","floor":4,"damage_taken":0},{"event_name":"The Cleric","player_choice":"Card Removal","floor":5,"damage_taken":0},{"event_name":"Scrap Ooze","player_choice":"success","floor":11,"damage_taken":18},{"event_name":"Liars Game","player_choice":"disagreed","floor":14,"damage_taken":0},{"event_name":"The Mausoleum","player_choice":"Yes","floor":21,"damage_taken":0}],"boss_relics":[{"not_picked":["Velvet Choker","Snecko Eye"],"picked":"Cursed Key"}],"potions_floor_spawned":[1,1,3,3,3,6,6,6,7,7,12,13,16,16,16,18,18],"seed_played":"7899067717823845748","killed_by":"Slavers","ascension_level":0,"is_trial":false}