{"path_per_floor":["M","M","?","M","M","?","R","M","T","R","M","R","E","?","R","B",null,"M","?","M","?"],"character_chosen":"DEFECT","items_purchased":[],"gold_per_floor":[114,129,129,144,159,259,259,274,349,349,364,364,394,394,394,494,494,509,509,524,449,449],"floor_reached":22,"campfire_rested":2,"playtime":1038,"current_hp_per_floor":[73,62,47,47,43,43,43,31,31,70,63,63,39,32,65,65,65,65,49,21,21,0],"items_purged":[],"gold":449,"score":236,"play_id":"bb060dab-7118-42c1-9402-bb509717f6d1","local_time":"20180505060222","daily_mods":["Allstar","Binary","Night Terrors"],"is_prod":false,"is_daily":true,"chose_seed":false,"is_ascension_mode":false,"campfire_upgraded":2,"timestamp":1525467742,"path_taken":["M","M","?","M","M","?","R","?","T","R","M","R","E","?","R","BOSS","M","?","M","?","M"],"build_version":"2018-05-03","seed_source_timestamp":0,"purchased_purges":0,"victory":false,"master_deck":["Strike_B","Strike_B+1","Defend_B","Defend_B","Defend_B","Defend_B","Zap","Dualcast","Swift Strike","Magnetism+1","Sadistic Nature","Transmutation","Jack Of All Trades+1","Darkness","Ball Lightning","Rebound","Hologram","Impulse","Defragment+1","Darkness","Hyperbeam+1","Double Energy","Good Instincts","Impulse"],"max_hp_per_floor":[75,75,75,75,75,75,75,75,75,70,70,70,70,70,65,65,65,65,65,65,65,65],"relics":["Cracked Core","Molten Egg 2","Dodecahedron","Inserter"],"card_choices":[{"not_picked":["Tempest"],"picked":"Darkness","floor":1},{"not_picked":["Leap"],"picked":"Ball Lightning","floor":2},{"not_picked":["Axe Kick"],"picked":"Rebound","floor":4},{"not_picked":["Rip and Tear"],"picked":"Hologram","floor":5},{"not_picked":["Recycle"],"picked":"Impulse","floor":8},{"not_picked":["Conserve Battery"],"picked":"Defragment","floor":11},{"not_picked":["Coolheaded"],"picked":"Darkness","floor":13},{"not_picked":["Creative AI"],"picked":"Hyperbeam","floor":16},{"not_picked":["Tempest"],"picked":"Double Energy","floor":18},{"not_picked":["Beam Cell"],"picked":"Impulse","floor":20}],"player_experience":510710,"potions_floor_usage":[16,16,18,22],"damage_taken":[{"damage":2,"enemies":"Small Slimes","floor":1,"turns":3},{"damage":11,"enemies":"Jaw Worm","floor":2,"turns":2},{"damage":0,"enemies":"2 Louse","floor":4,"turns":2},{"damage":4,"enemies":"Gremlin Gang","floor":5,"turns":3},{"damage":12,"enemies":"3 Louse","floor":8,"turns":3},{"damage":11,"enemies":"Exordium Wildlife","floor":11,"turns":5},{"damage":24,"enemies":"3 Sentries","floor":13,"turns":5},{"damage":0,"enemies":"Slime Boss","floor":16,"turns":4},{"damage":0,"enemies":"Chosen","floor":18,"turns":4},{"damage":28,"enemies":"3 Byrds","floor":20,"turns":3},{"damage":28,"enemies":"Centurion and Healer","floor":22,"turns":5}],"event_choices":[{"event_name":"Shining Light","player_choice":"Entered Light","floor":3,"damage_taken":0},{"event_name":"Wheel of Change","player_choice":"Gold","floor":6,"damage_taken":0},{"event_name":"Golden Wing","player_choice":"Card Removal","floor":14,"damage_taken":0},{"event_name":"Knowing Skull","player_choice":"CARD ","floor":19,"damage_taken":0},{"event_name":"Beggar","player_choice":"Gave Gold","floor":21,"damage_taken":0}],"boss_relics":[{"not_picked":["Snecko Eye","Calling Bell"],"picked":"Inserter"}],"potions_floor_spawned":[2,5,11,16,18],"seed_played":"-6956837484913016247","killed_by":"Centurion and Healer","ascension_level":0,"is_trial":false}