{"gold_per_floor":[119,132,142,157,157,157,187,187,269,25,25,25,35,35,35,135,135,155,0,49,66,66,66,96,96,145,163,163],"floor_reached":28,"playtime":922,"items_purged":[],"score":458,"play_id":"4823b76d-aa34-433b-8656-77ebcc9bc3de","local_time":"20190827121932","is_ascension_mode":true,"campfire_choices":[{"data":"Bash","floor":6,"key":"SMITH"},{"floor":8,"key":"DIG"},{"floor":11,"key":"DIG"},{"floor":15,"key":"REST"},{"floor":23,"key":"DIG"},{"floor":25,"key":"REST"}],"neow_cost":"TEN_PERCENT_HP_LOSS","seed_source_timestamp":539104136435500,"circlet_count":0,"master_deck":["AscendersBane","Strike_R","Strike_R","Strike_R","Strike_R","Defend_R+1","Defend_R","Defend_R+1","Defend_R","Bash+1","Immolate","Wild Strike","Inflame","Heavy Blade","Twin Strike","Heavy Blade","Clothesline","Flex","Evolve","Exhume","Burning Pact","Pommel Strike+1"],"relics":["Burning Blood","Shovel","War Paint","Gremlin Horn","ClockworkSouvenir","Bronze Scales","Runic Dome","Juzu Bracelet","Omamori","Dodecahedron","Pen Nib","Darkstone Periapt","Happy Flower"],"potions_floor_usage":[16,16,18],"damage_taken":[{"damage":0,"enemies":"Small Slimes","floor":1,"turns":3},{"damage":1,"enemies":"Cultist","floor":2,"turns":3},{"damage":0,"enemies":"2 Louse","floor":3,"turns":1},{"damage":24,"enemies":"Large Slime","floor":4,"turns":4},{"damage":15,"enemies":"3 Sentries","floor":7,"turns":4},{"damage":3,"enemies":"Looter","floor":13,"turns":3},{"damage":0,"enemies":"Slime Boss","floor":16,"turns":6},{"damage":24,"enemies":"Shell Parasite","floor":18,"turns":4},{"damage":20,"enemies":"Spheric Guardian","floor":21,"turns":4},{"damage":47,"enemies":"Book of Stabbing","floor":24,"turns":5},{"damage":12,"enemies":"Snake Plant","floor":27,"turns":4},{"damage":33,"enemies":"Shelled Parasite and Fungi","floor":28,"turns":2}],"seed_played":"-3163743729145747604","potions_obtained":[{"floor":3,"key":"EntropicBrew"},{"floor":7,"key":"Energy Potion"},{"floor":21,"key":"Ancient Potion"}],"is_trial":false,"path_per_floor":["M","M","M","M","?","R","E","R","T","$","R","?","M","?","R","B",null,"M","$","T","M","?","R","E","R","T","M","M"],"character_chosen":"IRONCLAD","items_purchased":["ClockworkSouvenir","Flex","Juzu Bracelet"],"campfire_rested":2,"item_purchase_floors":[10,10,19],"current_hp_per_floor":[72,72,72,54,54,54,45,45,45,45,45,45,48,41,62,68,71,71,71,71,57,57,57,16,37,37,31,0],"gold":163,"neow_bonus":"THREE_RARE_CARDS","is_prod":false,"is_daily":false,"chose_seed":false,"campfire_upgraded":1,"win_rate":0,"timestamp":1566875972,"path_taken":["M","M","M","M","?","R","E","R","T","$","R","?","M","?","R","BOSS","M","$","?","M","?","R","E","R","T","M","M"],"build_version":"2019-07-17","purchased_purges":0,"victory":false,"max_hp_per_floor":[72,72,72,72,72,72,72,72,72,72,72,72,72,72,72,72,72,72,72,72,72,72,72,72,72,72,72,72],"card_choices":[{"not_picked":["Dark Embrace","Bludgeon"],"picked":"Immolate","floor":0},{"not_picked":["Perfected Strike","Fire Breathing"],"picked":"Wild Strike","floor":1},{"not_picked":["Entrench","Wild Strike"],"picked":"Inflame","floor":2},{"not_picked":["Headbutt","Clash"],"picked":"Heavy Blade","floor":3},{"not_picked":["Sword Boomerang","Perfected Strike"],"picked":"Twin Strike","floor":4},{"not_picked":["Anger","Carnage"],"picked":"Clothesline","floor":7},{"not_picked":["Shockwave","Warcry"],"picked":"Evolve","floor":13},{"not_picked":["Brutality","Demon Form"],"picked":"Exhume","floor":16},{"not_picked":["Warcry","True Grit","Thunderclap"],"picked":"SKIP","floor":18},{"not_picked":["Havoc","Seeing Red","Berserk"],"picked":"SKIP","floor":21},{"not_picked":["Wild Strike","Infernal Blade"],"picked":"Burning Pact","floor":24},{"not_picked":["Thunderclap","Pummel"],"picked":"Pommel Strike+1","floor":27}],"player_experience":855455,"relics_obtained":[{"floor":7,"key":"Shovel"},{"floor":8,"key":"War Paint"},{"floor":9,"key":"Gremlin Horn"},{"floor":11,"key":"Bronze Scales"},{"floor":20,"key":"Omamori"},{"floor":23,"key":"Pen Nib"},{"floor":24,"key":"Darkstone Periapt"},{"floor":26,"key":"Happy Flower"}],"event_choices":[{"damage_healed":0,"gold_gain":0,"cards_transformed":["Strike_R"],"player_choice":"Change","damage_taken":0,"max_hp_gain":0,"max_hp_loss":0,"event_name":"Living Wall","floor":5,"gold_loss":0,"cards_obtained":["Heavy Blade"]},{"damage_healed":0,"gold_gain":0,"player_choice":"Ignored","damage_taken":0,"max_hp_gain":0,"max_hp_loss":0,"event_name":"Liars Game","floor":12,"gold_loss":0},{"damage_healed":0,"gold_gain":0,"player_choice":"Damaged","damage_taken":7,"max_hp_gain":0,"max_hp_loss":0,"event_name":"Wheel of Change","floor":14,"gold_loss":0},{"damage_healed":0,"gold_gain":0,"player_choice":"Opened","damage_taken":0,"relics_obtained":["Dodecahedron"],"max_hp_gain":0,"max_hp_loss":0,"event_name":"The Mausoleum","floor":22,"gold_loss":0,"cards_obtained":["Writhe"]}],"is_beta":false,"boss_relics":[{"not_picked":["Astrolabe","Eternal Feather"],"picked":"Runic Dome"}],"items_purged_floors":[],"is_endless":false,"potions_floor_spawned":[3,7,21],"killed_by":"Shelled Parasite and Fungi","ascension_level":12}