{"gold_per_floor":[15,31,48,63,78,78,109,109,109,127,147,163,175,195,195,298,298,315,390,128,88,100,100,134,134,164,182,199,25,38,38],"floor_reached":31,"playtime":1918,"items_purged":["Strike_R","Strike_R"],"score":395,"play_id":"ed400181-e3a4-4eaf-a4e1-332637dbd485","local_time":"20190808164910","is_ascension_mode":true,"campfire_choices":[{"data":"Bash","floor":6,"key":"SMITH"},{"data":"True Grit","floor":8,"key":"SMITH"},{"floor":15,"key":"REST"},{"data":"Corruption","floor":23,"key":"SMITH"},{"floor":25,"key":"REST"}],"neow_cost":"NO_GOLD","seed_source_timestamp":486424417407200,"circlet_count":0,"master_deck":["Strike_R","Strike_R","Strike_R","Defend_R","Defend_R","Defend_R","Defend_R","Bash+1","Flex","Twin Strike","Shrug It Off","Flex","Impervious","True Grit+1","Heavy Blade","Reckless Charge","Flex","Corruption+1","Inflame","Dark Embrace","Flame Barrier","Havoc","Headbutt","Second Wind","Intimidate","Seeing Red","Whirlwind","Evolve","Reckless Charge","Heavy Blade","Offering","Armaments+1","Armaments+1","Flex"],"relics":["Burning Blood","Omamori","Bronze Scales","Orrery","Regal Pillow","Tiny Chest"],"potions_floor_usage":[5,7,13,16,18,24,24,30,30],"damage_taken":[{"damage":2,"enemies":"Small Slimes","floor":1,"turns":4},{"damage":1,"enemies":"Cultist","floor":2,"turns":3},{"damage":7,"enemies":"Jaw Worm","floor":3,"turns":3},{"damage":13,"enemies":"Blue Slaver","floor":4,"turns":3},{"damage":28,"enemies":"Exordium Thugs","floor":5,"turns":5},{"damage":37,"enemies":"3 Sentries","floor":7,"turns":8},{"damage":14,"enemies":"Exordium Wildlife","floor":10,"turns":5},{"damage":3,"enemies":"Looter","floor":11,"turns":2},{"damage":6,"enemies":"3 Louse","floor":12,"turns":2},{"damage":4,"enemies":"Lots of Slimes","floor":13,"turns":3},{"damage":8,"enemies":"Blue Slaver","floor":14,"turns":3},{"damage":25,"enemies":"Slime Boss","floor":16,"turns":12},{"damage":12,"enemies":"3 Byrds","floor":18,"turns":2},{"damage":18,"enemies":"Chosen","floor":22,"turns":6},{"damage":39,"enemies":"Book of Stabbing","floor":24,"turns":5},{"damage":30,"enemies":"Shelled Parasite and Fungi","floor":27,"turns":5},{"damage":36,"enemies":"Snake Plant","floor":28,"turns":4},{"damage":25,"enemies":"Centurion and Healer","floor":30,"turns":7},{"damage":19,"enemies":"3 Cultists","floor":31,"turns":4}],"seed_played":"7798905322120297003","potions_obtained":[{"floor":1,"key":"Swift Potion"},{"floor":3,"key":"Weak Potion"},{"floor":7,"key":"GamblersBrew"},{"floor":10,"key":"Block Potion"},{"floor":11,"key":"Weak Potion"},{"floor":21,"key":"FairyPotion"},{"floor":21,"key":"Swift Potion"},{"floor":21,"key":"EssenceOfSteel"},{"floor":24,"key":"Dexterity Potion"},{"floor":30,"key":"Block Potion"}],"is_trial":false,"path_per_floor":["M","M","M","M","M","R","E","R","T","M","M","M","M","M","R","B",null,"M","?","$","?","M","R","E","R","T","M","M","$","M","M"],"character_chosen":"IRONCLAD","items_purchased":["Whirlwind","Evolve","Reckless Charge","Regen Potion"],"campfire_rested":2,"item_purchase_floors":[20,20,20,29],"current_hp_per_floor":[92,96,95,88,66,66,35,35,35,27,30,30,32,30,58,39,82,76,67,67,67,55,55,22,65,65,41,11,11,7,0],"gold":38,"neow_bonus":"TWENTY_PERCENT_HP_BONUS","is_prod":false,"is_daily":false,"chose_seed":false,"campfire_upgraded":3,"win_rate":0,"timestamp":1565250550,"path_taken":["M","M","M","M","M","R","E","R","T","M","M","M","M","M","R","BOSS","M","?","?","?","M","R","E","R","T","M","M","$","?","M"],"build_version":"2019-07-17","purchased_purges":2,"victory":false,"max_hp_per_floor":[96,96,96,96,96,96,96,96,96,96,96,96,96,96,96,96,96,96,96,96,96,96,96,96,96,96,96,96,96,96,96],"card_choices":[{"not_picked":["Iron Wave","Sentinel"],"picked":"Flex","floor":1},{"not_picked":["Iron Wave","Thunderclap"],"picked":"Twin Strike","floor":2},{"not_picked":["Body Slam","Flex"],"picked":"Shrug It Off","floor":3},{"not_picked":["Sword Boomerang","Headbutt"],"picked":"Flex","floor":4},{"not_picked":["True Grit","Anger"],"picked":"Impervious","floor":5},{"not_picked":["Seeing Red","Havoc"],"picked":"True Grit","floor":7},{"not_picked":["Clash","Havoc"],"picked":"Heavy Blade","floor":10},{"not_picked":["Armaments","True Grit"],"picked":"Reckless Charge","floor":11},{"not_picked":["Anger","Twin Strike"],"picked":"Flex","floor":12},{"not_picked":["Headbutt","Double Tap"],"picked":"Corruption","floor":13},{"not_picked":["Bloodletting","Twin Strike"],"picked":"Inflame","floor":14},{"not_picked":["Berserk","Bludgeon"],"picked":"Dark Embrace","floor":16},{"not_picked":["Clothesline","True Grit"],"picked":"Flame Barrier","floor":17},{"not_picked":["Clothesline","Warcry"],"picked":"Havoc","floor":17},{"not_picked":["Perfected Strike","Intimidate"],"picked":"Headbutt","floor":17},{"not_picked":["Disarm","Burning Pact"],"picked":"Second Wind","floor":17},{"not_picked":["Thunderclap","Perfected Strike"],"picked":"Intimidate","floor":17},{"not_picked":["Clothesline","Anger"],"picked":"Seeing Red","floor":18},{"not_picked":["Twin Strike","Infernal Blade"],"picked":"Heavy Blade","floor":22},{"not_picked":["Dropkick","Blood for Blood"],"picked":"Offering","floor":24},{"not_picked":["Clothesline","Sword Boomerang"],"picked":"Armaments+1","floor":27},{"not_picked":["Inflame+1","Shockwave"],"picked":"Armaments+1","floor":28},{"not_picked":["Twin Strike+1","Clothesline+1"],"picked":"Flex","floor":30}],"player_experience":634021,"relics_obtained":[{"floor":7,"key":"Omamori"},{"floor":9,"key":"Bronze Scales"},{"floor":24,"key":"Regal Pillow"},{"floor":26,"key":"Tiny Chest"}],"event_choices":[{"damage_healed":0,"gold_gain":75,"player_choice":"Touch","damage_taken":9,"max_hp_gain":0,"max_hp_loss":0,"event_name":"FaceTrader","floor":19,"gold_loss":0},{"damage_healed":0,"gold_gain":0,"player_choice":"Bought 3 Potions","damage_taken":0,"max_hp_gain":0,"max_hp_loss":0,"event_name":"The Woman in Blue","floor":21,"gold_loss":0}],"is_beta":false,"boss_relics":[{"not_picked":["Tiny House","White Beast Statue"],"picked":"Orrery"}],"items_purged_floors":[20,29],"is_endless":false,"potions_floor_spawned":[1,3,7,10,11,24,30],"killed_by":"3 Cultists","ascension_level":6}