{"gold_per_floor":[216,229,179,179,195,227,21,21,73,100,100,131,143,173,185,299,311,339,18,18,18,36,36],"floor_reached":23,"playtime":2257,"items_purged":[],"score":238,"play_id":"8b27a090-684e-418e-8ffa-bf76019892ce","local_time":"20181109120120","is_ascension_mode":true,"campfire_choices":[{"floor":8,"key":"REST"},{"floor":13,"key":"REST"},{"floor":15,"key":"REST"}],"neow_cost":"NONE","seed_source_timestamp":2039302987784255,"circlet_count":0,"master_deck":["Strike_R","Strike_R","Strike_R","Strike_R","Defend_R","Defend_R","Defend_R","Defend_R","Bash","Ghostly Armor","Second Wind","Armaments","Barricade","True Grit","Clothesline","Feed","Demon Form","Thunderclap","Inflame","Pain","Carnage"],"relics":["Burning Blood","Regal Pillow","Oddly Smooth Stone","Art of War","Centennial Puzzle","Gremlin Horn","Lantern","MawBank","Runic Dome","Ice Cream","WarpedTongs"],"potions_floor_usage":[10,10,16,16,23,23],"damage_taken":[{"damage":3,"enemies":"Jaw Worm","floor":1,"turns":5},{"damage":0,"enemies":"2 Louse","floor":2,"turns":3},{"damage":7,"enemies":"Small Slimes","floor":5,"turns":4},{"damage":77,"enemies":"Lagavulin","floor":6,"turns":15},{"damage":3,"enemies":"3 Sentries","floor":10,"turns":17},{"damage":34,"enemies":"Gremlin Nob","floor":12,"turns":5},{"damage":26,"enemies":"Exordium Thugs","floor":14,"turns":7},{"damage":28,"enemies":"The Guardian","floor":16,"turns":19},{"damage":18,"enemies":"Shell Parasite","floor":18,"turns":6},{"damage":41,"enemies":"Spheric Guardian","floor":22,"turns":8},{"damage":43,"enemies":"Book of Stabbing","floor":23,"turns":4}],"seed_played":"5201482523988214055","potions_obtained":[{"floor":1,"key":"EssenceOfSteel"},{"floor":2,"key":"PowerPotion"},{"floor":6,"key":"Swift Potion"},{"floor":12,"key":"GamblersBrew"},{"floor":14,"key":"EssenceOfSteel"},{"floor":22,"key":"EntropicBrew"}],"is_trial":false,"path_per_floor":["M","M","?","T","M","E","$","R","T","E","?","E","R","M","R","B",null,"M","$","?","?","M","E"],"character_chosen":"IRONCLAD","items_purchased":["Art of War","True Grit","Ice Cream","Inflame"],"campfire_rested":3,"item_purchase_floors":[7,7,19,19],"current_hp_per_floor":[80,80,80,80,79,8,8,47,47,50,47,19,58,42,82,60,84,72,72,72,72,41,0],"gold":36,"neow_bonus":"HUNDRED_GOLD","is_prod":false,"is_daily":false,"chose_seed":false,"campfire_upgraded":0,"win_rate":0,"timestamp":1541793680,"path_taken":["M","M","?","?","M","E","?","R","T","E","?","E","R","M","R","BOSS","M","$","?","?","M","E"],"build_version":"2018-11-08","purchased_purges":0,"victory":false,"max_hp_per_floor":[80,80,80,80,80,80,80,80,80,80,80,80,80,84,84,84,84,84,84,84,84,88,88],"card_choices":[{"not_picked":["Sword Boomerang","Clash"],"picked":"Ghostly Armor","floor":1},{"not_picked":["Cleave","Hemokinesis"],"picked":"Second Wind","floor":2},{"not_picked":["Wild Strike","Iron Wave"],"picked":"Armaments","floor":5},{"not_picked":["Intimidate","Entrench"],"picked":"Barricade","floor":6},{"not_picked":["Second Wind","Pummel"],"picked":"Clothesline","floor":10},{"not_picked":["Iron Wave","Entrench"],"picked":"Feed","floor":12},{"not_picked":["Thunderclap","True Grit","Rage"],"picked":"SKIP","floor":14},{"not_picked":["Immolate","Double Tap"],"picked":"Demon Form","floor":16},{"not_picked":["Rampage","True Grit"],"picked":"Thunderclap","floor":18},{"not_picked":["Flex","Twin Strike"],"picked":"Carnage","floor":22}],"player_experience":244425,"relics_obtained":[{"floor":4,"key":"Regal Pillow"},{"floor":6,"key":"Oddly Smooth Stone"},{"floor":9,"key":"Centennial Puzzle"},{"floor":10,"key":"Gremlin Horn"},{"floor":12,"key":"MawBank"}],"event_choices":[{"cards_removed":["Strike_R"],"damage_healed":0,"gold_gain":0,"player_choice":"Card Removal","damage_taken":0,"max_hp_gain":0,"max_hp_loss":0,"event_name":"The Cleric","floor":3,"gold_loss":50},{"damage_healed":0,"gold_gain":0,"player_choice":"Success","damage_taken":3,"relics_obtained":["Lantern"],"max_hp_gain":0,"max_hp_loss":0,"event_name":"Scrap Ooze","floor":11,"gold_loss":0},{"damage_healed":0,"gold_gain":0,"player_choice":"Ignored","damage_taken":0,"max_hp_gain":0,"max_hp_loss":0,"event_name":"Ghosts","floor":20,"gold_loss":0},{"damage_healed":0,"gold_gain":0,"player_choice":"Rummage","damage_taken":0,"relics_obtained":["WarpedTongs"],"max_hp_gain":0,"max_hp_loss":0,"event_name":"Accursed Blacksmith","floor":21,"gold_loss":0,"cards_obtained":["Pain"]}],"is_beta":false,"boss_relics":[{"not_picked":["Fusion Hammer","Pandora\u0027s Box"],"picked":"Runic Dome"}],"items_purged_floors":[],"is_endless":false,"potions_floor_spawned":[1,2,6,12,14,22],"killed_by":"Book of Stabbing","ascension_level":3}