{"gold_per_floor":[117,117,18,36,55,87,87,162,162,162,178,178],"floor_reached":12,"playtime":502,"items_purged":["Bash"],"score":90,"play_id":"99c551a8-64d8-4430-a625-25787dcd2777","local_time":"20190708194916","is_ascension_mode":true,"campfire_choices":[{"data":"Flex","floor":7,"key":"SMITH"},{"data":"Heavy Blade","floor":10,"key":"SMITH"}],"neow_cost":"CURSE","seed_source_timestamp":634148708093600,"circlet_count":0,"master_deck":["Strike_R","Strike_R","Strike_R","Strike_R","Strike_R","Defend_R","Defend_R","Defend_R","Defend_R","Good Instincts","Discovery","Heavy Blade+1","Cleave","Second Wind","Entrench","Flex+1","Intimidate"],"relics":["Burning Blood","The Courier","Blood Vial"],"potions_floor_usage":[12],"damage_taken":[{"damage":11,"enemies":"Jaw Worm","floor":1,"turns":5},{"damage":0,"enemies":"Small Slimes","floor":4,"turns":1},{"damage":0,"enemies":"2 Louse","floor":5,"turns":2},{"damage":58,"enemies":"Lagavulin","floor":6,"turns":8},{"damage":13,"enemies":"2 Fungi Beasts","floor":11,"turns":4},{"damage":20,"enemies":"3 Sentries","floor":12,"turns":2}],"seed_played":"5948098447583352472","potions_obtained":[{"floor":5,"key":"SpeedPotion"},{"floor":6,"key":"LiquidBronze"}],"is_trial":false,"path_per_floor":["M","?","$","M","M","E","R","?","T","R","M","?"],"character_chosen":"IRONCLAD","items_purchased":["Cleave"],"campfire_rested":0,"item_purchase_floors":[3],"current_hp_per_floor":[75,68,68,74,80,28,28,17,17,17,12,0],"gold":178,"neow_bonus":"RANDOM_COLORLESS_2","is_prod":false,"is_daily":false,"chose_seed":false,"campfire_upgraded":2,"win_rate":0,"timestamp":1562582956,"path_taken":["M","?","$","M","M","E","R","?","T","R","M","?"],"build_version":"2019-07-05","purchased_purges":1,"victory":false,"max_hp_per_floor":[80,80,80,80,80,80,80,80,80,80,80,80],"card_choices":[{"not_picked":["Sword Boomerang","Flex"],"picked":"Heavy Blade","floor":1},{"not_picked":["Sentinel","Pommel Strike"],"picked":"Second Wind","floor":4},{"not_picked":["Rupture","Metallicize"],"picked":"Entrench","floor":5},{"not_picked":["Havoc","Battle Trance"],"picked":"Flex","floor":6},{"not_picked":["Blood for Blood","Twin Strike"],"picked":"Intimidate","floor":11}],"player_experience":317386,"relics_obtained":[{"floor":6,"key":"The Courier"},{"floor":9,"key":"Blood Vial"}],"event_choices":[{"cards_removed":["Shame"],"damage_healed":0,"gold_gain":0,"player_choice":"Card Removal","damage_taken":7,"max_hp_gain":0,"max_hp_loss":0,"event_name":"Golden Wing","floor":2,"gold_loss":0},{"damage_healed":0,"gold_gain":75,"player_choice":"Gather Gold","damage_taken":11,"max_hp_gain":0,"max_hp_loss":0,"event_name":"World of Goop","floor":8,"gold_loss":0},{"damage_healed":0,"gold_gain":0,"player_choice":"Searched \u00272\u0027 times","damage_taken":0,"max_hp_gain":0,"max_hp_loss":0,"event_name":"Dead Adventurer","floor":12,"gold_loss":0}],"is_beta":false,"boss_relics":[],"items_purged_floors":[3],"is_endless":false,"potions_floor_spawned":[5,6],"killed_by":"3 Sentries","ascension_level":3}