{"gold_per_floor":[115,126,144,159,178,206,221,235,260,285,301,251,251,282,282,378,378,358,10,10,10,0,33,33,65,90,90,109,120,45,63,63,162,162,177,191,46,46,57,57,86,86,165,165,214,224,224],"floor_reached":47,"playtime":7421,"items_purged":["Crippling Poison"],"score":608,"play_id":"b34ee2bd-26fe-424c-ad16-e0a1eeb6788f","local_time":"20181025131836","is_ascension_mode":true,"campfire_choices":[{"data":"Flying Knee","floor":13,"key":"SMITH"},{"floor":15,"key":"REST"},{"data":"Venomology","floor":24,"key":"SMITH"},{"floor":27,"key":"REST"},{"floor":32,"key":"REST"},{"floor":40,"key":"REST"},{"floor":42,"key":"REST"}],"neow_cost":"TEN_PERCENT_HP_LOSS","seed_source_timestamp":739134413885334,"circlet_count":0,"master_deck":["Defend_G+1","Defend_G+1","Defend_G+1","Defend_G+1","Defend_G+1","Survivor","Neutralize","Outmaneuver","Poisoned Stab","Flying Knee+1","Sucker Punch","Prepared","After Image+1","Dodge and Roll","Distraction","Underhanded Strike","Dagger Throw","Venomology+1","Well Laid Plans+1","Bite","Bite","Bite","Bite","Bite","Flying Knee","Prepared+1","Underhanded Strike","Caltrops+1","Phantasmal Killer","Poisoned Stab","Deadly Poison+1","Dagger Spray+1","Writhe","Blur","A Thousand Cuts+1"],"relics":["Ring of the Serpent","Pocketwatch","Frozen Egg 2","Regal Pillow","Odd Mushroom","Centennial Puzzle","White Beast Statue","Bag of Marbles","ClockworkSouvenir","Bronze Scales","Bag of Preparation","Happy Flower","Strawberry","Mango","Art of War","Tiny Chest","Unceasing Top"],"potions_floor_usage":[6,6,10,18,18,23,23,25,25,25,25,25,25,29,29,31,33,33,33,35,35,38,38,39,39,41,41,41,45,46,46,46,47],"damage_taken":[{"damage":0,"enemies":"Small Slimes","floor":1,"turns":3},{"damage":1,"enemies":"2 Louse","floor":2,"turns":3},{"damage":6,"enemies":"Jaw Worm","floor":3,"turns":4},{"damage":0,"enemies":"Large Slime","floor":4,"turns":5},{"damage":1,"enemies":"Looter","floor":5,"turns":4},{"damage":3,"enemies":"Lagavulin","floor":6,"turns":5},{"damage":0,"enemies":"Blue Slaver","floor":7,"turns":4},{"damage":9,"enemies":"Exordium Thugs","floor":8,"turns":7},{"damage":0,"enemies":"The Mushroom Lair","floor":10,"turns":6},{"damage":1,"enemies":"Looter","floor":11,"turns":4},{"damage":18,"enemies":"3 Sentries","floor":14,"turns":9},{"damage":7,"enemies":"Hexaghost","floor":16,"turns":11},{"damage":16,"enemies":"2 Thieves","floor":18,"turns":4},{"damage":21,"enemies":"Book of Stabbing","floor":23,"turns":9},{"damage":26,"enemies":"Slavers","floor":25,"turns":3},{"damage":8,"enemies":"Shell Parasite","floor":28,"turns":5},{"damage":0,"enemies":"Cultist and Chosen","floor":29,"turns":5},{"damage":19,"enemies":"Centurion and Healer","floor":31,"turns":5},{"damage":22,"enemies":"Champ","floor":33,"turns":20},{"damage":12,"enemies":"3 Darklings","floor":35,"turns":4},{"damage":16,"enemies":"Orb Walker","floor":36,"turns":4},{"damage":23,"enemies":"Mind Bloom Boss Battle","floor":38,"turns":7},{"damage":16,"enemies":"3 Darklings","floor":39,"turns":5},{"damage":83,"enemies":"Giant Head","floor":41,"turns":10},{"damage":39,"enemies":"2 Orb Walkers","floor":45,"turns":5},{"damage":32,"enemies":"Sphere and 2 Shapes","floor":46,"turns":5},{"damage":25,"enemies":"Nemesis","floor":47,"turns":2}],"seed_played":"-1711099219398797558","potions_obtained":[{"floor":1,"key":"Strength Potion"},{"floor":3,"key":"SpeedPotion"},{"floor":4,"key":"AttackPotion"},{"floor":11,"key":"SteroidPotion"},{"floor":14,"key":"Swift Potion"},{"floor":16,"key":"LiquidBronze"},{"floor":18,"key":"Weak Potion"},{"floor":23,"key":"EntropicBrew"},{"floor":25,"key":"Strength Potion"},{"floor":28,"key":"FairyPotion"},{"floor":29,"key":"SpeedPotion"},{"floor":33,"key":"Block Potion"},{"floor":35,"key":"Strength Potion"},{"floor":38,"key":"Ancient Potion"},{"floor":39,"key":"FearPotion"},{"floor":41,"key":"AttackPotion"},{"floor":45,"key":"Energy Potion"},{"floor":46,"key":"GhostInAJar"}],"is_trial":false,"path_per_floor":["M","M","M","M","M","E","M","M","T","?","M","?","R","E","R","B",null,"M","$","?","?","?","E","R","E","T","R","M","M","$","M","R","B",null,"M","M","$","?","M","R","E","R","T","?","?","M"],"character_chosen":"THE_SILENT","items_purchased":["Bag of Marbles","ClockworkSouvenir","Strawberry"],"campfire_rested":5,"item_purchase_floors":[19,19,37],"current_hp_per_floor":[63,62,56,56,55,52,52,43,43,43,42,42,42,24,57,50,63,47,47,44,44,44,31,31,13,13,41,44,44,44,28,44,35,44,36,30,37,38,26,60,8,42,42,58,27,19,0],"gold":224,"neow_bonus":"ONE_RARE_RELIC","is_prod":false,"is_daily":false,"chose_seed":false,"campfire_upgraded":2,"win_rate":0,"timestamp":1540498716,"path_taken":["M","M","M","M","M","E","M","M","T","?","M","?","R","E","R","BOSS","M","$","?","?","?","E","R","E","T","R","M","M","$","?","R","BOSS","M","M","$","?","M","R","E","R","T","?","?","M","E"],"build_version":"2018-10-18","purchased_purges":1,"victory":false,"max_hp_per_floor":[63,63,63,63,63,63,63,63,63,63,63,63,63,63,63,63,63,63,63,44,44,44,44,44,44,44,44,44,44,44,44,44,44,44,44,44,51,65,65,65,65,65,65,65,65,65,65],"card_choices":[{"not_picked":["Calculated Gamble","Finisher"],"picked":"Outmaneuver","floor":1},{"not_picked":["Dodge and Roll","Acrobatics"],"picked":"Poisoned Stab","floor":2},{"not_picked":["Quick Slash","Expertise"],"picked":"Flying Knee","floor":3},{"not_picked":["Tactician","Cloak And Dagger"],"picked":"Sucker Punch","floor":4},{"not_picked":["Slice","Blade Dance"],"picked":"Prepared","floor":5},{"not_picked":["Tactician","Dodge and Roll"],"picked":"After Image","floor":6},{"not_picked":["Slice","Setup"],"picked":"Dodge and Roll","floor":7},{"not_picked":["Eviscerate","Heel Hook"],"picked":"Distraction","floor":8},{"not_picked":["Backflip","Bane"],"picked":"Crippling Poison","floor":10},{"not_picked":["Sucker Punch","Acrobatics"],"picked":"Underhanded Strike","floor":11},{"not_picked":["Bane","Skewer"],"picked":"Dagger Throw","floor":14},{"not_picked":["Phantasmal Killer","Doppelganger"],"picked":"Venomology","floor":16},{"not_picked":["Heel Hook","Backflip+1"],"picked":"Well Laid Plans+1","floor":18},{"not_picked":["Riddle With Holes","Grand Finale"],"picked":"Flying Knee","floor":23},{"not_picked":["Leg Sweep","Dodge and Roll"],"picked":"Prepared+1","floor":25},{"not_picked":["Dagger Spray","Dodge and Roll","Reflex"],"picked":"SKIP","floor":28},{"not_picked":["Terror+1","Prepared"],"picked":"Underhanded Strike","floor":29},{"not_picked":["Well Laid Plans+1","Eviscerate"],"picked":"Caltrops+1","floor":31},{"not_picked":["Doppelganger","Burst"],"picked":"Phantasmal Killer","floor":33},{"not_picked":["Sucker Punch+1","Dagger Throw+1"],"picked":"Poisoned Stab","floor":35},{"not_picked":["Skewer","Sucker Punch","Backflip"],"picked":"SKIP","floor":36},{"not_picked":["Bane","Tactician"],"picked":"Deadly Poison+1","floor":38},{"not_picked":["PiercingWail","Outmaneuver"],"picked":"Dagger Spray+1","floor":39},{"not_picked":["Dagger Throw","Flechettes","Sucker Punch+1"],"picked":"SKIP","floor":41},{"not_picked":["Bane+1","Blade Dance+1"],"picked":"Blur","floor":45},{"not_picked":["Distraction+1","Outmaneuver"],"picked":"A Thousand Cuts+1","floor":46}],"player_experience":176965,"relics_obtained":[{"floor":6,"key":"Frozen Egg 2"},{"floor":9,"key":"Regal Pillow"},{"floor":10,"key":"Odd Mushroom"},{"floor":14,"key":"Centennial Puzzle"},{"floor":23,"key":"Bronze Scales"},{"floor":25,"key":"Bag of Preparation"},{"floor":26,"key":"Happy Flower"},{"floor":38,"key":"Mango"},{"floor":41,"key":"Art of War"},{"floor":43,"key":"Tiny Chest"},{"floor":45,"key":"Unceasing Top"}],"event_choices":[{"damage_healed":0,"gold_gain":0,"player_choice":"Fought Mushrooms","damage_taken":0,"max_hp_gain":0,"max_hp_loss":0,"event_name":"Mushrooms","floor":10,"gold_loss":0},{"cards_removed":["Strike_G"],"damage_healed":0,"gold_gain":0,"player_choice":"Card Removal","damage_taken":0,"max_hp_gain":0,"max_hp_loss":0,"event_name":"The Cleric","floor":12,"gold_loss":50},{"damage_healed":0,"gold_gain":0,"player_choice":"Became a vampire","damage_taken":0,"max_hp_gain":0,"max_hp_loss":19,"event_name":"Vampires","floor":20,"gold_loss":0,"cards_obtained":["Bite","Bite","Bite","Bite","Bite"]},{"damage_healed":0,"gold_gain":0,"player_choice":"Simplicity","damage_taken":0,"max_hp_gain":0,"max_hp_loss":0,"event_name":"Back to Basics","floor":21,"gold_loss":0,"cards_upgraded":["Defend_G","Defend_G","Defend_G","Defend_G","Defend_G"]},{"damage_healed":0,"gold_gain":0,"player_choice":"Paid Fearfully","damage_taken":0,"max_hp_gain":0,"max_hp_loss":0,"event_name":"Masked Bandits","floor":22,"gold_loss":10},{"damage_healed":0,"gold_gain":0,"player_choice":"Fight","damage_taken":0,"max_hp_gain":0,"max_hp_loss":0,"event_name":"MindBloom","floor":38,"gold_loss":0},{"damage_healed":16,"gold_gain":0,"player_choice":"Writhe","damage_taken":0,"max_hp_gain":0,"max_hp_loss":0,"event_name":"Winding Halls","floor":44,"gold_loss":0,"cards_obtained":["Writhe"]},{"damage_healed":0,"gold_gain":0,"player_choice":"Fight","damage_taken":0,"max_hp_gain":0,"max_hp_loss":0,"event_name":"Mysterious Sphere","floor":45,"gold_loss":0}],"is_beta":false,"boss_relics":[{"not_picked":["Calling Bell","Fusion Hammer"],"picked":"White Beast Statue"},{"not_picked":["Orrery","Empty Cage"],"picked":"Ring of the Serpent"}],"items_purged_floors":[30],"is_endless":false,"potions_floor_spawned":[1,3,4,11,14,16,18,23,25,28,29,31,33,35,36,38,39,41,45,46],"killed_by":"Nemesis","ascension_level":2}