{"gold_per_floor":[116,127,202,202,212,212,228,228,252,287,316,328,290,302,314,423,435,462,389,401,424,436,448,479,491,503,515],"floor_reached":27,"playtime":1299,"items_purged":[],"score":211,"play_id":"4508aaab-a884-4d68-89a7-f0b70449d0d3","local_time":"20181130192629","is_ascension_mode":false,"campfire_choices":[{"data":"Zap","floor":6,"key":"SMITH"},{"data":"Dualcast","floor":8,"key":"SMITH"},{"floor":12,"key":"REST"},{"data":"Fission","floor":15,"key":"SMITH"},{"floor":23,"key":"REST"},{"floor":25,"key":"REST"}],"neow_cost":"NONE","seed_source_timestamp":247809071071400,"circlet_count":0,"master_deck":["Strike_B","Strike_B","Defend_B","Defend_B","Defend_B","Defend_B","Zap+1","Dualcast+1","Melter","Ball Lightning","Rebound","Lockon","Fission+1","Hologram","Regret","Creative AI","Pain","Pain","Decay","Capacitor","Recycle","Go for the Eyes"],"relics":["Sozu","MawBank","Vajra","Calling Bell","Lantern","Sundial","FossilizedHelix","Bag of Marbles","Bottled Tornado"],"potions_floor_usage":[],"damage_taken":[{"damage":5,"enemies":"Jaw Worm","floor":1,"turns":4},{"damage":0,"enemies":"Small Slimes","floor":2,"turns":3},{"damage":0,"enemies":"Cultist","floor":5,"turns":2},{"damage":7,"enemies":"2 Fungi Beasts","floor":7,"turns":3},{"damage":15,"enemies":"Gremlin Nob","floor":10,"turns":3},{"damage":7,"enemies":"Blue Slaver","floor":11,"turns":2},{"damage":40,"enemies":"Hexaghost","floor":16,"turns":8},{"damage":41,"enemies":"Shell Parasite","floor":18,"turns":5},{"damage":12,"enemies":"Chosen","floor":21,"turns":3},{"damage":21,"enemies":"Snecko","floor":24,"turns":5},{"damage":52,"enemies":"Centurion and Healer","floor":27,"turns":5}],"seed_played":"8667046449857624606","potions_obtained":[],"is_trial":false,"path_per_floor":["M","M","?","?","M","R","M","R","T","E","M","R","?","?","R","B",null,"M","?","$","M","$","R","M","R","T","M"],"character_chosen":"DEFECT","items_purchased":[],"campfire_rested":3,"item_purchase_floors":[],"current_hp_per_floor":[70,70,59,59,59,59,52,52,52,37,30,52,52,52,52,12,75,34,34,34,22,22,44,23,45,45,0],"gold":515,"neow_bonus":"BOSS_RELIC","is_prod":false,"is_daily":false,"chose_seed":false,"campfire_upgraded":3,"win_rate":0,"timestamp":1543573589,"path_taken":["M","M","?","?","M","R","M","R","T","E","?","R","?","?","R","BOSS","M","?","$","M","?","R","M","R","T","M"],"build_version":"2018-11-15","purchased_purges":0,"victory":false,"max_hp_per_floor":[75,75,75,75,75,75,75,75,75,75,75,75,75,75,75,75,75,75,75,75,75,75,75,75,75,75,75],"card_choices":[{"not_picked":["Streamline","Reprogram"],"picked":"Melter","floor":1},{"not_picked":["Turbo","Aggregate"],"picked":"Ball Lightning","floor":2},{"not_picked":["Barrage","Steam"],"picked":"Rebound","floor":5},{"not_picked":["Turbo","Recycle"],"picked":"Lockon","floor":7},{"not_picked":["Capacitor","Tempest"],"picked":"Fission","floor":10},{"not_picked":["Compile Driver","Undo"],"picked":"Hologram","floor":11},{"not_picked":["Biased Cognition","Hyperbeam"],"picked":"Creative AI","floor":16},{"not_picked":["Coolheaded","Beam Cell"],"picked":"Capacitor","floor":18},{"not_picked":["Hologram+1","Blizzard"],"picked":"Recycle","floor":21},{"not_picked":["Ball Lightning","Steam"],"picked":"Go for the Eyes","floor":24}],"player_experience":554821,"relics_obtained":[{"floor":10,"key":"MawBank"},{"floor":17,"key":"Lantern"},{"floor":17,"key":"Sundial"},{"floor":17,"key":"FossilizedHelix"},{"floor":26,"key":"Bottled Tornado"}],"event_choices":[{"damage_healed":0,"gold_gain":75,"player_choice":"Gather Gold","damage_taken":11,"max_hp_gain":0,"max_hp_loss":0,"event_name":"World of Goop","floor":3,"gold_loss":0},{"cards_removed":["Strike_B"],"damage_healed":0,"gold_gain":0,"player_choice":"Offered Basic","damage_taken":0,"max_hp_gain":0,"max_hp_loss":0,"event_name":"Bonfire Elementals","floor":4,"gold_loss":0},{"cards_removed":["Strike_B"],"damage_healed":0,"gold_gain":0,"player_choice":"Card Removal","damage_taken":0,"max_hp_gain":0,"max_hp_loss":0,"event_name":"The Cleric","floor":13,"gold_loss":50},{"damage_healed":0,"gold_gain":0,"player_choice":"Box","damage_taken":0,"relics_obtained":["Vajra"],"max_hp_gain":0,"max_hp_loss":0,"event_name":"Big Fish","floor":14,"gold_loss":0,"cards_obtained":["Regret"]},{"damage_healed":0,"gold_gain":0,"player_choice":"Obtained Relic","damage_taken":0,"relics_obtained":["Bag of Marbles"],"max_hp_gain":0,"max_hp_loss":0,"event_name":"Addict","floor":19,"gold_loss":85}],"is_beta":false,"boss_relics":[{"not_picked":["Empty Cage","Coffee Dripper"],"picked":"Calling Bell"}],"items_purged_floors":[],"is_endless":false,"potions_floor_spawned":[1,5,7,21],"killed_by":"Centurion and Healer","ascension_level":0}