{"gold_per_floor":[118,118,134,152,162,162,196,196,196,196,196,196,31,61,61,162,162,174,99,99,111,122,122,122,152,152,152,184,184,31,59,59,160,160,177,59,79,50,70,96,112,112,159,185,33,33,52,80,80,80],"floor_reached":51,"playtime":2447,"items_purged":[],"score":1221,"play_id":"62685dc5-0fa6-458a-80a5-5f895a4163f0","local_time":"20190809010003","is_ascension_mode":true,"campfire_choices":[{"data":"Corruption","floor":6,"key":"SMITH"},{"data":"Bash","floor":8,"key":"SMITH"},{"data":"Flame Barrier","floor":10,"key":"SMITH"},{"data":"Sword Boomerang","floor":12,"key":"SMITH"},{"data":"Spot Weakness","floor":15,"key":"SMITH"},{"data":"Flex","floor":23,"key":"SMITH"},{"data":"Whirlwind","floor":27,"key":"SMITH"},{"floor":32,"key":"REST"},{"data":"Exhume","floor":42,"key":"SMITH"},{"data":"Secret Weapon","floor":49,"key":"SMITH"}],"neow_cost":"NONE","seed_source_timestamp":515339160566200,"circlet_count":0,"master_deck":["Bash+1","Corruption+1","Sword Boomerang+1","Flame Barrier+1","Twin Strike","Ghostly Armor","Shrug It Off","Spot Weakness+1","Limit Break","Impervious","Inflame","Carnage","Double Tap","Power Through","Double Tap","Flex+1","Pummel","Heavy Blade+1","Whirlwind+1","Feel No Pain+1","Anger+1","Flame Barrier","Limit Break","True Grit+1","Body Slam+1","Ghostly Armor","Exhume+1","Warcry+1","Metallicize+1","Headbutt+1","Secret Weapon+1"],"relics":["Burning Blood","Vajra","The Courier","Pear","Darkstone Periapt","PreservedInsect","Strawberry","Pandora\u0027s Box","Paper Frog","Mercury Hourglass","Centennial Puzzle","Brimstone","Bag of Preparation","Philosopher\u0027s Stone","Lantern","Smiling Mask","Red Skull","Frozen Egg 2","Question Card"],"potions_floor_usage":[7,16,28,33,35,44,50,50,50],"damage_taken":[{"damage":6,"enemies":"2 Louse","floor":1,"turns":4},{"damage":2,"enemies":"Jaw Worm","floor":3,"turns":3},{"damage":15,"enemies":"Small Slimes","floor":4,"turns":3},{"damage":3,"enemies":"Blue Slaver","floor":5,"turns":3},{"damage":16,"enemies":"Gremlin Nob","floor":7,"turns":3},{"damage":3,"enemies":"Lagavulin","floor":14,"turns":4},{"damage":25,"enemies":"Slime Boss","floor":16,"turns":5},{"damage":6,"enemies":"Spheric Guardian","floor":18,"turns":3},{"damage":12,"enemies":"Shell Parasite","floor":21,"turns":4},{"damage":20,"enemies":"Cultist and Chosen","floor":22,"turns":4},{"damage":20,"enemies":"Gremlin Leader","floor":25,"turns":3},{"damage":13,"enemies":"Book of Stabbing","floor":28,"turns":3},{"damage":12,"enemies":"Slavers","floor":31,"turns":3},{"damage":10,"enemies":"Automaton","floor":33,"turns":3},{"damage":12,"enemies":"3 Shapes","floor":35,"turns":1},{"damage":0,"enemies":"3 Darklings","floor":37,"turns":1},{"damage":0,"enemies":"Maw","floor":39,"turns":6},{"damage":0,"enemies":"Reptomancer","floor":40,"turns":2},{"damage":0,"enemies":"Sphere and 2 Shapes","floor":41,"turns":1},{"damage":0,"enemies":"Nemesis","floor":44,"turns":1},{"damage":0,"enemies":"Transient","floor":47,"turns":5},{"damage":3,"enemies":"Reptomancer","floor":48,"turns":2},{"damage":32,"enemies":"Awakened One","floor":50,"turns":4}],"seed_played":"-5777316990561805083","potions_obtained":[{"floor":1,"key":"Strength Potion"},{"floor":14,"key":"Dexterity Potion"},{"floor":25,"key":"Poison Potion"},{"floor":28,"key":"LiquidBronze"},{"floor":29,"key":"Strength Potion"},{"floor":29,"key":"FearPotion"},{"floor":29,"key":"Block Potion"},{"floor":33,"key":"Poison Potion"},{"floor":37,"key":"PowerPotion"},{"floor":44,"key":"SteroidPotion"},{"floor":48,"key":"AttackPotion"}],"is_trial":false,"path_per_floor":["M","?","M","M","M","R","E","R","T","R","?","R","$","E","R","B",null,"M","?","?","M","M","R","?","E","T","R","E","?","$","E","R","B",null,"M","$","M","$","M","E","M","R","T","E","$","?","M","E","R","B",null],"character_chosen":"IRONCLAD","items_purchased":["PreservedInsect","Shrug It Off","Brimstone","Lantern","Ghostly Armor","Secret Weapon"],"campfire_rested":1,"item_purchase_floors":[13,13,30,36,38,45],"current_hp_per_floor":[72,65,69,60,63,63,53,53,63,63,69,69,69,79,79,60,92,92,92,92,86,72,72,72,58,58,58,51,51,51,45,75,71,95,89,89,95,95,101,103,103,103,103,103,103,103,103,103,103,77],"gold":80,"neow_bonus":"RANDOM_COMMON_RELIC","is_prod":false,"is_daily":false,"chose_seed":false,"campfire_upgraded":9,"win_rate":0,"timestamp":1565280003,"path_taken":["M","?","M","M","M","R","E","R","T","R","?","R","$","E","R","BOSS","M","?","?","M","M","R","?","E","T","R","E","?","$","E","R","BOSS","M","$","M","?","M","E","?","R","T","E","$","?","?","E","R","BOSS"],"build_version":"2019-07-17","purchased_purges":0,"victory":true,"max_hp_per_floor":[80,80,80,80,80,80,80,80,90,90,96,96,96,103,103,103,103,103,103,103,103,103,103,103,103,103,103,103,103,103,103,103,103,103,103,103,103,103,103,103,103,103,103,103,103,103,103,103,103,103],"card_choices":[{"not_picked":["Anger","Pommel Strike"],"picked":"Corruption","floor":1},{"not_picked":["Intimidate","Burning Pact"],"picked":"Sword Boomerang","floor":3},{"not_picked":["Bloodletting","Entrench"],"picked":"Flame Barrier","floor":4},{"not_picked":["Wild Strike","Seeing Red"],"picked":"Twin Strike","floor":5},{"not_picked":["Iron Wave","Metallicize"],"picked":"Ghostly Armor","floor":7},{"not_picked":["Warcry","Rage"],"picked":"Spot Weakness","floor":14},{"not_picked":["Exhume","Fiend Fire"],"picked":"Limit Break","floor":16},{"not_picked":["Carnage","Reckless Charge"],"picked":"Flex","floor":18},{"not_picked":["Burning Pact+1","Dual Wield"],"picked":"Pummel","floor":21},{"not_picked":["Pommel Strike","Flame Barrier"],"picked":"Heavy Blade+1","floor":22},{"not_picked":["Clash","Iron Wave+1"],"picked":"Feel No Pain+1","floor":25},{"not_picked":["Combust","Cleave"],"picked":"Anger+1","floor":28},{"not_picked":["Iron Wave","Pommel Strike"],"picked":"Flame Barrier","floor":31},{"not_picked":["Bludgeon","Berserk"],"picked":"Limit Break","floor":33},{"not_picked":["Carnage","Clothesline+1"],"picked":"True Grit+1","floor":35},{"not_picked":["Thunderclap+1","Wild Strike"],"picked":"Body Slam+1","floor":37},{"not_picked":["Shrug It Off+1","True Grit"],"picked":"Exhume","floor":39},{"not_picked":["Infernal Blade","Disarm"],"picked":"Warcry+1","floor":40},{"not_picked":["Clothesline+1","Carnage+1"],"picked":"Metallicize+1","floor":41},{"not_picked":["Disarm","Uppercut"],"picked":"Headbutt+1","floor":44},{"not_picked":["Combust+1","Warcry","Power Through+1"],"picked":"SKIP","floor":47},{"not_picked":["Anger+1","Ghostly Armor","Body Slam+1"],"picked":"SKIP","floor":48}],"player_experience":638739,"relics_obtained":[{"floor":7,"key":"The Courier"},{"floor":9,"key":"Pear"},{"floor":14,"key":"Strawberry"},{"floor":25,"key":"Paper Frog"},{"floor":26,"key":"Mercury Hourglass"},{"floor":28,"key":"Centennial Puzzle"},{"floor":31,"key":"Bag of Preparation"},{"floor":40,"key":"Smiling Mask"},{"floor":43,"key":"Red Skull"},{"floor":44,"key":"Frozen Egg 2"},{"floor":48,"key":"Question Card"}],"event_choices":[{"cards_removed":["Strike_R"],"damage_healed":0,"gold_gain":0,"player_choice":"Card Removal","damage_taken":7,"max_hp_gain":0,"max_hp_loss":0,"event_name":"Golden Wing","floor":2,"gold_loss":0},{"damage_healed":0,"gold_gain":0,"player_choice":"Box","damage_taken":0,"relics_obtained":["Darkstone Periapt"],"max_hp_gain":0,"max_hp_loss":0,"event_name":"Big Fish","floor":11,"gold_loss":0,"cards_obtained":["Regret"]},{"cards_removed":["Regret"],"damage_healed":0,"gold_gain":0,"player_choice":"Gave Gold","damage_taken":0,"max_hp_gain":0,"max_hp_loss":0,"event_name":"Beggar","floor":19,"gold_loss":75},{"cards_removed":["Metallicize"],"damage_healed":0,"gold_gain":0,"player_choice":"Elegance","damage_taken":0,"max_hp_gain":0,"max_hp_loss":0,"event_name":"Back to Basics","floor":20,"gold_loss":0},{"damage_healed":0,"gold_gain":0,"player_choice":"Read","damage_taken":0,"max_hp_gain":0,"max_hp_loss":0,"event_name":"The Library","floor":24,"gold_loss":0,"cards_obtained":["Whirlwind"]},{"damage_healed":0,"gold_gain":0,"player_choice":"Got Potions","damage_taken":0,"max_hp_gain":0,"max_hp_loss":0,"event_name":"Lab","floor":29,"gold_loss":0},{"cards_removed":["Searing Blow"],"damage_healed":0,"gold_gain":0,"player_choice":"Offered Uncommon","damage_taken":0,"max_hp_gain":0,"max_hp_loss":0,"event_name":"Bonfire Elementals","floor":46,"gold_loss":0}],"is_beta":false,"boss_relics":[{"not_picked":["Black Blood","Calling Bell"],"picked":"Pandora\u0027s Box"},{"not_picked":["Fusion Hammer","Velvet Choker"],"picked":"Philosopher\u0027s Stone"}],"items_purged_floors":[],"is_endless":false,"potions_floor_spawned":[1,14,25,28,33,37,44,47,48],"ascension_level":7}