{"gold_per_floor":[115,131,144,161,181,194,194,214,214,244,244,278,301,301],"floor_reached":14,"playtime":785,"items_purged":[],"score":106,"play_id":"87f4fd02-8604-44d0-a872-d810df805b62","local_time":"20190412194737","is_ascension_mode":false,"campfire_choices":[{"data":"Zap","floor":7,"key":"SMITH"}],"neow_cost":"NONE","seed_source_timestamp":1638552060336,"circlet_count":0,"master_deck":["Strike_B","Strike_B","Strike_B","Strike_B","Defend_B","Defend_B","Defend_B","Defend_B","Zap+1","Dualcast","Conserve Battery","Coolheaded","Barrage","Steam","Capacitor","Defragment","Go for the Eyes","Injury","White Noise","Self Repair"],"relics":["Cracked Core","NeowsBlessing","Art of War","Pantograph","Golden Idol","Ancient Tea Set"],"potions_floor_usage":[10,12,12,14],"damage_taken":[{"damage":0,"enemies":"2 Louse","floor":1,"turns":1},{"damage":0,"enemies":"Jaw Worm","floor":2,"turns":1},{"damage":0,"enemies":"Small Slimes","floor":3,"turns":1},{"damage":16,"enemies":"Red Slaver","floor":4,"turns":5},{"damage":15,"enemies":"Lots of Slimes","floor":5,"turns":6},{"damage":1,"enemies":"3 Louse","floor":6,"turns":3},{"damage":14,"enemies":"2 Fungi Beasts","floor":8,"turns":4},{"damage":7,"enemies":"Lagavulin","floor":10,"turns":7},{"damage":8,"enemies":"3 Sentries","floor":12,"turns":8},{"damage":26,"enemies":"Exordium Thugs","floor":13,"turns":5},{"damage":4,"enemies":"Large Slime","floor":14,"turns":3}],"seed_played":"204883770187500953","potions_obtained":[{"floor":1,"key":"Strength Potion"},{"floor":4,"key":"AttackPotion"},{"floor":8,"key":"FairyPotion"},{"floor":10,"key":"Dexterity Potion"},{"floor":13,"key":"SteroidPotion"}],"is_trial":false,"path_per_floor":["M","M","M","M","M","M","R","M","T","E","?","E","M","M"],"character_chosen":"DEFECT","items_purchased":[],"campfire_rested":0,"item_purchase_floors":[],"current_hp_per_floor":[75,75,75,59,44,43,43,29,29,22,22,14,2,0],"gold":301,"neow_bonus":"THREE_ENEMY_KILL","is_prod":false,"is_daily":false,"chose_seed":false,"campfire_upgraded":1,"win_rate":0,"timestamp":1555123657,"path_taken":["M","M","M","M","M","M","R","M","T","E","?","E","M","M"],"build_version":"2019-01-23","purchased_purges":0,"victory":false,"max_hp_per_floor":[75,75,75,75,75,75,75,75,75,75,75,75,75,75],"card_choices":[{"not_picked":["Skim","Beam Cell"],"picked":"Conserve Battery","floor":1},{"not_picked":["Gash","Hologram"],"picked":"Coolheaded","floor":2},{"not_picked":["Tempest","Redo","Chaos"],"picked":"SKIP","floor":3},{"not_picked":["Lockon","Blizzard"],"picked":"Barrage","floor":4},{"not_picked":["Scrape","Double Energy"],"picked":"Steam","floor":5},{"not_picked":["BootSequence","Gash"],"picked":"Capacitor","floor":6},{"not_picked":["Melter","Leap"],"picked":"Defragment","floor":8},{"not_picked":["Turbo","Melter"],"picked":"Go for the Eyes","floor":10},{"not_picked":["Storm","Conserve Battery"],"picked":"White Noise","floor":12},{"not_picked":["Sweeping Beam","Beam Cell"],"picked":"Self Repair","floor":13}],"player_experience":527556,"relics_obtained":[{"floor":9,"key":"Art of War"},{"floor":10,"key":"Pantograph"},{"floor":12,"key":"Ancient Tea Set"}],"event_choices":[{"damage_healed":0,"gold_gain":0,"player_choice":"Take Wound","damage_taken":0,"relics_obtained":["Golden Idol"],"max_hp_gain":0,"max_hp_loss":0,"event_name":"Golden Idol","floor":11,"gold_loss":0,"cards_obtained":["Injury"]}],"is_beta":false,"boss_relics":[],"items_purged_floors":[],"is_endless":false,"potions_floor_spawned":[1,4,8,10,13],"killed_by":"Large Slime","ascension_level":0}