{"gold_per_floor":[113,128,143,163,183,183,193,193,193,224,239,256,276,276,276,374,374,374,374,374,374,6,6,6,6,6,6,6,6,6,6,6,6,6,6,6,6],"floor_reached":37,"playtime":5216,"items_purged":["Strike_G"],"score":542,"play_id":"b758d44f-d4fb-486f-a368-c02c7f7106d4","local_time":"20181201120905","is_ascension_mode":true,"campfire_choices":[{"data":"Footwork","floor":6.0,"key":"SMITH"},{"data":"Cloak And Dagger","floor":8.0,"key":"SMITH"},{"floor":15.0,"key":"REST"},{"floor":23.0,"key":"REST"},{"data":"Neutralize","floor":25.0,"key":"SMITH"},{"floor":32.0,"key":"REST"}],"neow_cost":"NONE","seed_source_timestamp":0,"circlet_count":0,"master_deck":["Defend_G","Defend_G","Defend_G","Defend_G","Defend_G","Strike_G","Strike_G","Strike_G","Strike_G","Survivor","Neutralize+1","Footwork+1","Acrobatics","Prepared","Tactician","Cloak And Dagger+1","Reflex","Backflip","Cloak And Dagger","Envenom","Adrenaline","Crippling Poison+1","Cloak And Dagger","Bouncing Flask","Well Laid Plans","Well Laid Plans","Setup+1","Well Laid Plans","Glass Knife","Bandage Up"],"special_seed":0,"relics":["Ring of the Snake","Smiling Mask","Darkstone Periapt","Sundial","Ectoplasm","Mummified Hand","Pen Nib","Pear","Nloth\u0027s Gift","WristBlade"],"potions_floor_usage":[37],"damage_taken":[{"damage":0.0,"enemies":"Cultist","floor":1.0,"turns":3.0},{"damage":3.0,"enemies":"Small Slimes","floor":2.0,"turns":4.0},{"damage":0.0,"enemies":"2 Louse","floor":3.0,"turns":4.0},{"damage":4.0,"enemies":"Exordium Thugs","floor":4.0,"turns":6.0},{"damage":3.0,"enemies":"Blue Slaver","floor":5.0,"turns":8.0},{"damage":8.0,"enemies":"Large Slime","floor":7.0,"turns":9.0},{"damage":35.0,"enemies":"Gremlin Nob","floor":10.0,"turns":6.0},{"damage":0.0,"enemies":"Red Slaver","floor":11.0,"turns":4.0},{"damage":0.0,"enemies":"2 Fungi Beasts","floor":12.0,"turns":5.0},{"damage":3.0,"enemies":"Looter","floor":13.0,"turns":4.0},{"damage":12.0,"enemies":"The Guardian","floor":16.0,"turns":15.0},{"damage":14.0,"enemies":"Spheric Guardian","floor":18.0,"turns":8.0},{"damage":0.0,"enemies":"Chosen","floor":19.0,"turns":6.0},{"damage":4.0,"enemies":"Shelled Parasite and Fungi","floor":20.0,"turns":14.0},{"damage":4.0,"enemies":"3 Cultists","floor":21.0,"turns":7.0},{"damage":2.0,"enemies":"Book of Stabbing","floor":24.0,"turns":6.0},{"damage":2.0,"enemies":"Sentry and Sphere","floor":27.0,"turns":6.0},{"damage":12.0,"enemies":"Chosen and Byrds","floor":28.0,"turns":9.0},{"damage":22.0,"enemies":"Slavers","floor":29.0,"turns":6.0},{"damage":3.0,"enemies":"Colosseum Slavers","floor":30.0,"turns":4.0},{"damage":50.0,"enemies":"Champ","floor":33.0,"turns":15.0},{"damage":0,"enemies":"3 Shapes","floor":35,"turns":4},{"damage":67,"enemies":"2 Orb Walkers","floor":37,"turns":3}],"seed_played":"-4284556961243968500","potions_obtained":[{"floor":0.0,"key":"Fire Potion"},{"floor":0.0,"key":"FearPotion"},{"floor":0.0,"key":"GamblersBrew"},{"floor":1.0,"key":"Regen Potion"},{"floor":10.0,"key":"SteroidPotion"},{"floor":11.0,"key":"Energy Potion"},{"floor":12.0,"key":"Weak Potion"},{"floor":18.0,"key":"SteroidPotion"},{"floor":20.0,"key":"Ancient Potion"},{"floor":27.0,"key":"AttackPotion"},{"floor":29.0,"key":"Explosive Potion"}],"is_trial":false,"path_per_floor":["M","M","M","M","M","R","M","R","T","E","M","M","M","T","R","B",null,"M","M","M","M","$","R","E","R","T","M","M","E","?","?","R","B",null,"M","?","?"],"character_chosen":"THE_SILENT","items_purchased":["Well Laid Plans","Mummified Hand"],"campfire_rested":3,"item_purchase_floors":[22,22],"current_hp_per_floor":[63,60,60,56,53,53,60,60,60,25,25,25,22,22,43,31,60,46,46,42,38,38,59,57,57,57,55,43,31,28,28,52,2,61,61,61,0],"gold":6,"neow_bonus":"THREE_SMALL_POTIONS","is_prod":false,"is_daily":false,"chose_seed":false,"campfire_upgraded":3,"win_rate":0,"timestamp":1543694945,"path_taken":["M","M","M","M","M","R","M","R","T","E","M","M","?","?","R","BOSS","M","?","M","M","$","R","E","R","T","M","M","E","?","?","R","BOSS","M","?","?"],"build_version":"2018-11-15","purchased_purges":1,"victory":false,"max_hp_per_floor":[70,70,70,70,70,70,70,70,70,70,70,70,70,70,70,70,70,70,70,70,70,70,70,70,70,70,70,70,80,80,80,80,80,80,80,80,80],"card_choices":[{"not_picked":["Poisoned Stab","Dagger Spray"],"picked":"Footwork","floor":1.0},{"not_picked":["Accuracy","Deadly Poison"],"picked":"Acrobatics","floor":2.0},{"not_picked":["Underhanded Strike","Blade Dance"],"picked":"Prepared","floor":3.0},{"not_picked":["Deflect","Poisoned Stab","Blade Dance"],"picked":"SKIP","floor":4.0},{"not_picked":["Deadly Poison","Setup"],"picked":"Tactician","floor":5.0},{"not_picked":["Bane","Underhanded Strike"],"picked":"Cloak And Dagger","floor":7.0},{"not_picked":["Deflect","Bane"],"picked":"Reflex","floor":10.0},{"not_picked":["Accuracy","PiercingWail"],"picked":"Backflip","floor":11.0},{"not_picked":["Dodge and Roll","Flechettes"],"picked":"Cloak And Dagger","floor":12.0},{"not_picked":["Underhanded Strike","Riddle With Holes"],"picked":"Envenom","floor":13.0},{"not_picked":["A Thousand Cuts","Corpse Explosion"],"picked":"Adrenaline","floor":16.0},{"not_picked":["Deflect","Endless Agony"],"picked":"Crippling Poison+1","floor":18.0},{"not_picked":["Underhanded Strike","Bane"],"picked":"Cloak And Dagger","floor":19.0},{"not_picked":["Crippling Poison","Outmaneuver+1","Sucker Punch"],"picked":"SKIP","floor":20.0},{"not_picked":["Reflex+1","Masterful Stab"],"picked":"Bouncing Flask","floor":21.0},{"not_picked":["Doppelganger","Quick Slash+1"],"picked":"Well Laid Plans","floor":24.0},{"not_picked":["Dagger Spray+1","Quick Slash","Dodge and Roll"],"picked":"SKIP","floor":27.0},{"not_picked":["Poisoned Stab","Prepared+1"],"picked":"Setup+1","floor":28.0},{"not_picked":["Escape Plan","Deflect"],"picked":"Well Laid Plans","floor":29.0},{"not_picked":["Grand Finale","Burst"],"picked":"Glass Knife","floor":33.0},{"not_picked":["Flying Knee+1","Setup","Deflect+1"],"picked":"SKIP","floor":35},{"not_picked":["Thinking Ahead","Madness"],"picked":"Bandage Up","floor":36}],"player_experience":341838,"relics_obtained":[{"floor":9.0,"key":"Smiling Mask"},{"floor":10.0,"key":"Darkstone Periapt"},{"floor":14.0,"key":"Sundial"},{"floor":24.0,"key":"Pen Nib"},{"floor":26.0,"key":"Centennial Puzzle"},{"floor":29.0,"key":"Pear"}],"event_choices":[{"damage_healed":0.0,"max_hp_gain":0.0,"max_hp_loss":0.0,"gold_gain":0.0,"event_name":"Colosseum","player_choice":"Fight","floor":30.0,"gold_loss":0.0,"damage_taken":0.0},{"damage_healed":0.0,"max_hp_gain":0.0,"max_hp_loss":0.0,"gold_gain":0.0,"event_name":"Colosseum","player_choice":"Fled From Nobs","floor":30.0,"gold_loss":0.0,"damage_taken":0.0},{"damage_healed":0.0,"max_hp_gain":0.0,"max_hp_loss":0.0,"gold_gain":0.0,"event_name":"N\u0027loth","player_choice":"Traded Relic","floor":31.0,"relics_lost":["Centennial Puzzle"],"gold_loss":0.0,"damage_taken":0.0,"relics_obtained":["Nloth\u0027s Gift"]},{"damage_healed":0,"gold_gain":0,"player_choice":"Memory 1","damage_taken":0,"max_hp_gain":0,"max_hp_loss":0,"event_name":"SensoryStone","floor":36,"gold_loss":0},{"damage_healed":0,"gold_gain":0,"player_choice":"Fight","damage_taken":0,"max_hp_gain":0,"max_hp_loss":0,"event_name":"Mysterious Sphere","floor":37,"gold_loss":0}],"is_beta":false,"boss_relics":[{"not_picked":["Orrery","Snecko Eye"],"picked":"Ectoplasm"},{"not_picked":["Astrolabe","White Beast Statue"],"picked":"WristBlade"}],"items_purged_floors":[22],"is_endless":false,"potions_floor_spawned":[1,2,10,11,12,18,20,27,29,30],"killed_by":"2 Orb Walkers","ascension_level":6}