{"path_per_floor":["M","M","M","M","$","R","E","R","T","M","$","?","?","M","R","B",null,"M","?","$","M","T","R","E","R","T","E","?","R","T","$","R","B",null,"M","?","M","?","M","E","?","R","T","M","R","T","$","M","R"],"character_chosen":"DEFECT","items_purchased":["Skim","Oddly Smooth Stone","Sweeping Beam","Dark Shackles","Capacitor","Streamline"],"gold_per_floor":[114,159,174,189,13,13,43,43,68,83,31,68,68,83,83,183,183,198,198,48,63,63,63,93,93,93,123,123,123,123,32,32,132,132,147,147,162,0,15,45,45,45,45,60,60,60,10,25,25,25],"floor_reached":50,"campfire_rested":5,"playtime":2046,"current_hp_per_floor":[71,71,67,56,56,56,46,68,68,61,61,34,40,40,64,9,81,66,66,66,59,59,81,55,79,79,72,64,64,64,64,64,27,99,99,99,91,91,90,84,105,105,115,78,112,112,112,115,115,0],"items_purged":["Regret","Strike_B"],"gold":25,"score":606,"play_id":"0a44a593-b095-41ce-940d-1b57c5c3f603","local_time":"20180508073939","daily_mods":["Diverse","Lethality","Vintage"],"is_prod":false,"is_daily":true,"chose_seed":false,"is_ascension_mode":false,"campfire_upgraded":3,"timestamp":1525732779,"path_taken":["M","M","M","M","$","R","E","R","T","M","?","?","?","M","R","BOSS","M","?","$","M","?","R","E","R","T","E","?","R","?","?","R","BOSS","M","?","M","?","M","E","?","R","T","M","R","?","$","?","R","BOSS"],"build_version":"2018-05-03","seed_source_timestamp":0,"purchased_purges":3,"victory":false,"master_deck":["Strike_B","Strike_B","Defend_B","Defend_B","Defend_B","Defend_B","Zap+1","Dualcast","Skim","Double Tap+1","Sweeping Beam+1","Sucker Punch","Immolate+1","Dark Shackles","All Out Attack","Sucker Punch","Venomology+1","Blur+1","Capacitor","Streamline+1","Bullet Time+1","Injury","Writhe","Normality","Streamline+1","Writhe","Consume+1","Riddle With Holes"],"max_hp_per_floor":[75,75,75,75,75,75,75,75,75,75,75,75,81,81,81,81,81,81,81,81,81,81,81,81,81,81,81,81,81,81,81,81,81,99,99,99,99,99,99,99,105,105,115,115,115,115,115,115,115,115],"relics":["Cracked Core","Pantograph","Tiny Chest","Letter Opener","Calipers","Oddly Smooth Stone","Blue Candle","Bag of Marbles","Darkstone Periapt","Mummified Hand","Lantern","Smiling Mask","Happy Flower","Velvet Choker","Blood Vial","Sundial","Bag of Preparation","Prayer Wheel","Meat on the Bone","Vajra","Toxic Egg 2","Toolbox","Calling Bell","Ancient Tea Set","Frozen Egg 2","Thread and Needle","Shuriken","Dodecahedron","Red Mask","Shovel","Singing Bowl","Bronze Scales","Pear","Bird Faced Urn","Mercury Hourglass","Art of War","Whetstone"],"card_choices":[{"not_picked":["Unload","Coolheaded"],"picked":"Double Tap","floor":7},{"not_picked":["Perfected Strike","Clothesline"],"picked":"Sucker Punch","floor":12},{"not_picked":["Offering","Nova"],"picked":"Immolate","floor":16},{"not_picked":["Multi-Cast","Self Repair"],"picked":"All Out Attack","floor":24},{"not_picked":["Fire Breathing","Capacitor"],"picked":"Sucker Punch","floor":26},{"not_picked":["Flying Knee","Crippling Poison"],"picked":"Venomology","floor":27},{"not_picked":["Slice","Cleave"],"picked":"Blur","floor":30},{"not_picked":["Meteor Strike","Envenom"],"picked":"Bullet Time","floor":33},{"not_picked":["Rampage","Evolve"],"picked":"Streamline","floor":40},{"not_picked":["Havoc","Clothesline"],"picked":"Consume","floor":43},{"not_picked":["Intimidate","Go for the Eyes"],"picked":"Riddle With Holes","floor":46}],"player_experience":525124,"potions_floor_usage":[4,16,18,24,33,33,37,40,44,48,50,50],"damage_taken":[{"damage":4,"enemies":"Cultist","floor":1,"turns":3},{"damage":0,"enemies":"Small Slimes","floor":2,"turns":2},{"damage":4,"enemies":"Jaw Worm","floor":3,"turns":3},{"damage":11,"enemies":"Gremlin Gang","floor":4,"turns":5},{"damage":10,"enemies":"3 Sentries","floor":7,"turns":5},{"damage":7,"enemies":"Looter","floor":10,"turns":2},{"damage":27,"enemies":"Lagavulin Event","floor":12,"turns":5},{"damage":0,"enemies":"3 Louse","floor":14,"turns":1},{"damage":72,"enemies":"Hexaghost","floor":16,"turns":9},{"damage":15,"enemies":"3 Byrds","floor":18,"turns":2},{"damage":9,"enemies":"Shell Parasite","floor":21,"turns":3},{"damage":26,"enemies":"Book of Stabbing","floor":24,"turns":4},{"damage":9,"enemies":"Gremlin Leader","floor":27,"turns":5},{"damage":66,"enemies":"Champ","floor":33,"turns":8},{"damage":0,"enemies":"3 Shapes","floor":35,"turns":2},{"damage":8,"enemies":"3 Darklings","floor":37,"turns":4},{"damage":3,"enemies":"Flame Bruiser 2 Orb","floor":39,"turns":4},{"damage":8,"enemies":"2 Orb Walkers","floor":40,"turns":3},{"damage":41,"enemies":"Spire Growth","floor":44,"turns":4},{"damage":0,"enemies":"4 Shapes","floor":48,"turns":4},{"damage":128,"enemies":"Time Eater","floor":50,"turns":12}],"event_choices":[{"event_name":"Dead Adventurer","player_choice":"Searched \u00272\u0027 times","floor":12,"damage_taken":0},{"event_name":"Big Fish","player_choice":"Box","floor":13,"damage_taken":0},{"event_name":"Upgrade Shrine","player_choice":"Upgraded","floor":19,"damage_taken":0},{"event_name":"Wheel of Change","player_choice":"Damage","floor":28,"damage_taken":0},{"event_name":"Tomb of Lord Red Mask","player_choice":"Paid","floor":38,"damage_taken":0},{"event_name":"Winding Halls","player_choice":"Writhe","floor":41,"damage_taken":0}],"boss_relics":[{"not_picked":["Sozu","Astrolabe"],"picked":"Velvet Choker"},{"not_picked":["Lizard Tail","Runic Dome"],"picked":"Calling Bell"}],"potions_floor_spawned":[1,4,12,14,21,24,35,44,48],"seed_played":"-6469632238871384507","killed_by":"Time Eater","ascension_level":0,"is_trial":false}