{"gold_per_floor":[115,10,10,23,38,38,73,73,73,73,148,148,162,174,174,174],"floor_reached":16,"playtime":561,"items_purged":[],"score":120,"play_id":"7164ca0d-cb51-4f9b-9b7d-9516f3032d17","local_time":"20190102161530","is_ascension_mode":true,"campfire_choices":[{"floor":6,"key":"REST"},{"floor":8,"key":"REST"},{"floor":15,"key":"REST"}],"neow_cost":"NONE","seed_source_timestamp":284151828087672,"circlet_count":0,"master_deck":["Strike_R","Strike_R","Strike_R","Strike_R","Strike_R","Defend_R+1","Defend_R","Defend_R","Defend_R+1","Bash","Dark Embrace","Headbutt","Inflame","Whirlwind","Thunderclap","Flex"],"relics":["Burning Blood","Blue Candle","Singing Bowl","War Paint"],"potions_floor_usage":[16,16],"damage_taken":[{"damage":11,"enemies":"Cultist","floor":1,"turns":4},{"damage":18,"enemies":"Jaw Worm","floor":4,"turns":4},{"damage":8,"enemies":"2 Louse","floor":5,"turns":3},{"damage":42,"enemies":"Lagavulin","floor":7,"turns":6},{"damage":24,"enemies":"Exordium Wildlife","floor":13,"turns":3},{"damage":16,"enemies":"Exordium Thugs","floor":14,"turns":3},{"damage":61,"enemies":"Hexaghost","floor":16,"turns":7}],"seed_played":"-5839036044249109159","potions_obtained":[{"floor":1,"key":"BloodPotion"},{"floor":7,"key":"FearPotion"}],"is_trial":false,"path_per_floor":["M","$","?","M","M","R","E","R","T","$","?","?","M","M","R","B"],"character_chosen":"IRONCLAD","items_purchased":["Inflame","Whirlwind"],"campfire_rested":3,"item_purchase_floors":[2,2],"current_hp_per_floor":[75,75,75,63,61,80,44,68,68,68,57,50,32,22,46,0],"gold":174,"neow_bonus":"ONE_RANDOM_RARE_CARD","is_prod":false,"is_daily":false,"chose_seed":false,"campfire_upgraded":0,"win_rate":0,"timestamp":1546413330,"path_taken":["M","$","?","M","M","R","E","R","T","$","?","?","?","M","R","BOSS"],"build_version":"2018-12-20","purchased_purges":0,"victory":false,"max_hp_per_floor":[80,80,80,80,80,80,80,80,80,80,80,80,80,80,80,80],"card_choices":[{"not_picked":["Heavy Blade","Iron Wave"],"picked":"Headbutt","floor":1},{"not_picked":["Reckless Charge","Armaments","Cleave"],"picked":"SKIP","floor":4},{"not_picked":["Body Slam","Fire Breathing","Warcry"],"picked":"SKIP","floor":5},{"not_picked":["Havoc","Dropkick","Rampage"],"picked":"SKIP","floor":7},{"not_picked":["Blood for Blood","Disarm"],"picked":"Thunderclap","floor":13},{"not_picked":["Metallicize","Entrench"],"picked":"Flex","floor":14}],"player_experience":113398,"relics_obtained":[{"floor":7,"key":"Blue Candle"},{"floor":9,"key":"Singing Bowl"}],"event_choices":[{"damage_healed":0,"gold_gain":0,"player_choice":"Ignored","damage_taken":0,"max_hp_gain":0,"max_hp_loss":0,"event_name":"Liars Game","floor":3,"gold_loss":0},{"damage_healed":0,"gold_gain":75,"player_choice":"Gather Gold","damage_taken":11,"max_hp_gain":0,"max_hp_loss":0,"event_name":"World of Goop","floor":11,"gold_loss":0},{"damage_healed":0,"gold_gain":0,"player_choice":"Success","damage_taken":7,"relics_obtained":["War Paint"],"max_hp_gain":0,"max_hp_loss":0,"event_name":"Scrap Ooze","floor":12,"gold_loss":0}],"is_beta":false,"boss_relics":[],"items_purged_floors":[],"is_endless":false,"potions_floor_spawned":[1,7],"killed_by":"Hexaghost","ascension_level":4}