{"gold_per_floor":[115,127,137,137,155,190,190,225,225,239,258,268,286,26,26,126,126,144,159,159,178,197,226,226,237,237,237,237,262,262,281,281,281],"floor_reached":33,"playtime":2938,"items_purged":[],"score":330,"play_id":"3b1996fd-28a7-4caf-91e8-e0ff013e68d5","local_time":"20181129025614","is_ascension_mode":false,"campfire_choices":[{"data":"Whirlwind","floor":7.0,"key":"SMITH"},{"floor":15.0,"key":"REST"},{"floor":24.0,"key":"REST"},{"floor":28.0,"key":"REST"},{"floor":32,"key":"REST"}],"neow_cost":"NONE","seed_source_timestamp":100089387473500,"circlet_count":0,"master_deck":["Strike_R","Strike_R","Strike_R","Strike_R","Strike_R","Defend_R","Defend_R","Defend_R","Defend_R","Bash+1","Whirlwind+1","Rupture","Pummel+1","Pain","Bloodletting","Flex","Disarm","Flame Barrier","Feel No Pain","Dark Embrace","Feed","Shrug It Off","Clothesline","Shrug It Off","Seeing Red","Flame Barrier","Intimidate","Headbutt","Thunderclap","Sentinel+1"],"special_seed":0,"relics":["Burning Blood","WarpedTongs","Happy Flower","Strawberry","Ancient Tea Set","Shuriken","Black Star","Question Card","Mummified Hand","Ornamental Fan","MutagenicStrength","Whetstone","Regal Pillow"],"potions_floor_usage":[30,33],"damage_taken":[{"damage":3.0,"enemies":"Small Slimes","floor":1.0,"turns":3.0},{"damage":1.0,"enemies":"Cultist","floor":2.0,"turns":3.0},{"damage":0.0,"enemies":"2 Louse","floor":3.0,"turns":1.0},{"damage":16.0,"enemies":"Large Slime","floor":5.0,"turns":5.0},{"damage":23.0,"enemies":"Gremlin Nob","floor":6.0,"turns":4.0},{"damage":10.0,"enemies":"3 Sentries","floor":8.0,"turns":2.0},{"damage":22.0,"enemies":"Exordium Thugs","floor":10.0,"turns":5.0},{"damage":10.0,"enemies":"Red Slaver","floor":11.0,"turns":2.0},{"damage":2.0,"enemies":"2 Fungi Beasts","floor":12.0,"turns":3.0},{"damage":10.0,"enemies":"Blue Slaver","floor":13.0,"turns":3.0},{"damage":17.0,"enemies":"Hexaghost","floor":16.0,"turns":8.0},{"damage":19.0,"enemies":"Shell Parasite","floor":18.0,"turns":8.0},{"damage":8.0,"enemies":"Chosen","floor":19.0,"turns":6.0},{"damage":41.0,"enemies":"3 Cultists","floor":21.0,"turns":6.0},{"damage":5.0,"enemies":"Chosen and Byrds","floor":22.0,"turns":7.0},{"damage":41.0,"enemies":"Book of Stabbing","floor":23.0,"turns":7.0},{"damage":21.0,"enemies":"Cultist and Chosen","floor":25.0,"turns":6.0},{"damage":52.0,"enemies":"Slavers","floor":29.0,"turns":9.0},{"damage":0,"enemies":"Snake Plant","floor":30,"turns":1},{"damage":23,"enemies":"Sentry and Sphere","floor":31,"turns":8},{"damage":57,"enemies":"Automaton","floor":33,"turns":6}],"seed_played":"-4507123635383003740","potions_obtained":[{"floor":1.0,"key":"FearPotion"},{"floor":2.0,"key":"Block Potion"},{"floor":3.0,"key":"SkillPotion"},{"floor":10.0,"key":"SkillPotion"},{"floor":18.0,"key":"Weak Potion"},{"floor":21.0,"key":"GamblersBrew"},{"floor":25.0,"key":"SpeedPotion"},{"floor":29.0,"key":"SmokeBomb"}],"is_trial":false,"path_per_floor":["M","M","M","?","M","E","R","E","T","M","M","M","M","$","R","B",null,"M","M","?","M","M","E","R","M","T","?","R","E","M","M","R","B"],"character_chosen":"IRONCLAD","items_purchased":["Shuriken"],"campfire_rested":4,"item_purchase_floors":[14],"current_hp_per_floor":[88,88,88,88,78,61,61,64,64,48,44,48,44,44,72,61,95,82,84,84,49,53,18,48,33,33,33,63,21,27,10,56,0],"gold":281,"neow_bonus":"TEN_PERCENT_HP_BONUS","is_prod":false,"is_daily":false,"chose_seed":false,"campfire_upgraded":1,"win_rate":0,"timestamp":1543427774,"path_taken":["M","M","M","?","M","E","R","E","T","M","M","M","?","$","R","BOSS","M","M","?","M","M","E","R","M","T","?","R","E","M","M","R","BOSS"],"build_version":"2018-11-15","purchased_purges":0,"victory":false,"max_hp_per_floor":[88,88,88,88,88,88,88,95,95,95,95,95,95,95,95,95,95,95,99,99,99,102,102,102,102,102,102,102,106,106,106,106,106],"card_choices":[{"not_picked":["Body Slam","Cleave"],"picked":"Whirlwind","floor":1.0},{"not_picked":["Reckless Charge","Rampage"],"picked":"Rupture","floor":2.0},{"not_picked":["Body Slam","True Grit"],"picked":"Pummel","floor":3.0},{"not_picked":["Iron Wave","Havoc"],"picked":"Bloodletting","floor":5.0},{"not_picked":["Berserk","Body Slam"],"picked":"Flex","floor":6.0},{"not_picked":["Second Wind","Dropkick"],"picked":"Disarm","floor":8.0},{"not_picked":["Havoc","Heavy Blade"],"picked":"Flame Barrier","floor":10.0},{"not_picked":["Warcry","Heavy Blade"],"picked":"Feel No Pain","floor":11.0},{"not_picked":["Shrug It Off","Clothesline"],"picked":"Dark Embrace","floor":12.0},{"not_picked":["Anger","Iron Wave","Clash"],"picked":"SKIP","floor":13.0},{"not_picked":["Bludgeon","Demon Form"],"picked":"Feed","floor":16.0},{"not_picked":["Disarm","Fire Breathing"],"picked":"Shrug It Off","floor":18.0},{"not_picked":["Iron Wave+1","Disarm"],"picked":"Clothesline","floor":19.0},{"not_picked":["Heavy Blade","Blood for Blood"],"picked":"Seeing Red","floor":21.0},{"not_picked":["Iron Wave","Pommel Strike+1"],"picked":"Flame Barrier","floor":22.0},{"not_picked":["Body Slam+1","Warcry"],"picked":"Intimidate","floor":23.0},{"not_picked":["Flex","True Grit","Berserk"],"picked":"Headbutt","floor":25.0},{"not_picked":["Reckless Charge","Clash+1","Iron Wave"],"picked":"Thunderclap","floor":29.0},{"not_picked":["Carnage","True Grit","Spot Weakness"],"picked":"Sentinel+1","floor":31}],"player_experience":520305,"relics_obtained":[{"floor":6.0,"key":"Happy Flower"},{"floor":8.0,"key":"Strawberry"},{"floor":9.0,"key":"Ancient Tea Set"},{"floor":23.0,"key":"Question Card"},{"floor":23.0,"key":"Mummified Hand"},{"floor":26.0,"key":"Ornamental Fan"},{"floor":29.0,"key":"Whetstone"},{"floor":29.0,"key":"Regal Pillow"}],"event_choices":[{"damage_healed":0.0,"max_hp_gain":0.0,"max_hp_loss":0.0,"gold_gain":0.0,"event_name":"Accursed Blacksmith","player_choice":"Rummage","floor":4.0,"gold_loss":0.0,"damage_taken":0.0,"relics_obtained":["WarpedTongs"],"cards_obtained":["Pain"]},{"damage_healed":0.0,"max_hp_gain":0.0,"max_hp_loss":0.0,"gold_gain":0.0,"event_name":"The Library","player_choice":"Read","floor":20.0,"gold_loss":0.0,"damage_taken":0.0,"cards_obtained":["Shrug It Off"]},{"damage_healed":0.0,"max_hp_gain":0.0,"max_hp_loss":0.0,"gold_gain":0.0,"event_name":"Drug Dealer","player_choice":"Inject Mutagens","floor":27.0,"gold_loss":0.0,"damage_taken":0.0,"relics_obtained":["MutagenicStrength"]}],"is_beta":false,"boss_relics":[{"not_picked":["White Beast Statue","Busted Crown"],"picked":"Black Star"}],"items_purged_floors":[],"is_endless":false,"potions_floor_spawned":[1,2,3,10,18,21,25,29,30],"killed_by":"Automaton","ascension_level":0}