{"gold_per_floor":[112,132,132,149,35,35,65,65,65,95,95,25,25,43,43,114,164,175,193,41,0,0,0,0,28,28,28,104,179,179,193,193,270,270,281,381,398,34,0,0,12,29,29,40,1,14,14,14,14,14],"floor_reached":51,"playtime":3934,"items_purged":["Strike_G"],"score":1089,"play_id":"9ac526f1-a164-4739-bc75-969d579ced4c","local_time":"20190803095551","is_ascension_mode":true,"campfire_choices":[{"data":"Neutralize","floor":6,"key":"SMITH"},{"floor":8,"key":"REST"},{"data":"Footwork","floor":11,"key":"SMITH"},{"data":"Noxious Fumes","floor":15,"key":"SMITH"},{"data":"Panacea","floor":24,"key":"SMITH"},{"data":"Footwork","floor":30,"key":"SMITH"},{"data":"Wraith Form v2","floor":32,"key":"SMITH"},{"data":"Well Laid Plans","floor":40,"key":"SMITH"},{"data":"Caltrops","floor":47,"key":"SMITH"},{"floor":49,"key":"REST"}],"neow_cost":"NONE","seed_source_timestamp":27594579215900,"circlet_count":0,"master_deck":["AscendersBane","Strike_G","Strike_G","Defend_G","Defend_G","Defend_G","Defend_G","Defend_G","Survivor+1","Neutralize+1","Heel Hook","Footwork+1","Panacea+1","PiercingWail","Leg Sweep+1","Noxious Fumes+1","Dagger Spray","Burst+1","PiercingWail+1","Prepared+1","Terror+1","Footwork+1","Enlightenment+1","Wraith Form v2+1","Dodge and Roll+1","Outmaneuver+1","Adrenaline+1","Acrobatics+1","Bouncing Flask+1","Deflect+1","Well Laid Plans+1","Deadly Poison+1","Leg Sweep+1","Acrobatics+1","Caltrops+1"],"relics":["Ring of the Snake","Bag of Preparation","Toxic Egg 2","Juzu Bracelet","FossilizedHelix","Tiny House","Bronze Scales","Pear","Bottled Flame","Cursed Key","Potion Belt","Red Mask"],"potions_floor_usage":[7,25,33,50],"damage_taken":[{"damage":0,"enemies":"2 Louse","floor":1,"turns":4},{"damage":0,"enemies":"Small Slimes","floor":2,"turns":4},{"damage":0,"enemies":"Jaw Worm","floor":4,"turns":5},{"damage":32,"enemies":"3 Sentries","floor":7,"turns":15},{"damage":0,"enemies":"Blue Slaver","floor":14,"turns":6},{"damage":8,"enemies":"Hexaghost","floor":16,"turns":13},{"damage":2,"enemies":"Shell Parasite","floor":18,"turns":11},{"damage":0,"enemies":"Chosen","floor":19,"turns":8},{"damage":7,"enemies":"Gremlin Leader","floor":25,"turns":9},{"damage":5,"enemies":"Shelled Parasite and Fungi","floor":31,"turns":7},{"damage":24,"enemies":"Champ","floor":33,"turns":28},{"damage":8,"enemies":"3 Darklings","floor":35,"turns":8},{"damage":15,"enemies":"3 Shapes","floor":37,"turns":5},{"damage":0,"enemies":"Maw","floor":41,"turns":7},{"damage":2,"enemies":"4 Shapes","floor":42,"turns":8},{"damage":3,"enemies":"Transient","floor":44,"turns":5},{"damage":0,"enemies":"Maw","floor":46,"turns":7},{"damage":9,"enemies":"Time Eater","floor":50,"turns":14}],"seed_played":"-8774304048348341942","potions_obtained":[{"floor":2,"key":"GhostInAJar"},{"floor":4,"key":"SpeedPotion"},{"floor":16,"key":"GamblersBrew"},{"floor":17,"key":"Block Potion"},{"floor":33,"key":"Fire Potion"},{"floor":37,"key":"SkillPotion"},{"floor":44,"key":"SkillPotion"}],"is_trial":false,"path_per_floor":["M","M","?","M","$","R","E","R","T","?","R","$","?","M","R","B",null,"M","M","$","?","?","?","R","E","T","?","T","?","R","M","R","B",null,"M","?","M","$","?","R","M","M","T","M","$","M","R","?","R","B",null],"character_chosen":"THE_SILENT","items_purchased":["Panacea","PiercingWail","Noxious Fumes","Footwork","Enlightenment+1","Potion Belt","Deflect+1","Well Laid Plans","Deadly Poison+1","Caltrops"],"campfire_rested":2,"item_purchase_floors":[5,5,12,20,20,38,38,38,38,45],"current_hp_per_floor":[59,59,52,52,52,52,20,39,39,39,39,39,61,61,61,53,68,66,66,66,66,53,76,76,69,79,79,79,71,71,66,66,42,75,67,67,52,52,52,52,52,50,50,47,47,47,47,47,72,63],"gold":14,"neow_bonus":"RANDOM_COMMON_RELIC","is_prod":false,"is_daily":false,"chose_seed":false,"campfire_upgraded":8,"win_rate":0,"timestamp":1564793751,"path_taken":["M","M","?","M","$","R","E","R","T","?","R","$","?","M","R","BOSS","M","M","$","?","?","?","R","E","T","?","?","?","R","M","R","BOSS","M","?","M","$","?","R","M","M","T","M","$","M","R","?","R","BOSS"],"build_version":"2019-07-17","purchased_purges":1,"victory":true,"max_hp_per_floor":[66,66,66,66,66,66,66,66,66,66,66,66,66,66,66,66,71,71,71,71,71,76,76,76,76,86,86,86,86,86,86,86,86,86,86,86,86,86,86,86,86,86,86,86,86,86,86,86,86,86],"card_choices":[{"not_picked":["Flying Knee","Backflip"],"picked":"Heel Hook","floor":1},{"not_picked":["Backflip","Deflect"],"picked":"Footwork","floor":2},{"not_picked":["Prepared","Slice","Tactician"],"picked":"SKIP","floor":4},{"not_picked":["Acrobatics","Deadly Poison"],"picked":"Leg Sweep","floor":7},{"not_picked":["Phantasmal Killer+1","Sucker Punch"],"picked":"Dagger Spray","floor":14},{"not_picked":["After Image","Die Die Die"],"picked":"Burst+1","floor":16},{"not_picked":["Quick Slash","Crippling Poison+1"],"picked":"PiercingWail+1","floor":17},{"not_picked":["Dagger Spray","Cloak And Dagger+1"],"picked":"Prepared+1","floor":18},{"not_picked":["Blade Dance+1","Deflect+1"],"picked":"Terror+1","floor":19},{"not_picked":["Poisoned Stab","Crippling Poison+1"],"picked":"Wraith Form v2","floor":25},{"not_picked":["Poisoned Stab+1","Bane"],"picked":"Outmaneuver+1","floor":31},{"not_picked":["Night Terror+1","Malaise+1"],"picked":"Adrenaline+1","floor":33},{"not_picked":["Calculated Gamble+1","Prepared+1"],"picked":"Acrobatics+1","floor":35},{"not_picked":["Bane","Outmaneuver+1"],"picked":"Bouncing Flask+1","floor":37},{"not_picked":["Poisoned Stab","Outmaneuver+1","Envenom"],"picked":"SKIP","floor":41},{"not_picked":["Tactician+1","Sucker Punch"],"picked":"Leg Sweep+1","floor":42},{"not_picked":["Bane+1","Prepared+1"],"picked":"Acrobatics+1","floor":44},{"not_picked":["Dagger Throw","Outmaneuver+1","Bouncing Flask+1"],"picked":"SKIP","floor":46}],"player_experience":541285,"relics_obtained":[{"floor":7,"key":"Toxic Egg 2"},{"floor":9,"key":"Juzu Bracelet"},{"floor":25,"key":"Bronze Scales"},{"floor":26,"key":"Pear"},{"floor":28,"key":"Bottled Flame"}],"event_choices":[{"cards_removed":["Strike_G"],"damage_healed":0,"gold_gain":0,"player_choice":"Card Removal","damage_taken":7,"max_hp_gain":0,"max_hp_loss":0,"event_name":"Golden Wing","floor":3,"gold_loss":0},{"damage_healed":0,"gold_gain":30,"player_choice":"Searched \u00272\u0027 times","damage_taken":0,"relics_obtained":["FossilizedHelix"],"max_hp_gain":0,"max_hp_loss":0,"event_name":"Dead Adventurer","floor":10,"gold_loss":0},{"damage_healed":22,"gold_gain":0,"player_choice":"Banana","damage_taken":0,"max_hp_gain":0,"max_hp_loss":0,"event_name":"Big Fish","floor":13,"gold_loss":0},{"damage_healed":0,"gold_gain":0,"player_choice":"Paid Fearfully","damage_taken":0,"max_hp_gain":0,"max_hp_loss":0,"event_name":"Masked Bandits","floor":21,"gold_loss":41},{"damage_healed":0,"gold_gain":0,"player_choice":"Shed Blood","damage_taken":18,"max_hp_gain":5,"max_hp_loss":0,"event_name":"Forgotten Altar","floor":22,"gold_loss":0},{"damage_healed":25,"gold_gain":0,"player_choice":"Heal","damage_taken":0,"max_hp_gain":0,"max_hp_loss":0,"event_name":"The Library","floor":23,"gold_loss":0},{"damage_healed":0,"gold_gain":0,"cards_transformed":["Strike_G"],"player_choice":"Transformed","damage_taken":0,"max_hp_gain":0,"max_hp_loss":0,"event_name":"Transmorgrifier","floor":27,"gold_loss":0,"cards_obtained":["Dodge and Roll"]},{"damage_healed":0,"gold_gain":75,"player_choice":"Touch","damage_taken":8,"max_hp_gain":0,"max_hp_loss":0,"event_name":"FaceTrader","floor":29,"gold_loss":0},{"damage_healed":0,"gold_gain":100,"player_choice":"Pray","damage_taken":0,"max_hp_gain":0,"max_hp_loss":0,"event_name":"Golden Shrine","floor":36,"gold_loss":0},{"damage_healed":0,"gold_gain":0,"player_choice":"Paid","damage_taken":0,"relics_obtained":["Red Mask"],"max_hp_gain":0,"max_hp_loss":0,"event_name":"Tomb of Lord Red Mask","floor":39,"gold_loss":34},{"damage_healed":0,"gold_gain":0,"player_choice":"Ignored","damage_taken":0,"max_hp_gain":0,"max_hp_loss":0,"event_name":"Mysterious Sphere","floor":48,"gold_loss":0}],"is_beta":false,"boss_relics":[{"not_picked":["Runic Pyramid","Runic Dome"],"picked":"Tiny House"},{"not_picked":["Sozu","Fusion Hammer"],"picked":"Cursed Key"}],"items_purged_floors":[38],"is_endless":false,"potions_floor_spawned":[2,4,16,33,37,44],"ascension_level":14}