{"gold_per_floor":[110,35,51,63,138,138,172,172,172,190,190,90,90,105,105,207,207,224,224,206,167,178,178,81,115,115,127,52,52,67,85,85,85],"floor_reached":33,"playtime":1880,"items_purged":["Decay","Regret"],"score":372,"play_id":"3ba137c5-ff89-4b03-b3d5-dd205a3dd35f","local_time":"20190808155900","is_ascension_mode":true,"campfire_choices":[{"data":"Bash","floor":6,"key":"SMITH"},{"data":"Rampage","floor":8,"key":"SMITH"},{"data":"Flame Barrier","floor":13,"key":"SMITH"},{"floor":15,"key":"REST"},{"data":"Shrug It Off","floor":23,"key":"SMITH"},{"data":"Whirlwind","floor":29,"key":"SMITH"},{"floor":32,"key":"REST"}],"neow_cost":"CURSE","seed_source_timestamp":483452129952300,"circlet_count":0,"master_deck":["Strike_R","Strike_R","Strike_R","Strike_R","Defend_R","Defend_R","Defend_R","Defend_R","Bash+1","Violence","Good Instincts","Rampage+1","Shockwave","Flame Barrier+1","Impervious","Second Wind","Reaper","Armaments+1","Ghostly","Ghostly","Ghostly","Ghostly","Ghostly","Warcry+1","Power Through","Shrug It Off+1","Shrug It Off","Whirlwind+1","Rampage","Sentinel+1","Flex"],"relics":["Burning Blood","Mummified Hand","Frozen Egg 2","Bag of Marbles","Mark of Pain","Ancient Tea Set","Kunai"],"potions_floor_usage":[16,16,16,25,25,33],"damage_taken":[{"damage":4,"enemies":"Cultist","floor":1,"turns":5},{"damage":0,"enemies":"Small Slimes","floor":3,"turns":3},{"damage":12,"enemies":"Jaw Worm","floor":4,"turns":3},{"damage":33,"enemies":"3 Sentries","floor":7,"turns":10},{"damage":6,"enemies":"Looter","floor":10,"turns":3},{"damage":12,"enemies":"Blue Slaver","floor":14,"turns":4},{"damage":34,"enemies":"Slime Boss","floor":16,"turns":13},{"damage":9,"enemies":"Shell Parasite","floor":18,"turns":7},{"damage":17,"enemies":"2 Thieves","floor":20,"turns":4},{"damage":9,"enemies":"Snake Plant","floor":22,"turns":8},{"damage":2,"enemies":"Gremlin Leader","floor":25,"turns":6},{"damage":27,"enemies":"Shelled Parasite and Fungi","floor":27,"turns":9},{"damage":19,"enemies":"Snecko","floor":30,"turns":8},{"damage":9,"enemies":"Centurion and Healer","floor":31,"turns":4},{"damage":29,"enemies":"Collector","floor":33,"turns":5}],"seed_played":"2430582416372315359","potions_obtained":[{"floor":3,"key":"Strength Potion"},{"floor":10,"key":"SpeedPotion"},{"floor":14,"key":"Weak Potion"},{"floor":16,"key":"Strength Potion"},{"floor":18,"key":"GamblersBrew"},{"floor":27,"key":"Strength Potion"}],"is_trial":false,"path_per_floor":["M","$","M","M","?","R","E","R","T","M","?","$","R","M","R","B",null,"M","?","M","$","M","R","$","E","T","M","?","R","M","M","R","B"],"character_chosen":"IRONCLAD","items_purchased":["Power Through","Shrug It Off","Whirlwind"],"campfire_rested":2,"item_purchase_floors":[21,24,24],"current_hp_per_floor":[74,74,80,74,63,63,36,36,36,36,36,36,36,30,54,26,67,64,40,37,37,34,34,34,38,38,23,23,23,16,13,25,0],"gold":85,"neow_bonus":"RANDOM_COLORLESS_2","is_prod":false,"is_daily":false,"chose_seed":false,"campfire_upgraded":5,"win_rate":0,"timestamp":1565247540,"path_taken":["M","$","M","M","?","R","E","R","T","M","?","$","R","M","R","BOSS","M","?","M","$","M","R","$","E","T","M","?","R","M","M","R","BOSS"],"build_version":"2019-07-17","purchased_purges":2,"victory":false,"max_hp_per_floor":[80,80,80,80,80,80,80,80,80,80,80,80,80,80,80,80,80,80,40,40,40,40,40,40,40,40,40,40,40,40,40,40,40],"card_choices":[{"not_picked":["Iron Wave","Anger"],"picked":"Rampage","floor":1},{"not_picked":["True Grit","Combust"],"picked":"Shockwave","floor":3},{"not_picked":["Shockwave","Bloodletting"],"picked":"Flame Barrier","floor":4},{"not_picked":["Sword Boomerang","Fire Breathing"],"picked":"Impervious","floor":7},{"not_picked":["Rupture+1","Armaments"],"picked":"Second Wind","floor":10},{"not_picked":["Clash","Pommel Strike","Iron Wave"],"picked":"SKIP","floor":14},{"not_picked":["Juggernaut+1","Brutality+1"],"picked":"Reaper","floor":16},{"not_picked":["True Grit+1","Rupture+1"],"picked":"Armaments+1","floor":18},{"not_picked":["Wild Strike","Twin Strike"],"picked":"Warcry+1","floor":20},{"not_picked":["Headbutt+1","Thunderclap"],"picked":"Shrug It Off","floor":22},{"not_picked":["Cleave","Searing Blow"],"picked":"Rampage","floor":25},{"not_picked":["Intimidate","Clothesline"],"picked":"Sentinel+1","floor":27},{"not_picked":["Sever Soul+1","Havoc"],"picked":"Flex","floor":30},{"not_picked":["True Grit","Entrench+1","Feed"],"picked":"SKIP","floor":31}],"player_experience":631100,"relics_obtained":[{"floor":7,"key":"Mummified Hand"},{"floor":9,"key":"Frozen Egg 2"},{"floor":25,"key":"Ancient Tea Set"},{"floor":26,"key":"Kunai"}],"event_choices":[{"damage_healed":0,"gold_gain":75,"player_choice":"Gather Gold","damage_taken":11,"max_hp_gain":0,"max_hp_loss":0,"event_name":"World of Goop","floor":5,"gold_loss":0},{"damage_healed":0,"gold_gain":0,"player_choice":"Box","damage_taken":0,"relics_obtained":["Bag of Marbles"],"max_hp_gain":0,"max_hp_loss":0,"event_name":"Big Fish","floor":11,"gold_loss":0,"cards_obtained":["Regret"]},{"damage_healed":0,"gold_gain":0,"player_choice":"Became a Ghost","damage_taken":0,"max_hp_gain":0,"max_hp_loss":40,"event_name":"Ghosts","floor":19,"gold_loss":0,"cards_obtained":["Ghostly","Ghostly","Ghostly","Ghostly","Ghostly"]},{"cards_removed":["Strike_R"],"damage_healed":0,"gold_gain":0,"player_choice":"Gave Gold","damage_taken":0,"max_hp_gain":0,"max_hp_loss":0,"event_name":"Beggar","floor":28,"gold_loss":75}],"is_beta":false,"boss_relics":[{"not_picked":["Runic Dome","Fusion Hammer"],"picked":"Mark of Pain"}],"items_purged_floors":[2,12],"is_endless":false,"potions_floor_spawned":[3,10,14,16,18,27],"killed_by":"Collector","ascension_level":6}