{"gold_per_floor":[110,120,39,52,69,69,69,69,148,182,202,264,264,274,274,370,370,390,406,12,24,24,24,49,49,72,72,91,102,129,143,143,240,240,255,273,273,292,316,316,241,256,256,288,288,307,307,92,92,92],"floor_reached":51,"playtime":3164,"items_purged":["Strike_B","Strike_B"],"score":1016,"play_id":"0d7eb4a6-9218-4d9a-944c-d535799288af","local_time":"20190819234756","is_ascension_mode":true,"campfire_choices":[{"floor":6,"key":"REST"},{"data":"Zap","floor":13,"key":"SMITH"},{"data":"Glacier","floor":15,"key":"SMITH"},{"data":"Defragment","floor":23,"key":"SMITH"},{"data":"Seek","floor":32,"key":"SMITH"},{"floor":47,"key":"REST"},{"data":"Loop","floor":49,"key":"SMITH"}],"neow_cost":"NONE","seed_source_timestamp":393063508675500,"circlet_count":0,"master_deck":["Strike_B","Defend_B","Defend_B+1","Defend_B","Defend_B","Zap+1","Dualcast","Biased Cognition","Cold Snap","Conserve Battery","Defragment+1","Leap","Chill+1","Core Surge","Cold Snap","Glacier+1","Rainbow","Beam Cell","Defragment+1","Chill","Glacier+1","Seek+1","Barrage+1","Hologram","Reboot","Blizzard+1","Rebound+1","Rebound+1","Loop+1","Parasite","Loop+1"],"relics":["Cracked Core","Sundial","Blood Vial","Tiny Chest","Runic Dome","Bottled Lightning","Bag of Preparation","Vajra","Letter Opener","Runic Pyramid","War Paint","Art of War","Darkstone Periapt","Mummified Hand"],"potions_floor_usage":[16,40,44,50],"damage_taken":[{"damage":10,"enemies":"Small Slimes","floor":1,"turns":3},{"damage":0,"enemies":"2 Louse","floor":2,"turns":2},{"damage":0,"enemies":"Cultist","floor":4,"turns":2},{"damage":11,"enemies":"Large Slime","floor":5,"turns":5},{"damage":5,"enemies":"Lagavulin","floor":10,"turns":7},{"damage":7,"enemies":"2 Fungi Beasts","floor":11,"turns":4},{"damage":11,"enemies":"3 Sentries","floor":12,"turns":7},{"damage":8,"enemies":"3 Louse","floor":14,"turns":4},{"damage":3,"enemies":"The Guardian","floor":16,"turns":13},{"damage":0,"enemies":"Spheric Guardian","floor":18,"turns":5},{"damage":0,"enemies":"Shell Parasite","floor":19,"turns":8},{"damage":7,"enemies":"Centurion and Healer","floor":21,"turns":11},{"damage":6,"enemies":"Book of Stabbing","floor":24,"turns":7},{"damage":6,"enemies":"Snake Plant","floor":28,"turns":4},{"damage":0,"enemies":"3 Cultists","floor":29,"turns":7},{"damage":0,"enemies":"Gremlin Leader","floor":30,"turns":10},{"damage":1,"enemies":"Centurion and Healer","floor":31,"turns":9},{"damage":4,"enemies":"Champ","floor":33,"turns":17},{"damage":0,"enemies":"3 Darklings","floor":35,"turns":6},{"damage":0,"enemies":"3 Shapes","floor":36,"turns":5},{"damage":0,"enemies":"3 Darklings","floor":38,"turns":4},{"damage":0,"enemies":"Reptomancer","floor":40,"turns":2},{"damage":30,"enemies":"Jaw Worm Horde","floor":42,"turns":5},{"damage":11,"enemies":"Nemesis","floor":44,"turns":7},{"damage":0,"enemies":"Writhing Mass","floor":46,"turns":5},{"damage":11,"enemies":"Donu and Deca","floor":50,"turns":9}],"seed_played":"-6442252206251569409","potions_obtained":[{"floor":4,"key":"FairyPotion"},{"floor":5,"key":"Swift Potion"},{"floor":14,"key":"FearPotion"},{"floor":16,"key":"Regen Potion"},{"floor":31,"key":"SmokeBomb"},{"floor":42,"key":"Dexterity Potion"},{"floor":44,"key":"Explosive Potion"}],"is_trial":false,"path_per_floor":["M","M","$","M","M","R","?","?","T","E","M","E","R","M","R","B",null,"M","M","$","M","?","R","E","?","T","?","M","M","E","M","R","B",null,"M","M","?","M","T","E","$","M","T","E","T","M","R","$","R","B",null],"character_chosen":"DEFECT","items_purchased":["Defragment","Defragment","Bottled Lightning","Chill","Loop","FocusPotion"],"campfire_rested":2,"item_purchase_floors":[3,20,20,20,48,48],"current_hp_per_floor":[58,58,58,58,47,69,69,69,69,64,59,50,50,44,44,43,67,69,71,71,66,66,66,62,62,62,62,58,60,62,63,63,61,72,74,75,75,75,75,75,75,45,45,36,36,44,68,68,68,59],"gold":92,"neow_bonus":"ONE_RANDOM_RARE_CARD","is_prod":false,"is_daily":false,"chose_seed":false,"campfire_upgraded":5,"win_rate":0,"timestamp":1566226076,"path_taken":["M","M","$","M","M","R","?","?","T","E","?","E","R","M","R","BOSS","M","M","$","M","?","R","E","?","T","?","M","M","E","M","R","BOSS","M","M","?","M","?","E","$","M","T","E","?","M","R","$","R","BOSS"],"build_version":"2019-07-17","purchased_purges":2,"victory":true,"max_hp_per_floor":[75,75,75,75,75,75,75,75,75,75,75,75,75,75,75,75,75,75,75,75,75,75,75,75,75,75,75,75,75,75,75,75,75,75,75,75,75,75,75,75,75,75,75,75,75,81,81,81,81,81],"card_choices":[{"not_picked":["Beam Cell","Turbo"],"picked":"Cold Snap","floor":1},{"not_picked":["Cold Snap","Streamline"],"picked":"Conserve Battery","floor":2},{"not_picked":["Sweeping Beam","Redo"],"picked":"Leap","floor":4},{"not_picked":["Heatsinks","Sweeping Beam"],"picked":"Chill","floor":5},{"not_picked":["Fusion","Redo"],"picked":"Core Surge","floor":10},{"not_picked":["Coolheaded","Compile Driver"],"picked":"Cold Snap","floor":11},{"not_picked":["Ball Lightning","Beam Cell"],"picked":"Glacier","floor":12},{"not_picked":["Doom and Gloom","Buffer","Stack"],"picked":"SKIP","floor":14},{"not_picked":["Meteor Strike","Biased Cognition"],"picked":"Rainbow","floor":16},{"not_picked":["Conserve Battery","Double Energy"],"picked":"Beam Cell","floor":18},{"not_picked":["Chaos","Gash","Hello World"],"picked":"SKIP","floor":19},{"not_picked":["Stack","Reprogram","Conserve Battery"],"picked":"SKIP","floor":21},{"not_picked":["Leap","Streamline"],"picked":"Glacier+1","floor":24},{"not_picked":["Chaos","Barrage"],"picked":"Seek","floor":28},{"not_picked":["Sweeping Beam","Beam Cell"],"picked":"Barrage+1","floor":29},{"not_picked":["BootSequence+1","Force Field"],"picked":"Hologram","floor":30},{"not_picked":["Leap","Steam","Redo"],"picked":"SKIP","floor":31},{"not_picked":["Amplify","All For One"],"picked":"Reboot","floor":33},{"not_picked":["Auto Shields","Darkness"],"picked":"Blizzard+1","floor":35},{"not_picked":["Barrage+1","Beam Cell"],"picked":"Rebound+1","floor":36},{"not_picked":["Glacier+1","Blizzard"],"picked":"Rebound+1","floor":38},{"not_picked":["Stack","Leap+1","Cold Snap+1"],"picked":"SKIP","floor":42},{"not_picked":["Melter","Static Discharge+1"],"picked":"Loop+1","floor":44},{"not_picked":["Coolheaded","Beam Cell","Scrape"],"picked":"SKIP","floor":46}],"player_experience":176387,"relics_obtained":[{"floor":9,"key":"Sundial"},{"floor":10,"key":"Blood Vial"},{"floor":12,"key":"Tiny Chest"},{"floor":24,"key":"Bag of Preparation"},{"floor":26,"key":"Vajra"},{"floor":30,"key":"Letter Opener"},{"floor":39,"key":"War Paint"},{"floor":43,"key":"Art of War"},{"floor":44,"key":"Darkstone Periapt"},{"floor":45,"key":"Mummified Hand"}],"event_choices":[{"damage_healed":0,"gold_gain":0,"player_choice":"Ignored","damage_taken":0,"max_hp_gain":0,"max_hp_loss":0,"event_name":"Golden Idol","floor":7,"gold_loss":0},{"damage_healed":0,"gold_gain":0,"player_choice":"Upgraded","damage_taken":0,"max_hp_gain":0,"max_hp_loss":0,"event_name":"Upgrade Shrine","floor":8,"gold_loss":0,"cards_upgraded":["Defragment"]},{"damage_healed":0,"gold_gain":0,"player_choice":"Ignored","damage_taken":0,"max_hp_gain":0,"max_hp_loss":0,"event_name":"Ghosts","floor":25,"gold_loss":0},{"cards_removed":["Strike_B"],"damage_healed":0,"gold_gain":0,"player_choice":"Elegance","damage_taken":0,"max_hp_gain":0,"max_hp_loss":0,"event_name":"Back to Basics","floor":27,"gold_loss":0},{"damage_healed":0,"gold_gain":0,"player_choice":"Memory 1","damage_taken":0,"max_hp_gain":0,"max_hp_loss":0,"event_name":"SensoryStone","floor":37,"gold_loss":0}],"is_beta":false,"boss_relics":[{"not_picked":["Busted Crown","Snecko Eye"],"picked":"Runic Dome"},{"not_picked":["Eternal Feather","Black Star"],"picked":"Runic Pyramid"}],"items_purged_floors":[41,48],"is_endless":false,"potions_floor_spawned":[4,5,14,16,19,21,24,31,33,38,42,44],"ascension_level":7}