{"gold_per_floor":[110,128,128,128,203,228,228,247,247,274,274,148,159,191,191,289,289,309,309,327,337,350,350,275,300,371,371,371,371,172,207,219,330,342,368,140,140,31,31,61,61,74,74,91,0,14,114,126,126,126],"floor_reached":50,"playtime":4420,"items_purged":["Strike_G"],"score":835,"play_id":"3face77f-65b6-4ebe-a9b8-013896245c3e","local_time":"20190725082125","is_ascension_mode":true,"campfire_choices":[{"data":"Predator","floor":7,"key":"SMITH"},{"data":"Backstab","floor":11,"key":"SMITH"},{"floor":15,"key":"REST"},{"data":"Bullet Time","floor":23,"key":"SMITH"},{"data":"Caltrops","floor":27,"key":"SMITH"},{"data":"Well Laid Plans","floor":32,"key":"SMITH"},{"data":"Calculated Gamble","floor":41,"key":"SMITH"},{"data":"Acrobatics","floor":49,"key":"SMITH"}],"neow_cost":"NONE","seed_source_timestamp":497620424450000,"circlet_count":0,"master_deck":["Strike_G+1","Strike_G+1","Defend_G+1","Defend_G+1","Defend_G+1","Survivor","Neutralize","Predator+1","Backstab+1","Unload","Masterful Stab","Caltrops+1","Bullet Time+1","Wraith Form v2+1","Prepared+1","Dagger Spray+1","Predator","Backflip+1","Bane+1","Well Laid Plans+1","Adrenaline","Backflip+1","Bullet Time+1","Footwork","Calculated Gamble+1","Footwork","Choke+1","Prepared+1","Backflip+1","Acrobatics+1"],"relics":["Ring of the Snake","NeowsBlessing","Question Card","Happy Flower","Matryoshka","Ancient Tea Set","Meat on the Bone","Astrolabe","Dodecahedron","Tingsha","Ginger","Juzu Bracelet","Mummified Hand","Bronze Scales","MawBank","Empty Cage","DollysMirror","Paper Crane","Singing Bowl","Red Mask","Bird Faced Urn"],"potions_floor_usage":[10,14,14,22,25,31,40,47,50],"damage_taken":[{"damage":0,"enemies":"Cultist","floor":1,"turns":1},{"damage":0,"enemies":"2 Louse","floor":2,"turns":1},{"damage":0,"enemies":"3 Sentries","floor":6,"turns":1},{"damage":4,"enemies":"Jaw Worm","floor":8,"turns":4},{"damage":26,"enemies":"Gremlin Nob","floor":10,"turns":4},{"damage":0,"enemies":"Red Slaver","floor":13,"turns":2},{"damage":2,"enemies":"Lagavulin","floor":14,"turns":4},{"damage":39,"enemies":"The Guardian","floor":16,"turns":14},{"damage":3,"enemies":"Chosen","floor":18,"turns":4},{"damage":11,"enemies":"Spheric Guardian","floor":20,"turns":3},{"damage":2,"enemies":"Cultist and Chosen","floor":21,"turns":5},{"damage":4,"enemies":"Chosen and Byrds","floor":22,"turns":4},{"damage":4,"enemies":"Book of Stabbing","floor":25,"turns":4},{"damage":0,"enemies":"Slavers","floor":31,"turns":3},{"damage":18,"enemies":"Automaton","floor":33,"turns":8},{"damage":8,"enemies":"Orb Walker","floor":35,"turns":2},{"damage":25,"enemies":"Reptomancer","floor":40,"turns":5},{"damage":0,"enemies":"3 Shapes","floor":42,"turns":4},{"damage":0,"enemies":"Jaw Worm Horde","floor":44,"turns":3},{"damage":0,"enemies":"Sphere and 2 Shapes","floor":46,"turns":3},{"damage":0,"enemies":"Mind Bloom Boss Battle","floor":47,"turns":4},{"damage":0,"enemies":"3 Darklings","floor":48,"turns":2},{"damage":83,"enemies":"Awakened One","floor":50,"turns":10}],"seed_played":"7099990325636271658","potions_obtained":[{"floor":6,"key":"Swift Potion"},{"floor":8,"key":"SmokeBomb"},{"floor":10,"key":"AttackPotion"},{"floor":16,"key":"Block Potion"},{"floor":20,"key":"LiquidBronze"},{"floor":33,"key":"Weak Potion"},{"floor":42,"key":"Fruit Juice"},{"floor":46,"key":"Regen Potion"},{"floor":48,"key":"Energy Potion"}],"is_trial":false,"path_per_floor":["M","M","?","?","?","E","R","M","T","E","R","$","M","E","R","B",null,"M","T","M","M","M","R","?","E","T","R","?","?","$","E","R","B",null,"M","$","?","$","?","E","R","M","T","M","?","M","?","M","R","B"],"character_chosen":"THE_SILENT","items_purchased":["SkillPotion","Bronze Scales","Block Potion","DollysMirror","Footwork","Calculated Gamble","Footwork"],"campfire_rested":1,"item_purchase_floors":[12,30,30,36,36,38,38],"current_hp_per_floor":[63,63,60,65,54,54,54,50,50,24,24,24,24,22,44,17,61,58,58,47,45,41,41,41,49,49,49,49,49,49,49,49,43,67,59,59,59,59,59,46,46,46,46,46,46,48,55,57,57,0],"gold":126,"neow_bonus":"THREE_ENEMY_KILL","is_prod":false,"is_daily":false,"chose_seed":false,"campfire_upgraded":7,"win_rate":0,"timestamp":1564010485,"path_taken":["M","M","?","?","?","E","R","M","T","E","R","$","?","E","R","BOSS","M","?","M","M","M","R","?","E","T","R","?","?","$","E","R","BOSS","M","$","?","$","?","E","R","M","T","M","?","M","?","M","R","BOSS"],"build_version":"2019-07-17","purchased_purges":1,"victory":false,"max_hp_per_floor":[70,70,70,75,75,75,75,75,75,75,75,75,75,75,75,75,75,75,75,75,75,75,75,75,75,75,75,75,75,75,75,75,75,75,75,75,71,71,71,71,71,71,71,71,71,73,80,80,80,80],"card_choices":[{"not_picked":["Backflip","Deadly Poison"],"picked":"Quick Slash","floor":1},{"not_picked":["Underhanded Strike","Phantasmal Killer"],"picked":"Crippling Poison","floor":2},{"not_picked":["Sucker Punch","Slice","Dagger Spray"],"picked":"Predator","floor":6},{"not_picked":["Deadly Poison","Cloak And Dagger","Blade Dance"],"picked":"Backstab","floor":8},{"not_picked":["Catalyst","Wraith Form v2","PiercingWail"],"picked":"Unload","floor":10},{"not_picked":["Backstab","Poisoned Stab","Backflip"],"picked":"Masterful Stab","floor":13},{"not_picked":["Dagger Spray","Terror","Deflect"],"picked":"Caltrops","floor":14},{"not_picked":["Grand Finale","Tools of the Trade","Wraith Form v2"],"picked":"Bullet Time","floor":16},{"not_picked":["Terror","Reflex","Sucker Punch"],"picked":"Predator","floor":18},{"not_picked":["Dodge and Roll","Flechettes","Prepared"],"picked":"Backflip+1","floor":20},{"not_picked":["Outmaneuver+1","Slice","PiercingWail"],"picked":"Bane+1","floor":21},{"not_picked":["Endless Agony","Wraith Form v2","Underhanded Strike+1"],"picked":"Sucker Punch+1","floor":22},{"not_picked":["Slice","Setup","Expertise","Caltrops"],"picked":"SKIP","floor":25},{"not_picked":["PiercingWail","Noxious Fumes","Tactician"],"picked":"Well Laid Plans","floor":31},{"not_picked":["Bullet Time","Grand Finale","Envenom"],"picked":"Adrenaline","floor":33},{"not_picked":["Dodge and Roll","Setup+1","Deflect"],"picked":"Backflip+1","floor":35},{"not_picked":["Deadly Poison","Masterful Stab+1","Eviscerate+1"],"picked":"Choke+1","floor":40},{"not_picked":["Terror","Sucker Punch","Escape Plan+1"],"picked":"Prepared+1","floor":42},{"not_picked":["Flying Knee","All Out Attack","Backstab"],"picked":"Backflip+1","floor":44},{"not_picked":["Bane+1","Tactician","Quick Slash+1","Flying Knee+1"],"picked":"Singing Bowl","floor":46},{"not_picked":["Prepared","Poisoned Stab","Infinite Blades+1","Cloak And Dagger"],"picked":"Singing Bowl","floor":47},{"not_picked":["Deflect","Backflip","Escape Plan"],"picked":"Acrobatics","floor":48}],"player_experience":441734,"relics_obtained":[{"floor":6,"key":"Happy Flower"},{"floor":9,"key":"Matryoshka"},{"floor":10,"key":"Ancient Tea Set"},{"floor":14,"key":"Meat on the Bone"},{"floor":19,"key":"Dodecahedron"},{"floor":19,"key":"Tingsha"},{"floor":25,"key":"Ginger"},{"floor":26,"key":"Juzu Bracelet"},{"floor":26,"key":"Mummified Hand"},{"floor":31,"key":"MawBank"},{"floor":40,"key":"Paper Crane"},{"floor":43,"key":"Singing Bowl"},{"floor":47,"key":"Bird Faced Urn"}],"event_choices":[{"damage_healed":0,"gold_gain":0,"player_choice":"Success","damage_taken":3,"relics_obtained":["Question Card"],"max_hp_gain":0,"max_hp_loss":0,"event_name":"Scrap Ooze","floor":3,"gold_loss":0},{"damage_healed":0,"gold_gain":0,"player_choice":"Donut","damage_taken":0,"max_hp_gain":5,"max_hp_loss":0,"event_name":"Big Fish","floor":4,"gold_loss":0},{"damage_healed":0,"gold_gain":75,"player_choice":"Gather Gold","damage_taken":11,"max_hp_gain":0,"max_hp_loss":0,"event_name":"World of Goop","floor":5,"gold_loss":0},{"cards_removed":["Strike_G"],"damage_healed":0,"gold_gain":0,"player_choice":"Gave Gold","damage_taken":0,"max_hp_gain":0,"max_hp_loss":0,"event_name":"Beggar","floor":24,"gold_loss":75},{"damage_healed":0,"gold_gain":0,"player_choice":"0 cards matched","damage_taken":0,"max_hp_gain":0,"max_hp_loss":0,"event_name":"Match and Keep!","floor":28,"gold_loss":0,"cards_obtained":[]},{"damage_healed":0,"gold_gain":0,"player_choice":"Simplicity","damage_taken":0,"max_hp_gain":0,"max_hp_loss":0,"event_name":"Back to Basics","floor":29,"gold_loss":0,"cards_upgraded":["Strike_G","Strike_G","Defend_G","Defend_G","Defend_G"]},{"damage_healed":0,"gold_gain":0,"player_choice":"Max HP","damage_taken":0,"max_hp_gain":0,"max_hp_loss":4,"event_name":"Winding Halls","floor":37,"gold_loss":0},{"cards_removed":["Sucker Punch"],"damage_healed":0,"gold_gain":0,"player_choice":"Removed Attack","damage_taken":0,"max_hp_gain":0,"max_hp_loss":0,"event_name":"Falling","floor":39,"gold_loss":0},{"damage_healed":0,"gold_gain":0,"player_choice":"Paid","damage_taken":0,"relics_obtained":["Red Mask"],"max_hp_gain":0,"max_hp_loss":0,"event_name":"Tomb of Lord Red Mask","floor":45,"gold_loss":91},{"damage_healed":0,"gold_gain":0,"player_choice":"Fight","damage_taken":0,"max_hp_gain":0,"max_hp_loss":0,"event_name":"MindBloom","floor":47,"gold_loss":0}],"is_beta":false,"boss_relics":[{"not_picked":["Orrery","Tiny House"],"picked":"Astrolabe"},{"not_picked":["Lizard Tail","Calling Bell"],"picked":"Empty Cage"}],"items_purged_floors":[12],"is_endless":false,"potions_floor_spawned":[6,8,10,16,20,33,42,46,48],"killed_by":"Awakened One","ascension_level":9}