{"gold_per_floor":[113,113,113,0,0,33,45,61,85,85,112,125,135,135,135,230,230,246,345,129,129,143,143,157,157,184,198,113,113,11,37,37,132,132,144,144,19,33,33,33,68,88,140,152,174,211,73,73,73,73],"floor_reached":51,"playtime":2438,"items_purged":["Strike_R","Strike_R","Strike_R","Defend_R"],"score":799,"play_id":"510d418b-0f0e-4a55-bde5-11e53169001b","local_time":"20190825000311","is_ascension_mode":true,"campfire_choices":[{"data":"Bludgeon","floor":10,"key":"SMITH"},{"data":"Shockwave","floor":15,"key":"SMITH"},{"floor":23,"key":"REST"},{"data":"Double Tap","floor":25,"key":"SMITH"},{"data":"Burning Pact","floor":29,"key":"SMITH"},{"data":"Heavy Blade","floor":32,"key":"SMITH"},{"data":"Uppercut","floor":40,"key":"SMITH"},{"floor":44,"key":"REST"},{"data":"Intimidate","floor":49,"key":"SMITH"}],"neow_cost":"NONE","seed_source_timestamp":701579113386500,"circlet_count":0,"master_deck":["Defend_R","Defend_R","Bash","Iron Wave","Fire Breathing","Bludgeon+1","Shrug It Off","Thunderclap","Shockwave+1","Evolve+1","Uppercut","Double Tap+1","Flame Barrier+1","Burning Pact+1","Inflame","Necronomicurse","Whirlwind+1","Metallicize","Uppercut+1","Heavy Blade+1","Inflame","Second Wind+1","Barricade","Spot Weakness+1","Intimidate+1"],"relics":["Burning Blood","Vajra","Boot","Juzu Bracelet","Regal Pillow","Sozu","Necronomicon","Dream Catcher","Incense Burner","Centennial Puzzle","Mark of Pain","Bag of Marbles","MawBank","Orichalcum"],"potions_floor_usage":[16,18,41],"damage_taken":[{"damage":6,"enemies":"2 Louse","floor":1,"turns":3},{"damage":25,"enemies":"3 Sentries","floor":6,"turns":11},{"damage":0,"enemies":"Small Slimes","floor":7,"turns":3},{"damage":6,"enemies":"Cultist","floor":8,"turns":3},{"damage":6,"enemies":"Gremlin Nob","floor":11,"turns":3},{"damage":0,"enemies":"Large Slime","floor":12,"turns":2},{"damage":1,"enemies":"Blue Slaver","floor":13,"turns":3},{"damage":13,"enemies":"Slime Boss","floor":16,"turns":8},{"damage":28,"enemies":"3 Byrds","floor":18,"turns":5},{"damage":9,"enemies":"Shell Parasite","floor":22,"turns":3},{"damage":5,"enemies":"Centurion and Healer","floor":24,"turns":3},{"damage":7,"enemies":"3 Cultists","floor":27,"turns":3},{"damage":20,"enemies":"Book of Stabbing","floor":31,"turns":3},{"damage":17,"enemies":"Collector","floor":33,"turns":4},{"damage":6,"enemies":"3 Shapes","floor":35,"turns":4},{"damage":0,"enemies":"3 Darklings","floor":38,"turns":1},{"damage":32,"enemies":"Reptomancer","floor":41,"turns":6},{"damage":6,"enemies":"Maw","floor":42,"turns":5},{"damage":8,"enemies":"Jaw Worm Horde","floor":45,"turns":4},{"damage":16,"enemies":"Giant Head","floor":46,"turns":6},{"damage":12,"enemies":"Donu and Deca","floor":50,"turns":4}],"seed_played":"-2926942014424058210","potions_obtained":[{"floor":1,"key":"GamblersBrew"},{"floor":6,"key":"Weak Potion"},{"floor":12,"key":"PowerPotion"},{"floor":16,"key":"Swift Potion"}],"is_trial":false,"path_per_floor":["M","?","?","$","?","E","M","M","T","R","E","M","M","?","R","B",null,"M","?","$","?","M","R","M","R","T","M","?","R","$","E","R","B",null,"M","?","$","M","?","R","E","M","T","R","M","E","$","?","R","B",null],"character_chosen":"IRONCLAD","items_purchased":["Fire Breathing","Burning Pact","Inflame","Heavy Blade","Inflame"],"campfire_rested":2,"item_purchase_floors":[4,20,20,30,30],"current_hp_per_floor":[80,80,85,85,85,66,72,72,72,72,72,78,83,83,83,76,85,63,63,63,47,44,84,85,85,85,84,84,84,84,70,70,59,85,85,85,85,85,85,85,59,59,59,85,83,73,73,73,73,67],"gold":73,"neow_bonus":"RANDOM_COMMON_RELIC","is_prod":false,"is_daily":false,"chose_seed":false,"campfire_upgraded":7,"win_rate":0,"timestamp":1566684191,"path_taken":["M","?","?","$","?","E","?","M","T","R","E","M","M","?","R","BOSS","M","?","$","?","M","R","M","R","T","M","?","R","?","E","R","BOSS","M","?","$","M","?","R","E","M","T","R","M","E","?","?","R","BOSS"],"build_version":"2019-07-17","purchased_purges":4,"victory":true,"max_hp_per_floor":[80,80,85,85,85,85,85,85,85,85,85,85,85,85,85,85,85,85,85,85,85,85,85,85,85,85,85,85,85,85,85,85,85,85,85,85,85,85,85,85,85,85,85,85,85,85,85,81,81,81],"card_choices":[{"not_picked":["Second Wind","Burning Pact"],"picked":"Iron Wave","floor":1},{"not_picked":["Twin Strike","Headbutt"],"picked":"Bludgeon","floor":6},{"not_picked":["Whirlwind","Iron Wave"],"picked":"Shrug It Off","floor":7},{"not_picked":["Blood for Blood","Twin Strike"],"picked":"Thunderclap","floor":8},{"not_picked":["Twin Strike","Blood for Blood"],"picked":"Shockwave","floor":11},{"not_picked":["Headbutt","Sever Soul"],"picked":"Evolve","floor":12},{"not_picked":["Thunderclap","Burning Pact"],"picked":"Uppercut","floor":13},{"not_picked":["Fiend Fire","Reaper"],"picked":"Double Tap","floor":16},{"not_picked":["Wild Strike","Rupture+1"],"picked":"Flame Barrier+1","floor":18},{"not_picked":["Rupture","Clothesline"],"picked":"Whirlwind+1","floor":22},{"not_picked":["Blood for Blood+1","Anger"],"picked":"Metallicize","floor":24},{"not_picked":["Pummel","Clash+1"],"picked":"Uppercut","floor":27},{"not_picked":["Armaments+1","Iron Wave"],"picked":"Second Wind+1","floor":31},{"not_picked":["Brutality","Dark Embrace"],"picked":"Barricade","floor":33},{"not_picked":["Sword Boomerang+1","Headbutt","Pummel"],"picked":"SKIP","floor":35},{"not_picked":["True Grit+1","Twin Strike+1","Cleave+1"],"picked":"SKIP","floor":38},{"not_picked":["Sword Boomerang+1","Fire Breathing","Havoc"],"picked":"SKIP","floor":41},{"not_picked":["Hemokinesis","Havoc","Body Slam+1"],"picked":"SKIP","floor":42},{"not_picked":["Clash+1","Battle Trance"],"picked":"Spot Weakness+1","floor":44},{"not_picked":["Barricade","Anger+1","Clothesline+1"],"picked":"SKIP","floor":45},{"not_picked":["Sword Boomerang","Anger+1"],"picked":"Intimidate","floor":46}],"player_experience":50817,"relics_obtained":[{"floor":6,"key":"Boot"},{"floor":9,"key":"Juzu Bracelet"},{"floor":11,"key":"Regal Pillow"},{"floor":21,"key":"Necronomicon"},{"floor":26,"key":"Dream Catcher"},{"floor":31,"key":"Centennial Puzzle"},{"floor":41,"key":"Bag of Marbles"},{"floor":43,"key":"MawBank"},{"floor":46,"key":"Orichalcum"}],"event_choices":[{"damage_healed":0,"gold_gain":0,"player_choice":"Ignored","damage_taken":0,"max_hp_gain":0,"max_hp_loss":0,"event_name":"Liars Game","floor":2,"gold_loss":0},{"damage_healed":0,"gold_gain":0,"player_choice":"Donut","damage_taken":0,"max_hp_gain":5,"max_hp_loss":0,"event_name":"Big Fish","floor":3,"gold_loss":0},{"cards_removed":["Strike_R"],"damage_healed":0,"gold_gain":0,"player_choice":"Offered Basic","damage_taken":0,"max_hp_gain":0,"max_hp_loss":0,"event_name":"Bonfire Elementals","floor":5,"gold_loss":0},{"cards_removed":["Strike_R"],"damage_healed":0,"gold_gain":0,"player_choice":"Forget","damage_taken":0,"max_hp_gain":0,"max_hp_loss":0,"event_name":"Living Wall","floor":14,"gold_loss":0},{"damage_healed":0,"gold_gain":99,"player_choice":"Stole From Cult","damage_taken":0,"max_hp_gain":0,"max_hp_loss":0,"event_name":"Nest","floor":19,"gold_loss":0},{"damage_healed":0,"gold_gain":0,"player_choice":"Obtained Book","damage_taken":16,"max_hp_gain":0,"max_hp_loss":0,"event_name":"Cursed Tome","floor":21,"gold_loss":0},{"damage_healed":0,"gold_gain":0,"player_choice":"Obtained Relic","damage_taken":0,"relics_obtained":["Incense Burner"],"max_hp_gain":0,"max_hp_loss":0,"event_name":"Addict","floor":28,"gold_loss":85},{"damage_healed":0,"gold_gain":0,"player_choice":"Upgraded","damage_taken":0,"max_hp_gain":0,"max_hp_loss":0,"event_name":"Upgrade Shrine","floor":36,"gold_loss":0,"cards_upgraded":["Evolve"]},{"cards_removed":["Defend_R"],"damage_healed":0,"gold_gain":0,"player_choice":"Purged","damage_taken":0,"max_hp_gain":0,"max_hp_loss":0,"event_name":"Purifier","floor":39,"gold_loss":0},{"damage_healed":0,"gold_gain":0,"player_choice":"Max HP","damage_taken":0,"max_hp_gain":0,"max_hp_loss":4,"event_name":"Winding Halls","floor":48,"gold_loss":0}],"is_beta":false,"boss_relics":[{"not_picked":["Lizard Tail","Astrolabe"],"picked":"Sozu"},{"not_picked":["Runic Cube","Orrery"],"picked":"Mark of Pain"}],"items_purged_floors":[4,20,37,47],"is_endless":false,"potions_floor_spawned":[1,6,12,16,22,31,38,46],"ascension_level":2}