{"gold_per_floor":[115,131,131,131,206,206,240,240,288,307,36,62,97,114,114,219,219,235,254,15,15,15,15,32,64,64,82,113,127,147,159,159,254,254,274,284,244,244],"floor_reached":38,"playtime":2525,"items_purged":[],"score":406,"play_id":"10af646b-022e-4215-8b1c-f8d938dab3a1","local_time":"20190810210920","is_ascension_mode":false,"campfire_choices":[{"data":"Infernal Blade","floor":6,"key":"SMITH"},{"data":"Bludgeon","floor":8,"key":"SMITH"},{"floor":15,"key":"REST"},{"data":"Apotheosis","floor":23,"key":"SMITH"},{"floor":32,"key":"REST"}],"neow_cost":"TEN_PERCENT_HP_LOSS","seed_source_timestamp":547210748284100,"circlet_count":0,"master_deck":["Strike_R","Strike_R","Strike_R","Strike_R","Strike_R","Defend_R","Defend_R","Defend_R","Defend_R","Bash","Infernal Blade+1","Rampage","Bludgeon+1","Clash","Apotheosis+1","Flex","Armaments","Uppercut","Rage","Impervious","Barricade","Cleave","Blood for Blood","Thunderclap+1","Flex+1","Perfected Strike+1","Seeing Red","Whirlwind+1","Intimidate","Clash","Demon Form+1","Shockwave+1","Power Through+1"],"relics":["Burning Blood","Bird Faced Urn","Gremlin Horn","Red Skull","Odd Mushroom","Thread and Needle","Black Star","Shuriken","Red Mask","Mummified Hand","Potion Belt","Ancient Tea Set","Philosopher\u0027s Stone"],"potions_floor_usage":[7,12,16,28,28,29,33,36],"damage_taken":[{"damage":15,"enemies":"Cultist","floor":1,"turns":4},{"damage":5,"enemies":"Small Slimes","floor":2,"turns":3},{"damage":16,"enemies":"Gremlin Nob","floor":7,"turns":4},{"damage":0,"enemies":"2 Louse","floor":10,"turns":1},{"damage":13,"enemies":"The Mushroom Lair","floor":12,"turns":3},{"damage":37,"enemies":"3 Sentries","floor":13,"turns":8},{"damage":3,"enemies":"Blue Slaver","floor":14,"turns":2},{"damage":35,"enemies":"Slime Boss","floor":16,"turns":9},{"damage":9,"enemies":"Spheric Guardian","floor":18,"turns":3},{"damage":16,"enemies":"2 Thieves","floor":19,"turns":4},{"damage":10,"enemies":"Shelled Parasite and Fungi","floor":24,"turns":5},{"damage":19,"enemies":"Masked Bandits","floor":25,"turns":4},{"damage":31,"enemies":"Snake Plant","floor":27,"turns":5},{"damage":11,"enemies":"Book of Stabbing","floor":28,"turns":5},{"damage":8,"enemies":"Chosen and Byrds","floor":29,"turns":4},{"damage":0,"enemies":"3 Cultists","floor":30,"turns":2},{"damage":0,"enemies":"Snecko","floor":31,"turns":3},{"damage":53,"enemies":"Automaton","floor":33,"turns":10},{"damage":28,"enemies":"3 Shapes","floor":35,"turns":3},{"damage":41,"enemies":"3 Darklings","floor":36,"turns":4},{"damage":18,"enemies":"Spire Growth","floor":38,"turns":2}],"seed_played":"6000033872609416406","potions_obtained":[{"floor":1,"key":"BloodPotion"},{"floor":7,"key":"Fire Potion"},{"floor":10,"key":"Strength Potion"},{"floor":14,"key":"LiquidBronze"},{"floor":25,"key":"Poison Potion"},{"floor":28,"key":"BloodPotion"},{"floor":29,"key":"GamblersBrew"},{"floor":31,"key":"Strength Potion"},{"floor":33,"key":"Poison Potion"}],"is_trial":false,"path_per_floor":["M","M","?","?","?","R","E","R","T","M","$","?","E","M","R","B",null,"M","M","$","?","?","R","M","?","T","M","E","M","M","M","R","B",null,"M","M","?","M"],"character_chosen":"IRONCLAD","items_purchased":["Apotheosis","Flex","Armaments","Shuriken"],"campfire_rested":2,"item_purchase_floors":[11,11,11,20],"current_hp_per_floor":[63,64,64,64,53,53,61,61,61,67,67,60,29,32,53,24,72,69,59,59,59,59,59,55,42,42,17,12,28,34,40,61,14,72,50,15,15,0],"gold":244,"neow_bonus":"ONE_RARE_RELIC","is_prod":false,"is_daily":false,"chose_seed":false,"campfire_upgraded":3,"win_rate":0.0,"timestamp":1565464160,"path_taken":["M","M","?","?","?","R","E","R","T","M","?","?","E","M","R","BOSS","M","M","$","?","?","R","M","?","T","M","E","M","M","M","R","BOSS","M","M","?","M"],"build_version":"2019-07-17","purchased_purges":0,"victory":false,"max_hp_per_floor":[72,72,72,72,72,72,72,72,72,72,72,72,72,72,72,72,72,72,72,72,72,72,72,72,72,72,72,72,72,72,72,72,72,72,72,72,72,72],"card_choices":[{"not_picked":["Shockwave","Carnage"],"picked":"Infernal Blade","floor":1},{"not_picked":["Anger","Shrug It Off"],"picked":"Rampage","floor":2},{"not_picked":["Clothesline","Armaments"],"picked":"Bludgeon","floor":7},{"not_picked":["Anger","Headbutt"],"picked":"Clash","floor":10},{"not_picked":["Second Wind","Body Slam"],"picked":"Uppercut","floor":12},{"not_picked":["Rampage","Clothesline"],"picked":"Rage","floor":13},{"not_picked":["Anger","Warcry"],"picked":"Impervious","floor":14},{"not_picked":["Dark Embrace","Offering"],"picked":"Barricade","floor":16},{"not_picked":["Headbutt","Twin Strike"],"picked":"Cleave","floor":18},{"not_picked":["Anger","Iron Wave"],"picked":"Blood for Blood","floor":19},{"not_picked":["Pommel Strike","Sword Boomerang"],"picked":"Thunderclap+1","floor":24},{"not_picked":["Battle Trance+1","Searing Blow"],"picked":"Flex+1","floor":25},{"not_picked":["Burning Pact","Cleave"],"picked":"Perfected Strike+1","floor":27},{"not_picked":["Barricade","Fiend Fire"],"picked":"Seeing Red","floor":28},{"not_picked":["Flex","Pommel Strike"],"picked":"Whirlwind+1","floor":29},{"not_picked":["Combust","Second Wind+1"],"picked":"Intimidate","floor":30},{"not_picked":["Anger","Thunderclap"],"picked":"Clash","floor":31},{"not_picked":["Dark Embrace","Offering"],"picked":"Demon Form","floor":33},{"not_picked":["Cleave","Flex"],"picked":"Shockwave+1","floor":35},{"not_picked":["Sword Boomerang+1","Metallicize"],"picked":"Power Through+1","floor":36}],"player_experience":21267,"relics_obtained":[{"floor":7,"key":"Gremlin Horn"},{"floor":9,"key":"Red Skull"},{"floor":12,"key":"Odd Mushroom"},{"floor":13,"key":"Thread and Needle"},{"floor":25,"key":"Red Mask"},{"floor":26,"key":"Mummified Hand"},{"floor":28,"key":"Potion Belt"},{"floor":28,"key":"Ancient Tea Set"}],"event_choices":[{"damage_healed":0,"gold_gain":0,"player_choice":"Ignored","damage_taken":0,"max_hp_gain":0,"max_hp_loss":0,"event_name":"Liars Game","floor":3,"gold_loss":0},{"damage_healed":0,"gold_gain":0,"player_choice":"Leave","damage_taken":0,"max_hp_gain":0,"max_hp_loss":0,"event_name":"The Cleric","floor":4,"gold_loss":0},{"damage_healed":0,"gold_gain":75,"player_choice":"Gather Gold","damage_taken":11,"max_hp_gain":0,"max_hp_loss":0,"event_name":"World of Goop","floor":5,"gold_loss":0},{"damage_healed":0,"gold_gain":0,"player_choice":"Fought Mushrooms","damage_taken":0,"max_hp_gain":0,"max_hp_loss":0,"event_name":"Mushrooms","floor":12,"gold_loss":0},{"damage_healed":0,"gold_gain":0,"player_choice":"Ignored","damage_taken":0,"max_hp_gain":0,"max_hp_loss":0,"event_name":"Vampires","floor":21,"gold_loss":0},{"damage_healed":0,"gold_gain":0,"player_choice":"Ignored","damage_taken":0,"max_hp_gain":0,"max_hp_loss":0,"event_name":"Cursed Tome","floor":22,"gold_loss":0},{"damage_healed":0,"gold_gain":0,"player_choice":"Fought Bandits","damage_taken":0,"max_hp_gain":0,"max_hp_loss":0,"event_name":"Masked Bandits","floor":25,"gold_loss":0},{"damage_healed":0,"gold_gain":0,"player_choice":"Upgrade","damage_taken":0,"max_hp_gain":0,"max_hp_loss":0,"event_name":"Designer","floor":37,"gold_loss":40,"cards_upgraded":["Demon Form"]}],"is_beta":false,"boss_relics":[{"not_picked":["Empty Cage","Cursed Key"],"picked":"Black Star"},{"not_picked":["Runic Cube","Black Blood"],"picked":"Philosopher\u0027s Stone"}],"items_purged_floors":[],"is_endless":false,"potions_floor_spawned":[1,7,10,14,25,28,29,31,33],"killed_by":"Spire Growth","ascension_level":0}