{"gold_per_floor":[211,211,231,306,316,316,332,332,362,362,379,379,392,425,425,425],"floor_reached":16,"playtime":381,"items_purged":[],"score":158,"play_id":"08b28360-6e26-4e36-afd2-8487de50bc7a","local_time":"20190826161914","is_ascension_mode":true,"campfire_choices":[{"data":"Go for the Eyes","floor":6.0,"key":"SMITH"},{"data":"Dualcast","floor":8.0,"key":"SMITH"},{"data":"Ball Lightning","floor":10.0,"key":"SMITH"},{"floor":15,"key":"REST"}],"neow_cost":"NONE","seed_source_timestamp":342385353951217,"circlet_count":0,"master_deck":["AscendersBane","Strike_B","Strike_B","Strike_B","Strike_B","Defend_B","Defend_B","Defend_B","Defend_B","Zap+1","Dualcast+1","Cold Snap+1","Go for the Eyes+1","Ball Lightning+1","Conserve Battery","Genetic Algorithm"],"special_seed":0,"relics":["Cracked Core","Tiny Chest","Blue Candle"],"potions_floor_usage":[14,14],"damage_taken":[{"damage":1.0,"enemies":"Small Slimes","floor":1.0,"turns":3.0},{"damage":0.0,"enemies":"Cultist","floor":3.0,"turns":3.0},{"damage":0.0,"enemies":"Jaw Worm","floor":5.0,"turns":3.0},{"damage":8.0,"enemies":"Looter","floor":7.0,"turns":2.0},{"damage":7.0,"enemies":"Exordium Thugs","floor":11.0,"turns":2.0},{"damage":0,"enemies":"Red Slaver","floor":13,"turns":3},{"damage":3,"enemies":"Lagavulin","floor":14,"turns":5},{"damage":45,"enemies":"Slime Boss","floor":16,"turns":5}],"seed_played":"-2761307129155836356","potions_obtained":[{"floor":1.0,"key":"PowerPotion"},{"floor":5.0,"key":"Swift Potion"},{"floor":11.0,"key":"Dexterity Potion"},{"floor":13,"key":"Block Potion"}],"is_trial":false,"path_per_floor":["M","?","M","?","M","R","M","R","T","R","M","?","M","E","R","B"],"character_chosen":"DEFECT","items_purchased":[],"campfire_rested":1,"item_purchase_floors":[],"current_hp_per_floor":[67,52,52,41,41,41,33,33,33,33,26,26,26,23,45,0],"gold":425,"neow_bonus":"HUNDRED_GOLD","is_prod":false,"is_daily":false,"chose_seed":false,"campfire_upgraded":3,"win_rate":0,"timestamp":1566850754,"path_taken":["M","?","M","?","M","R","M","R","T","R","M","?","?","E","R","BOSS"],"build_version":"2019-07-17","purchased_purges":0,"victory":false,"max_hp_per_floor":[75,75,75,75,75,75,75,75,75,75,75,75,75,75,75,75],"card_choices":[{"not_picked":["Melter","Force Field"],"picked":"Cold Snap","floor":1.0},{"not_picked":["BootSequence","Gash"],"picked":"Go for the Eyes","floor":3.0},{"not_picked":["Rebound","Hologram"],"picked":"Ball Lightning","floor":5.0},{"not_picked":["Gash","Redo","Steam Power"],"picked":"SKIP","floor":7.0},{"not_picked":["Thunder Strike","Compile Driver","Barrage"],"picked":"SKIP","floor":11.0},{"not_picked":["Gash","Compile Driver"],"picked":"Conserve Battery","floor":13},{"not_picked":["Doom and Gloom","Stack"],"picked":"Genetic Algorithm","floor":14}],"player_experience":573358,"relics_obtained":[{"floor":9.0,"key":"Tiny Chest"},{"floor":14,"key":"Blue Candle"}],"event_choices":[{"damage_healed":0.0,"max_hp_gain":0.0,"max_hp_loss":0.0,"gold_gain":0.0,"event_name":"Shining Light","player_choice":"Entered Light","floor":2.0,"gold_loss":0.0,"damage_taken":15.0,"cards_upgraded":["Zap","Cold Snap"]},{"damage_healed":0.0,"max_hp_gain":0.0,"max_hp_loss":0.0,"gold_gain":75.0,"event_name":"World of Goop","player_choice":"Gather Gold","floor":4.0,"gold_loss":0.0,"damage_taken":11.0},{"damage_healed":0,"gold_gain":0,"player_choice":"Leave","damage_taken":0,"max_hp_gain":0,"max_hp_loss":0,"event_name":"FaceTrader","floor":12,"gold_loss":0}],"is_beta":false,"boss_relics":[],"items_purged_floors":[],"is_endless":false,"potions_floor_spawned":[1,5,11,13],"killed_by":"Slime Boss","ascension_level":11}