{"gold_per_floor":[110,126,126,126,15,15,32,57,57,84,99,99,25,50,50,146,146,166,181,181,81,97,129,129,164,164,178,191,204,215,314,314,415,415,434,444,444,456,472,505,505,536,536,551,25,36,54,74,74,74],"floor_reached":51,"playtime":6505,"items_purged":["Defend_B","Strike_B+1","Strike_B+1"],"score":850,"play_id":"16f40b00-304c-4517-ab8f-7e189a09e29d","local_time":"20181112234322","is_ascension_mode":true,"campfire_choices":[{"data":"Zap","floor":6,"key":"SMITH"},{"data":"Streamline","floor":12,"key":"SMITH"},{"data":"Rebound","floor":15,"key":"SMITH"},{"floor":24,"key":"REST"},{"floor":32,"key":"REST"},{"floor":41,"key":"REST"},{"floor":49,"key":"REST"}],"neow_cost":"NONE","seed_source_timestamp":191628699661300,"circlet_count":0,"master_deck":["Defend_B+1","Defend_B+1","Defend_B+1","Zap+1","Dualcast","Tempest","Streamline","Self Repair","Rebound+1","Streamline+1","Glacier","Go for the Eyes","Multi-Cast","Machine Learning","Leap","Storm","Defragment","Conserve Battery+1","Steam Power","White Noise+1","Compile Driver","Electrodynamics","Steam+1","Darkness","Amplify","Steam Power","Reprogram+1","Hologram","Steam Power","FTL","Fusion","Sweeping Beam"],"relics":["Runic Dome","Cables","Sundial","Strawberry","Letter Opener","Nuclear Battery","Bronze Scales","Bag of Marbles","Matryoshka","Lizard Tail","Happy Flower","PreservedInsect","The Courier","Ornamental Fan","Gambling Chip","Potion Belt"],"potions_floor_usage":[8,8,23,25,27,29,33,33,38,47,48,50,50,50,50],"damage_taken":[{"damage":7,"enemies":"Jaw Worm","floor":1,"turns":3},{"damage":8,"enemies":"2 Louse","floor":2,"turns":2},{"damage":2,"enemies":"Small Slimes","floor":7,"turns":3},{"damage":11,"enemies":"Lagavulin","floor":8,"turns":5},{"damage":8,"enemies":"Gremlin Nob","floor":10,"turns":3},{"damage":0,"enemies":"Blue Slaver","floor":11,"turns":3},{"damage":3,"enemies":"3 Sentries","floor":14,"turns":6},{"damage":0,"enemies":"Slime Boss","floor":16,"turns":5},{"damage":15,"enemies":"Chosen","floor":18,"turns":6},{"damage":0,"enemies":"Spheric Guardian","floor":19,"turns":1},{"damage":11,"enemies":"Snake Plant","floor":22,"turns":6},{"damage":57,"enemies":"Gremlin Leader","floor":23,"turns":7},{"damage":23,"enemies":"Slavers","floor":25,"turns":4},{"damage":27,"enemies":"Sentry and Sphere","floor":27,"turns":6},{"damage":14,"enemies":"Shelled Parasite and Fungi","floor":28,"turns":3},{"damage":4,"enemies":"Centurion and Healer","floor":29,"turns":6},{"damage":10,"enemies":"Snecko","floor":30,"turns":4},{"damage":22,"enemies":"Automaton","floor":33,"turns":8},{"damage":1,"enemies":"3 Shapes","floor":35,"turns":2},{"damage":46,"enemies":"3 Darklings","floor":36,"turns":4},{"damage":6,"enemies":"4 Shapes","floor":38,"turns":3},{"damage":13,"enemies":"Sphere and 2 Shapes","floor":39,"turns":4},{"damage":15,"enemies":"Nemesis","floor":40,"turns":6},{"damage":4,"enemies":"Reptomancer","floor":42,"turns":5},{"damage":24,"enemies":"Spire Growth","floor":44,"turns":4},{"damage":14,"enemies":"4 Shapes","floor":46,"turns":3},{"damage":0,"enemies":"Sphere and 2 Shapes","floor":47,"turns":3},{"damage":26,"enemies":"Spire Growth","floor":48,"turns":3},{"damage":62,"enemies":"Time Eater","floor":50,"turns":11}],"seed_played":"-4943444681934302727","potions_obtained":[{"floor":1,"key":"AttackPotion"},{"floor":7,"key":"Block Potion"},{"floor":16,"key":"FearPotion"},{"floor":19,"key":"AttackPotion"},{"floor":25,"key":"Regen Potion"},{"floor":27,"key":"Strength Potion"},{"floor":28,"key":"FocusPotion"},{"floor":30,"key":"AttackPotion"},{"floor":36,"key":"Swift Potion"},{"floor":42,"key":"SpeedPotion"},{"floor":44,"key":"FearPotion"},{"floor":46,"key":"PowerPotion"},{"floor":48,"key":"Weak Potion"}],"is_trial":false,"path_per_floor":["M","M","?","?","$","R","M","E","T","E","M","R","$","E","R","B",null,"M","M","?","$","M","E","R","E","T","M","M","M","M","?","R","B",null,"M","M","?","M","M","E","R","E","T","M","$","M","M","M","R","B",null],"character_chosen":"DEFECT","items_purchased":["Self Repair","GamblersBrew","Gambling Chip","FTL","Potion Belt","Weak Potion"],"campfire_rested":4,"item_purchase_floors":[5,13,45,45,45,45],"current_hp_per_floor":[68,60,45,38,38,38,43,39,39,45,52,52,52,56,56,63,82,74,81,81,81,77,27,51,28,28,23,16,19,16,16,40,25,82,82,43,43,44,45,37,61,64,64,47,47,33,47,21,45,44],"gold":74,"neow_bonus":"BOSS_RELIC","is_prod":false,"is_daily":false,"chose_seed":false,"campfire_upgraded":3,"win_rate":0,"timestamp":1542033802,"path_taken":["M","M","?","?","$","R","M","E","T","E","M","R","$","E","R","BOSS","M","M","?","$","M","E","R","E","T","M","M","M","M","?","R","BOSS","M","M","?","M","?","E","R","E","T","M","$","M","M","M","R","BOSS"],"build_version":"2018-11-08","purchased_purges":3,"victory":true,"max_hp_per_floor":[75,75,75,75,75,75,75,75,75,82,82,82,82,82,82,82,82,82,82,82,82,82,82,82,82,82,82,82,82,82,82,82,82,82,82,82,82,82,82,82,82,82,82,82,82,82,82,82,82,82],"card_choices":[{"not_picked":["Coolheaded","Beam Cell"],"picked":"Tempest","floor":1},{"not_picked":["Reprogram","Doom and Gloom"],"picked":"Streamline","floor":2},{"not_picked":["Barrage","Tempest"],"picked":"Rebound","floor":7},{"not_picked":["Cold Snap","Lockon"],"picked":"Streamline","floor":8},{"not_picked":["Biased Cognition","Capacitor"],"picked":"Glacier","floor":10},{"not_picked":["Barrage","Defragment"],"picked":"Go for the Eyes","floor":11},{"not_picked":["Melter","Heatsinks"],"picked":"Multi-Cast","floor":14},{"not_picked":["Fission","Echo Form"],"picked":"Machine Learning","floor":16},{"not_picked":["Beam Cell","Melter","Cold Snap"],"picked":"SKIP","floor":18},{"not_picked":["Turbo","Gash"],"picked":"Leap","floor":19},{"not_picked":["Static Discharge","Steam"],"picked":"Storm","floor":22},{"not_picked":["Rip and Tear+1","Reboot"],"picked":"Defragment","floor":23},{"not_picked":["Turbo+1","Beam Cell+1"],"picked":"Conserve Battery+1","floor":25},{"not_picked":["Aggregate","Auto Shields"],"picked":"Steam Power","floor":27},{"not_picked":["Doom and Gloom","Auto Shields"],"picked":"White Noise+1","floor":28},{"not_picked":["Defragment","Barrage"],"picked":"Compile Driver","floor":29},{"not_picked":["Beam Cell","Doom and Gloom","Stack"],"picked":"SKIP","floor":30},{"not_picked":["Meteor Strike","Multi-Cast"],"picked":"Electrodynamics","floor":33},{"not_picked":["Cold Snap+1","Sweeping Beam+1"],"picked":"Steam+1","floor":35},{"not_picked":["Ball Lightning","Sweeping Beam+1"],"picked":"Darkness","floor":36},{"not_picked":["Redo","Cold Snap"],"picked":"Amplify","floor":38},{"not_picked":["Streamline","Defragment"],"picked":"Steam Power","floor":39},{"not_picked":["White Noise+1","Stack+1"],"picked":"Reprogram+1","floor":40},{"not_picked":["Consume","Gash"],"picked":"Hologram","floor":42},{"not_picked":["Go for the Eyes+1","BootSequence+1"],"picked":"Steam Power","floor":44},{"not_picked":["Cold Snap","Genetic Algorithm+1","Go for the Eyes"],"picked":"SKIP","floor":46},{"not_picked":["Beam Cell","Reprogram"],"picked":"Fusion","floor":47},{"not_picked":["Chill+1","Leap"],"picked":"Sweeping Beam","floor":48}],"player_experience":423378,"relics_obtained":[{"floor":8,"key":"Cables"},{"floor":9,"key":"Sundial"},{"floor":10,"key":"Strawberry"},{"floor":14,"key":"Letter Opener"},{"floor":23,"key":"Bronze Scales"},{"floor":25,"key":"Bag of Marbles"},{"floor":26,"key":"Matryoshka"},{"floor":40,"key":"Happy Flower"},{"floor":42,"key":"PreservedInsect"},{"floor":43,"key":"The Courier"},{"floor":43,"key":"Ornamental Fan"}],"event_choices":[{"damage_healed":0,"gold_gain":0,"player_choice":"Entered Light","damage_taken":15,"max_hp_gain":0,"max_hp_loss":0,"event_name":"Shining Light","floor":3,"gold_loss":0,"cards_upgraded":["Defend_B","Strike_B"]},{"cards_removed":["Strike_B"],"damage_healed":0,"gold_gain":0,"player_choice":"Card Removal","damage_taken":7,"max_hp_gain":0,"max_hp_loss":0,"event_name":"Golden Wing","floor":4,"gold_loss":0},{"damage_healed":0,"gold_gain":0,"player_choice":"Simplicity","damage_taken":0,"max_hp_gain":0,"max_hp_loss":0,"event_name":"Back to Basics","floor":20,"gold_loss":0,"cards_upgraded":["Strike_B","Strike_B","Defend_B","Defend_B"]},{"damage_healed":0,"gold_gain":99,"player_choice":"Stole From Cult","damage_taken":0,"max_hp_gain":0,"max_hp_loss":0,"event_name":"Nest","floor":31,"gold_loss":0},{"cards_removed":["Strike_B"],"damage_healed":0,"gold_gain":0,"player_choice":"Purged","damage_taken":0,"max_hp_gain":0,"max_hp_loss":0,"event_name":"Purifier","floor":37,"gold_loss":0}],"is_beta":false,"boss_relics":[{"not_picked":["Busted Crown","Velvet Choker"],"picked":"Nuclear Battery"},{"not_picked":["Fusion Hammer","White Beast Statue"],"picked":"Lizard Tail"}],"items_purged_floors":[5,21,45],"is_endless":false,"potions_floor_spawned":[1,7,16,19,25,27,28,30,36,42,44,46,48],"ascension_level":2}