{"gold_per_floor":[113,288,308,308,324,359,359,372,423,423,458,458,468,480,480,583,583,598,598,617,628,628,628],"floor_reached":23,"playtime":1809,"items_purged":[],"score":203,"play_id":"b2e4eef1-0ad4-4e74-aa13-6f28d82fc4eb","local_time":"20180920161846","is_ascension_mode":false,"campfire_choices":[{"floor":12,"key":"REST"},{"floor":15,"key":"REST"}],"neow_cost":"NONE","seed_source_timestamp":104944769100079,"circlet_count":0,"master_deck":["Defend_G","Defend_G+1","Defend_G","Defend_G","Defend_G","Strike_G","Strike_G","Strike_G","Strike_G","Survivor","Neutralize","Dagger Spray","Bouncing Flask+1","Doubt","Bane","Deadly Poison","Slice","Parasite","Acrobatics+1","Burst","Infinite Blades","PiercingWail","Corpse Explosion","Infinite Blades","Writhe","Deadly Poison","Sucker Punch","Flying Knee"],"relics":["Ring of the Snake","Letter Opener","Juzu Bracelet","War Paint","Cursed Key","Ginger"],"potions_floor_usage":[6,11,16,16,23,23],"damage_taken":[{"damage":0,"enemies":"Small Slimes","floor":1,"turns":5},{"damage":0,"enemies":"2 Louse","floor":3,"turns":3},{"damage":4,"enemies":"Cultist","floor":5,"turns":5},{"damage":13,"enemies":"Lagavulin","floor":6,"turns":6},{"damage":13,"enemies":"Lots of Slimes","floor":8,"turns":3},{"damage":20,"enemies":"3 Sentries","floor":11,"turns":7},{"damage":4,"enemies":"Blue Slaver","floor":13,"turns":3},{"damage":0,"enemies":"3 Louse","floor":14,"turns":2},{"damage":64,"enemies":"The Guardian","floor":16,"turns":7},{"damage":7,"enemies":"Shell Parasite","floor":18,"turns":4},{"damage":24,"enemies":"Spheric Guardian","floor":20,"turns":4},{"damage":15,"enemies":"Chosen and Byrds","floor":21,"turns":4},{"damage":26,"enemies":"Gremlin Leader","floor":23,"turns":4}],"seed_played":"-5246848491726576046","potions_obtained":[{"floor":1,"key":"SpeedPotion"},{"floor":3,"key":"PowerPotion"},{"floor":11,"key":"SkillPotion"},{"floor":13,"key":"Strength Potion"},{"floor":14,"key":"GamblersBrew"},{"floor":18,"key":"LiquidBronze"},{"floor":21,"key":"PowerPotion"}],"is_trial":false,"path_per_floor":["M","?","M","?","M","E","?","M","T","?","E","R","M","M","R","B",null,"M","?","M","M","?"],"character_chosen":"THE_SILENT","items_purchased":[],"campfire_rested":2,"item_purchase_floors":[],"current_hp_per_floor":[70,70,70,70,66,53,70,57,57,57,37,58,54,54,70,6,70,63,63,39,24,24,0],"gold":628,"neow_bonus":"THREE_CARDS","is_prod":false,"is_daily":false,"chose_seed":false,"campfire_upgraded":0,"win_rate":0.0,"timestamp":1537485526,"path_taken":["M","?","M","?","M","E","?","M","T","?","E","R","M","M","R","BOSS","M","?","M","M","?","E"],"build_version":"2018-09-06","purchased_purges":0,"victory":false,"max_hp_per_floor":[70,70,70,70,70,70,70,70,70,70,70,70,70,70,70,70,70,70,70,70,70,70,70],"card_choices":[{"not_picked":["Blade Dance","Leg Sweep"],"picked":"Dagger Spray","floor":0},{"not_picked":["Deadly Poison","Blur"],"picked":"Bouncing Flask","floor":1},{"not_picked":["Leg Sweep","Dagger Throw"],"picked":"Bane","floor":3},{"not_picked":["Dagger Spray","All Out Attack"],"picked":"Deadly Poison","floor":5},{"not_picked":["Escape Plan","Tactician"],"picked":"Slice","floor":6},{"not_picked":["Slice","Deflect"],"picked":"Acrobatics","floor":8},{"not_picked":["Dagger Spray","Sucker Punch"],"picked":"Burst","floor":11},{"not_picked":["Dagger Throw","Slice"],"picked":"Infinite Blades","floor":13},{"not_picked":["Sucker Punch","Malaise"],"picked":"PiercingWail","floor":14},{"not_picked":["Night Terror","Bullet Time"],"picked":"Corpse Explosion","floor":16},{"not_picked":["Blur","Underhanded Strike+1"],"picked":"Infinite Blades","floor":18},{"not_picked":["Prepared+1","Underhanded Strike"],"picked":"Deadly Poison","floor":20},{"not_picked":["Blur+1","Outmaneuver"],"picked":"Sucker Punch","floor":21}],"player_experience":25458,"relics_obtained":[{"floor":6,"key":"Letter Opener"},{"floor":9,"key":"Juzu Bracelet"},{"floor":11,"key":"War Paint"}],"event_choices":[{"event_name":"Liars Game","player_choice":"agreed","floor":2,"damage_taken":0},{"event_name":"Golden Wing","player_choice":"Ignored","floor":4,"damage_taken":0},{"event_name":"Mushrooms","player_choice":"Healed and dodged fight","floor":7,"damage_taken":0},{"event_name":"Living Wall","player_choice":"Grow","floor":10,"damage_taken":0},{"event_name":"The Mausoleum","player_choice":"Yes","floor":19,"damage_taken":0},{"event_name":"Transmorgrifier","player_choice":"Transform","floor":22,"damage_taken":0}],"is_beta":false,"boss_relics":[{"not_picked":["Velvet Choker","Astrolabe"],"picked":"Cursed Key"}],"items_purged_floors":[],"is_endless":false,"potions_floor_spawned":[1,3,11,13,14,18,21],"killed_by":"Gremlin Leader","ascension_level":0}