{"path_per_floor":["M","?","T","M","$","R","M","R","T","M","M","M","M","E","R","B",null,"M","M","$","?","M","R","E","M","T","M","M","?","M","M","R","B",null,"M","M","?","?","M","R","E","$","T","M","M","R","M","M","R","B"],"character_chosen":"THE_SILENT","items_purchased":["Ninja Scroll","Apotheosis","Backflip","Toy Ornithopter","Bottled Flame","Footwork","Calculated Gamble","Accuracy"],"gold_per_floor":[114,289,289,304,54,54,69,69,69,84,99,114,129,159,159,259,259,274,289,107,118,133,133,163,178,178,193,208,208,223,238,238,338,338,353,368,348,570,585,585,615,56,56,71,86,86,101,116,116,116],"floor_reached":51,"campfire_rested":0,"playtime":4530,"current_hp_per_floor":[62,62,62,62,62,62,62,62,62,62,62,55,55,52,52,65,70,61,57,57,39,53,53,53,53,53,61,70,70,70,65,79,57,89,89,70,70,70,70,70,70,70,70,89,97,97,52,78,78,73],"items_purged":[],"gold":116,"score":934,"play_id":"084b738f-c310-4fd8-870b-776b47a904cf","local_time":"20180512042233","daily_mods":["Brewmaster","Uncertain Future","Hoarder"],"is_prod":false,"is_daily":true,"chose_seed":false,"is_ascension_mode":false,"campfire_upgraded":4,"timestamp":1526066553,"path_taken":["M","?","?","M","$","R","M","R","T","M","M","?","M","E","R","BOSS","M","M","$","?","M","R","E","M","T","M","?","?","M","M","R","BOSS","M","M","?","?","M","R","E","$","T","M","M","R","M","?","R","BOSS"],"build_version":"2018-05-10","seed_source_timestamp":122140308543878,"purchased_purges":0,"victory":true,"master_deck":["Defend_G","Defend_G","Defend_G","Defend_G","Defend_G","Strike_G","Strike_G","Strike_G","Strike_G","Strike_G","Survivor+1","Neutralize","Venomology","Venomology","Venomology","Venomology","Venomology","Venomology","Venomology","Venomology","Venomology","Venomology","Venomology","Venomology","Venomology","Venomology","Venomology","Dagger Spray","Dagger Spray","Dagger Spray","Doubt","Doubt","Doubt","Concentrate+1","Concentrate+1","Concentrate","Sucker Punch","Sucker Punch","Sucker Punch","Deflect","Deflect","Deflect","Quick Slash","Quick Slash","Quick Slash","Calculated Gamble","Calculated Gamble","Calculated Gamble","Blade Dance","Blade Dance","Blade Dance","Glass Knife","Glass Knife","Glass Knife","Prepared+1","Prepared+1","Prepared+1","Endless Agony","Endless Agony","Endless Agony","Apotheosis+1","Apotheosis","Apotheosis","Backflip","Backflip","Backflip","Finisher","Finisher","Finisher","Underhanded Strike+1","Underhanded Strike+1","Underhanded Strike+1","Glass Knife","Glass Knife","Glass Knife","Acrobatics","Acrobatics","Acrobatics","Sucker Punch","Sucker Punch","Sucker Punch","Flechettes","Flechettes","Flechettes","Glass Knife","Glass Knife","Glass Knife","Die Die Die","Die Die Die","Die Die Die","Dagger Throw+1","Dagger Throw+1","Dagger Throw+1","Expertise+1","Expertise+1","Expertise+1","Dodge and Roll+1","Dodge and Roll+1","Dodge and Roll+1","Bullet Time","Bullet Time","Bullet Time","Footwork","Footwork","Footwork","Calculated Gamble","Calculated Gamble","Calculated Gamble","Accuracy","Accuracy","Accuracy","Blur+1","Blur+1","Blur+1","Acrobatics","Acrobatics","Acrobatics","Acrobatics+1","Acrobatics+1","Acrobatics+1","Dodge and Roll","Dodge and Roll","Dodge and Roll"],"max_hp_per_floor":[70,70,70,70,70,70,70,70,70,70,70,70,70,70,70,70,70,70,70,70,70,70,70,70,70,70,70,70,70,70,70,84,89,89,89,89,89,89,89,89,94,94,94,99,99,99,99,99,99,99],"relics":["Ring of the Snake","White Beast Statue","Pantograph","Ninja Scroll","The Courier","Thread and Needle","White Beast Statue","Red Mask","Smiling Mask","Shovel","Mango","Lizard Tail","Shuriken","Letter Opener","Toy Ornithopter","Bottled Flame","Bird Faced Urn","Omamori","Happy Flower"],"card_choices":[{"not_picked":["Acrobatics","Dodge and Roll"],"picked":"Dagger Spray","floor":1},{"not_picked":["Poisoned Stab","Quick Slash"],"picked":"Concentrate","floor":7},{"not_picked":["Outmaneuver","Masterful Stab"],"picked":"Sucker Punch","floor":10},{"not_picked":["Dagger Spray","Grand Finale"],"picked":"Deflect","floor":11},{"not_picked":["Slice","Poisoned Stab"],"picked":"Quick Slash","floor":12},{"not_picked":["Poisoned Stab","Dodge and Roll"],"picked":"Calculated Gamble","floor":13},{"not_picked":["Slice","Finisher"],"picked":"Blade Dance","floor":14},{"not_picked":["Grand Finale","Tools of the Trade"],"picked":"Glass Knife","floor":16},{"not_picked":["Dash","Deadly Poison"],"picked":"Prepared","floor":18},{"not_picked":["Poisoned Stab","Choke"],"picked":"Endless Agony","floor":19},{"not_picked":["Deadly Poison","Infinite Blades"],"picked":"Finisher","floor":22},{"not_picked":["Escape Plan","Bane"],"picked":"Underhanded Strike","floor":24},{"not_picked":["Caltrops","Masterful Stab"],"picked":"Glass Knife","floor":25},{"not_picked":["Escape Plan","Flying Knee"],"picked":"Acrobatics","floor":27},{"not_picked":["Underhanded Strike","Deflect"],"picked":"Sucker Punch","floor":28},{"not_picked":["Sucker Punch","Backflip"],"picked":"Flechettes","floor":30},{"not_picked":["Underhanded Strike","Quick Slash"],"picked":"Glass Knife","floor":31},{"not_picked":["Corpse Explosion","Phantasmal Killer"],"picked":"Die Die Die","floor":33},{"not_picked":["Flying Knee","Poisoned Stab"],"picked":"Dagger Throw","floor":35},{"not_picked":["Acrobatics","Leg Sweep"],"picked":"Expertise","floor":36},{"not_picked":["Sucker Punch","Outmaneuver"],"picked":"Dodge and Roll","floor":39},{"not_picked":["Blade Dance","Eviscerate"],"picked":"Bullet Time","floor":41},{"not_picked":["Dagger Spray","PiercingWail"],"picked":"Blur","floor":44},{"not_picked":["Escape Plan","Prepared"],"picked":"Acrobatics","floor":45},{"not_picked":["Deadly Poison","Corpse Explosion"],"picked":"Acrobatics","floor":47},{"not_picked":["Slice","Masterful Stab"],"picked":"Dodge and Roll","floor":48}],"player_experience":529070,"potions_floor_usage":[1,1,1,1,4,4,4,7,7,7,7,7,10,10,10,10,10,11,12,12,14,14,14,14,14,14,14,14,14,14,14,14,14,16,16,16,16,16,16,16,16,16,16,16,16,16,16,16,16,18,18,18,18,18,18,19,19,19,19,19,19,21,21,21,21,21,21,21,22,22,22,22,22,22,24,24,24,24,24,24,25,25,25,27,27,27,27,27,27,28,28,28,28,28,28,28,28,28,28,30,30,30,30,30,30,30,31,31,33,33,33,33,33,33,33,33,33,33,33,33,35,35,35,35,35,35,35,35,35,35,36,36,39,39,39,41,41,41,41,41,41,41,44,44,44,44,45,45,47,47,47,47,47,47,47,48,48,50,50,50,50,50,50,50,50,50,50,50,50,50,50,50,50,50],"damage_taken":[{"damage":8,"enemies":"2 Louse","floor":1,"turns":4},{"damage":0,"enemies":"Small Slimes","floor":4,"turns":3},{"damage":0,"enemies":"Cultist","floor":7,"turns":2},{"damage":6,"enemies":"Exordium Thugs","floor":10,"turns":3},{"damage":0,"enemies":"Gremlin Gang","floor":11,"turns":1},{"damage":7,"enemies":"Looter","floor":12,"turns":3},{"damage":0,"enemies":"2 Fungi Beasts","floor":13,"turns":1},{"damage":18,"enemies":"Lagavulin","floor":14,"turns":11},{"damage":5,"enemies":"Hexaghost","floor":16,"turns":11},{"damage":9,"enemies":"Shell Parasite","floor":18,"turns":5},{"damage":4,"enemies":"Chosen","floor":19,"turns":4},{"damage":18,"enemies":"ï¢ñ ÇÃìêëØ","floor":21,"turns":5},{"damage":1,"enemies":"Snecko","floor":22,"turns":6},{"damage":0,"enemies":"Book of Stabbing","floor":24,"turns":5},{"damage":0,"enemies":"Centurion and Healer","floor":25,"turns":5},{"damage":1,"enemies":"3 Cultists","floor":27,"turns":4},{"damage":0,"enemies":"Cultist and Chosen","floor":28,"turns":5},{"damage":0,"enemies":"Snake Plant","floor":30,"turns":5},{"damage":5,"enemies":"Centurion and Healer","floor":31,"turns":6},{"damage":32,"enemies":"Automaton","floor":33,"turns":9},{"damage":1,"enemies":"Flame Bruiser 1 Orb","floor":35,"turns":10},{"damage":19,"enemies":"3 Shapes","floor":36,"turns":3},{"damage":0,"enemies":"Sphere and 2 Shapes","floor":39,"turns":3},{"damage":5,"enemies":"2 Orb Walkers","floor":41,"turns":4},{"damage":0,"enemies":"4 Shapes","floor":44,"turns":6},{"damage":0,"enemies":"3 Darklings","floor":45,"turns":2},{"damage":62,"enemies":"Maw","floor":47,"turns":9},{"damage":1,"enemies":"4 Shapes","floor":48,"turns":8},{"damage":72,"enemies":"Time Eater","floor":50,"turns":13}],"event_choices":[{"event_name":"Liars Game","player_choice":"agreed","floor":2,"damage_taken":0},{"event_name":"Masked Bandits","player_choice":"Fought over 107 gold","floor":21,"damage_taken":0},{"event_name":"The Lab","player_choice":"Got Potions","floor":29,"damage_taken":0},{"event_name":"The Woman in Blue","player_choice":"Bought 1 Potion","floor":37,"damage_taken":0},{"event_name":"Tomb of Lord Red Mask","player_choice":"Wore Mask","floor":38,"damage_taken":0}],"boss_relics":[{"not_picked":["Tiny House","Runic Dome"],"picked":"White Beast Statue"},{"not_picked":["Velvet Choker","Snecko Eye"],"picked":"Lizard Tail"}],"potions_floor_spawned":[1,4,7,10,11,12,13,14,16,18,19,21,22,24,25,27,28,30,31,33,35,36,39,41,44,45,47,48],"seed_played":"4157039568032488910","ascension_level":0,"is_trial":false}