{"path_per_floor":["M","M","M","M","M","R","?","R","T","$","?","E","M","?","R","B",null,"M","?","M","T","$","M","R","T","T","M","E","M","R","M","R","B",null,"M","M","$","M","M","R","E","R","T","M","?","?","M","M","R","B"],"character_chosen":"DEFECT","items_purchased":["BootSequence","Aggregate","Mango","Mind Blast","DataDisk","Vajra","Impulse"],"gold_per_floor":[114,129,144,159,174,174,174,174,174,69,69,99,114,289,289,389,389,404,404,419,499,21,36,36,86,86,101,131,146,146,161,161,261,261,276,291,14,29,44,44,74,74,99,114,114,114,129,144,144,144],"floor_reached":51,"campfire_rested":0,"playtime":3945,"current_hp_per_floor":[73,72,71,70,69,68,68,68,68,68,68,68,68,67,66,23,64,54,54,61,60,73,72,71,70,69,55,64,66,65,64,63,44,61,60,59,58,57,56,55,54,53,52,51,45,40,48,47,46,45],"items_purged":["Regret"],"gold":144,"score":853,"play_id":"87678bd9-9633-4d91-b1de-b36a085fde91","local_time":"20180507084548","daily_mods":["Shiny","Uncertain Future","Terminal"],"is_prod":false,"is_daily":true,"chose_seed":false,"is_ascension_mode":false,"campfire_upgraded":9,"timestamp":1525650348,"path_taken":["M","M","M","M","M","R","?","R","T","$","?","E","M","?","R","BOSS","M","?","M","?","$","M","R","?","T","M","E","M","R","M","R","BOSS","M","?","$","M","M","R","E","R","T","M","?","?","M","M","R","BOSS"],"build_version":"2018-05-03","seed_source_timestamp":0,"purchased_purges":2,"victory":true,"master_deck":["Multi-Cast","Hyperbeam+1","Thunder Strike","Biased Cognition","Machine Learning","Rainbow+1","Prime+1","Seek+1","Meteor Strike","Echo Form+1","All For One","Reboot+1","Nova","Amplify","Fusion","Redo","Creative AI+1","Fission","Reinforced Body","Buffer+1","Aggregate+1","Go for the Eyes","Loop","BootSequence+1","Aggregate+1","Self Repair","Genetic Algorithm+1","Seek+1","Rebound+1","Steam Power+1","Mind Blast","Capacitor+1","Axe Kick","Streamline+1","Streamline+1","Storm+1","All For One+1","Beam Cell+1","Streamline+1","Impulse+1","Aggregate+1","Ball Lightning+1","Double Energy+1","Consume+1","Madness+1","Madness+1","Panacea+1","Master of Strategy+1","White Noise+1","Rip and Tear+1"],"max_hp_per_floor":[73,72,71,70,69,68,74,73,72,71,70,69,68,67,66,65,64,63,62,61,60,73,72,71,70,69,68,67,66,65,64,63,62,61,60,59,58,57,56,55,54,53,52,51,50,49,48,47,46,45],"relics":["Cracked Core","Strawberry","Toxic Egg 2","Dodecahedron","Bag of Preparation","Eternal Feather","Tiny Chest","Mango","Blood Vial","The Courier","Oddly Smooth Stone","Lizard Tail","DataDisk","Vajra","Juzu Bracelet","Whetstone"],"card_choices":[{"not_picked":["Ball Lightning","Stack"],"picked":"Reinforced Body","floor":1},{"not_picked":["Beam Cell","Hologram"],"picked":"Buffer","floor":2},{"not_picked":["Go for the Eyes","Scrape"],"picked":"Aggregate","floor":3},{"not_picked":["Beam Cell","Leap"],"picked":"Go for the Eyes","floor":4},{"not_picked":["Tempest","Conserve Battery"],"picked":"Loop","floor":5},{"not_picked":["BootSequence","Static Discharge"],"picked":"Self Repair","floor":12},{"not_picked":["Reinforced Body","Cold Snap"],"picked":"Genetic Algorithm","floor":13},{"not_picked":["Fission","Machine Learning"],"picked":"Seek","floor":16},{"not_picked":["Leap","Turbo"],"picked":"Rebound","floor":18},{"not_picked":["Axe Kick","Sweeping Beam"],"picked":"Steam Power","floor":20},{"not_picked":["Rebound","Axe Kick"],"picked":"Capacitor","floor":23},{"not_picked":["Leap","Capacitor"],"picked":"Axe Kick","floor":27},{"not_picked":["Glacier","Aggregate"],"picked":"Streamline","floor":28},{"not_picked":["Gash","Coolheaded"],"picked":"Streamline","floor":29},{"not_picked":["Leap","Chaos"],"picked":"Storm","floor":31},{"not_picked":["Meteor Strike","Fusion"],"picked":"All For One","floor":33},{"not_picked":["Ball Lightning","Skim"],"picked":"Beam Cell","floor":35},{"not_picked":["Sweeping Beam","Turbo"],"picked":"Streamline","floor":36},{"not_picked":["Ball Lightning","Go for the Eyes"],"picked":"Aggregate","floor":38},{"not_picked":["Streamline","Go for the Eyes"],"picked":"Ball Lightning","floor":39},{"not_picked":["Creative AI","Biased Cognition"],"picked":"Double Energy","floor":41},{"not_picked":["Turbo","Scrape"],"picked":"Consume","floor":44},{"not_picked":["Bandage Up","Secret Technique"],"picked":"Panacea","floor":46},{"not_picked":["Enlightenment","Trip"],"picked":"Master of Strategy","floor":46},{"not_picked":["Turbo","Rebound"],"picked":"White Noise","floor":47},{"not_picked":["Go for the Eyes","Double Energy"],"picked":"Rip and Tear","floor":48}],"player_experience":521179,"potions_floor_usage":[5,12,16,18,27,50,50,50],"damage_taken":[{"damage":0,"enemies":"Small Slimes","floor":1,"turns":1},{"damage":0,"enemies":"Cultist","floor":2,"turns":4},{"damage":0,"enemies":"Jaw Worm","floor":3,"turns":4},{"damage":0,"enemies":"Large Slime","floor":4,"turns":4},{"damage":0,"enemies":"Red Slaver","floor":5,"turns":3},{"damage":0,"enemies":"Gremlin Nob","floor":12,"turns":4},{"damage":0,"enemies":"2 Fungi Beasts","floor":13,"turns":4},{"damage":50,"enemies":"Hexaghost","floor":16,"turns":12},{"damage":10,"enemies":"3 Byrds","floor":18,"turns":4},{"damage":1,"enemies":"Chosen","floor":20,"turns":7},{"damage":0,"enemies":"Snake Plant","floor":23,"turns":5},{"damage":21,"enemies":"Chosen and Byrds","floor":27,"turns":7},{"damage":0,"enemies":"Gremlin Leader","floor":28,"turns":6},{"damage":0,"enemies":"Sentry and Sphere","floor":29,"turns":4},{"damage":0,"enemies":"Snake Plant","floor":31,"turns":1},{"damage":33,"enemies":"Champ","floor":33,"turns":7},{"damage":0,"enemies":"Orb Walker","floor":35,"turns":4},{"damage":0,"enemies":"Flame Bruiser 1 Orb","floor":36,"turns":3},{"damage":0,"enemies":"Maw","floor":38,"turns":7},{"damage":0,"enemies":"Flame Bruiser 2 Orb","floor":39,"turns":2},{"damage":0,"enemies":"Giant Head","floor":41,"turns":4},{"damage":0,"enemies":"4 Shapes","floor":44,"turns":3},{"damage":0,"enemies":"Maw","floor":47,"turns":3},{"damage":0,"enemies":"3 Darklings","floor":48,"turns":1},{"damage":0,"enemies":"Awakened One","floor":50,"turns":4}],"event_choices":[{"event_name":"Scrap Ooze","player_choice":"success","floor":7,"damage_taken":7},{"event_name":"Big Fish","player_choice":"Box","floor":11,"damage_taken":0},{"event_name":"Liars Game","player_choice":"agreed","floor":14,"damage_taken":0},{"event_name":"Back to Basics","player_choice":"Elegance","floor":19,"damage_taken":0},{"event_name":"Winding Halls","player_choice":"Embrace Madness","floor":45,"damage_taken":0},{"event_name":"SensoryStone","player_choice":"Memory 2","floor":46,"damage_taken":0}],"boss_relics":[{"not_picked":["Sozu","Pandora\u0027s Box"],"picked":"Eternal Feather"},{"not_picked":["Snecko Eye","Velvet Choker"],"picked":"Lizard Tail"}],"potions_floor_spawned":[1,3,4,13,18,23,29,35,41,44,47,48],"seed_played":"-5471539698624743704","ascension_level":0,"is_trial":false}