{"gold_per_floor":[110,126,126,141,159,159,197,7,7,7,7,7,21,40,40,133,133,152,167,167,180,205,205,205,205,251,251,24,45,70,94,94,94],"floor_reached":33,"playtime":2357,"items_purged":["Strike_B"],"score":489,"play_id":"f2bc84ca-89e8-44d0-b809-f1e2b71c64e9","local_time":"20190823085729","is_ascension_mode":true,"campfire_choices":[{"data":"Consume","floor":6,"key":"SMITH"},{"data":"Coolheaded","floor":10,"key":"SMITH"},{"data":"Zap","floor":12,"key":"SMITH"},{"floor":15,"key":"REST"},{"data":"Seek","floor":23,"key":"SMITH"},{"floor":25,"key":"REST"},{"data":"Dualcast","floor":27,"key":"SMITH"},{"data":"Coolheaded","floor":32,"key":"SMITH"}],"neow_cost":"TEN_PERCENT_HP_LOSS","seed_source_timestamp":179940690325100,"circlet_count":0,"master_deck":["AscendersBane","Strike_B","Strike_B","Strike_B","Defend_B","Defend_B","Defend_B","Defend_B","Zap+1","Dualcast+1","Skim","Consume+1","FTL","Coolheaded+1","Glacier","Self Repair","Redo","Rebound","Seek+1","Hologram+1","Reinforced Body","RitualDagger","Bandage Up","Coolheaded","Coolheaded+1"],"relics":["Cracked Core","Turnip","Golden Idol","Pear","Cables","Philosopher\u0027s Stone","Boot"],"potions_floor_usage":[7,16,29,31,33,33],"damage_taken":[{"damage":0,"enemies":"Small Slimes","floor":1,"turns":3},{"damage":9,"enemies":"Jaw Worm","floor":2,"turns":4},{"damage":3,"enemies":"2 Louse","floor":4,"turns":2},{"damage":0,"enemies":"Large Slime","floor":5,"turns":5},{"damage":45,"enemies":"Lagavulin","floor":7,"turns":8},{"damage":7,"enemies":"Exordium Thugs","floor":13,"turns":5},{"damage":7,"enemies":"2 Fungi Beasts","floor":14,"turns":3},{"damage":5,"enemies":"The Guardian","floor":16,"turns":15},{"damage":11,"enemies":"3 Byrds","floor":18,"turns":8},{"damage":5,"enemies":"Spheric Guardian","floor":19,"turns":7},{"damage":5,"enemies":"Snake Plant","floor":21,"turns":5},{"damage":36,"enemies":"Chosen and Byrds","floor":22,"turns":11},{"damage":12,"enemies":"Cultist and Chosen","floor":29,"turns":9},{"damage":0,"enemies":"Centurion and Healer","floor":30,"turns":7},{"damage":5,"enemies":"Snecko","floor":31,"turns":9},{"damage":70,"enemies":"Automaton","floor":33,"turns":22}],"seed_played":"1523486221888539786","potions_obtained":[{"floor":4,"key":"EssenceOfSteel"},{"floor":14,"key":"Strength Potion"},{"floor":29,"key":"Dexterity Potion"},{"floor":30,"key":"Regen Potion"},{"floor":31,"key":"FocusPotion"}],"is_trial":false,"path_per_floor":["M","M","?","M","M","R","E","$","T","R","?","R","M","M","R","B",null,"M","M","?","M","M","R","?","R","T","R","$","M","M","M","R","B"],"character_chosen":"DEFECT","items_purchased":["Glacier","Self Repair","Redo","Swift Potion","Bandage Up"],"campfire_rested":2,"item_purchase_floors":[8,8,8,28,28],"current_hp_per_floor":[64,55,55,52,52,52,17,17,17,17,17,17,17,17,37,39,61,50,52,46,48,19,19,19,39,39,39,39,38,49,68,68,0],"gold":94,"neow_bonus":"ONE_RARE_RELIC","is_prod":false,"is_daily":false,"chose_seed":false,"campfire_upgraded":6,"win_rate":0,"timestamp":1566518249,"path_taken":["M","M","?","M","M","R","E","$","T","R","?","R","M","M","R","BOSS","M","M","?","M","M","R","?","R","T","R","$","?","M","M","R","BOSS"],"build_version":"2019-07-17","purchased_purges":1,"victory":false,"max_hp_per_floor":[64,64,58,58,58,58,68,68,68,68,68,68,68,68,68,68,68,68,68,68,68,68,68,68,68,68,68,68,68,68,68,68,68],"card_choices":[{"not_picked":["Beam Cell","Barrage"],"picked":"Skim","floor":1},{"not_picked":["Chaos","Coolheaded"],"picked":"Consume","floor":2},{"not_picked":["Beam Cell","Turbo","Barrage"],"picked":"SKIP","floor":4},{"not_picked":["Compile Driver","Hologram"],"picked":"FTL","floor":5},{"not_picked":["Hyperbeam","Turbo"],"picked":"Coolheaded","floor":7},{"not_picked":["Leap","Aggregate","Stack"],"picked":"SKIP","floor":13},{"not_picked":["Darkness","Consume"],"picked":"Rebound","floor":14},{"not_picked":["All For One","Thunder Strike"],"picked":"Seek","floor":16},{"not_picked":["Cold Snap","Conserve Battery"],"picked":"Hologram","floor":18},{"not_picked":["Steam","Turbo"],"picked":"Reinforced Body","floor":19},{"not_picked":["Go for the Eyes","Cold Snap","Lockon+1"],"picked":"SKIP","floor":21},{"not_picked":["Cold Snap","Sunder","Stack+1"],"picked":"SKIP","floor":22},{"not_picked":["Compile Driver","Steam","Go for the Eyes"],"picked":"SKIP","floor":29},{"not_picked":["Rebound","Tempest"],"picked":"Coolheaded","floor":30},{"not_picked":["Beam Cell","Multi-Cast"],"picked":"Coolheaded","floor":31}],"player_experience":762494,"relics_obtained":[{"floor":7,"key":"Pear"},{"floor":9,"key":"Cables"},{"floor":26,"key":"Boot"}],"event_choices":[{"damage_healed":0,"gold_gain":0,"player_choice":"Lose Max HP","damage_taken":0,"relics_obtained":["Golden Idol"],"max_hp_gain":0,"max_hp_loss":6,"event_name":"Golden Idol","floor":3,"gold_loss":0},{"damage_healed":0,"gold_gain":0,"player_choice":"Ignored","damage_taken":0,"max_hp_gain":0,"max_hp_loss":0,"event_name":"Liars Game","floor":11,"gold_loss":0},{"damage_healed":0,"gold_gain":0,"player_choice":"Joined the Cult","damage_taken":6,"max_hp_gain":0,"max_hp_loss":0,"event_name":"Nest","floor":20,"gold_loss":0,"cards_obtained":["RitualDagger"]},{"damage_healed":0,"gold_gain":0,"player_choice":"Upgraded","damage_taken":0,"max_hp_gain":0,"max_hp_loss":0,"event_name":"Upgrade Shrine","floor":24,"gold_loss":0,"cards_upgraded":["Hologram"]}],"is_beta":false,"boss_relics":[{"not_picked":["Nuclear Battery","Inserter"],"picked":"Philosopher\u0027s Stone"}],"items_purged_floors":[28],"is_endless":false,"potions_floor_spawned":[4,14,29,30,31],"killed_by":"Automaton","ascension_level":19}