{"gold_per_floor":[14,33,43,54,54,83,83,83,83,83,233,101,101,124,124,196,196,175,192,51,51,71,71,87,2,25,25,25,43,43,43,43,43],"floor_reached":33,"playtime":1464,"items_purged":["Doubt","Strike_B"],"score":486,"play_id":"842e2ce9-59ea-4052-a228-f7e524464bbc","local_time":"20190824110351","is_ascension_mode":true,"campfire_choices":[{"floor":8.0,"key":"REST"},{"data":"Streamline","floor":10.0,"key":"SMITH"},{"data":"Go for the Eyes","floor":13.0,"key":"SMITH"},{"data":"Conserve Battery","floor":15.0,"key":"SMITH"},{"data":"Creative AI","floor":23,"key":"SMITH"},{"data":"Ghostly","floor":27,"key":"SMITH"},{"data":"Ghostly","floor":30,"key":"SMITH"},{"data":"Ghostly","floor":32,"key":"SMITH"}],"neow_cost":"NO_GOLD","seed_source_timestamp":274768417187500,"circlet_count":0,"master_deck":["AscendersBane","Strike_B+1","Strike_B+1","Defend_B+1","Defend_B+1","Defend_B+1","Zap+1","Dualcast","Conserve Battery+1","Gash","Streamline+1","Core Surge","Reinforced Body","Go for the Eyes+1","Creative AI+1","Glacier+1","Gash","Genetic Algorithm","Ghostly+1","Ghostly+1","Ghostly+1","Gash","Undo","Chill","Writhe","Rebound+1"],"special_seed":0,"relics":["Cracked Core","Lantern","Art of War","Anchor","Velvet Choker","Oddly Smooth Stone","Molten Egg 2"],"potions_floor_usage":[29,33],"damage_taken":[{"damage":0.0,"enemies":"2 Louse","floor":1.0,"turns":3.0},{"damage":0.0,"enemies":"Small Slimes","floor":2.0,"turns":3.0},{"damage":2.0,"enemies":"Jaw Worm","floor":3.0,"turns":3.0},{"damage":7.0,"enemies":"Looter","floor":4.0,"turns":4.0},{"damage":35.0,"enemies":"Gremlin Nob","floor":6.0,"turns":4.0},{"damage":25.0,"enemies":"The Guardian","floor":16.0,"turns":11.0},{"damage":8,"enemies":"2 Thieves","floor":18,"turns":4},{"damage":1,"enemies":"Spheric Guardian","floor":19,"turns":4},{"damage":6,"enemies":"Snecko","floor":22,"turns":8},{"damage":15,"enemies":"Snake Plant","floor":24,"turns":6},{"damage":9,"enemies":"Centurion and Healer","floor":29,"turns":9},{"damage":23,"enemies":"Collector","floor":33,"turns":8}],"seed_played":"-2714209722329180900","potions_obtained":[{"floor":3.0,"key":"PowerPotion"},{"floor":4.0,"key":"Ancient Potion"},{"floor":6.0,"key":"FearPotion"},{"floor":16.0,"key":"Regen Potion"}],"is_trial":false,"path_per_floor":["M","M","M","M","?","E","?","R","T","R","?","$","R","T","R","B",null,"M","M","$","?","M","R","M","$","T","R","?","M","R","?","R","B"],"character_chosen":"DEFECT","items_purchased":["Go for the Eyes","Genetic Algorithm","Chill"],"campfire_rested":1,"item_purchase_floors":[12,20,25],"current_hp_per_floor":[64,64,62,55,60,25,25,47,47,47,47,47,47,47,47,22,63,55,54,54,38,32,32,17,17,17,17,17,23,23,23,23,0],"gold":43,"neow_bonus":"REMOVE_TWO","is_prod":false,"is_daily":false,"chose_seed":false,"campfire_upgraded":7,"win_rate":0,"timestamp":1566612231,"path_taken":["M","M","M","M","?","E","?","R","T","R","?","$","R","?","R","BOSS","M","M","$","?","M","R","M","$","T","R","?","M","R","?","R","BOSS"],"build_version":"2019-07-17","purchased_purges":2,"victory":false,"max_hp_per_floor":[71,71,71,71,76,76,76,76,76,76,76,76,76,76,76,76,76,76,76,76,38,38,38,38,38,38,38,38,38,38,38,38,38],"card_choices":[{"not_picked":["Beam Cell","Heatsinks"],"picked":"Conserve Battery","floor":1.0},{"not_picked":["Redo","Rebound"],"picked":"Gash","floor":2.0},{"not_picked":["Loop","Chaos"],"picked":"Streamline","floor":3.0},{"not_picked":["Double Energy","Stack"],"picked":"Core Surge","floor":4.0},{"not_picked":["Scrape","Redo"],"picked":"Reinforced Body","floor":6.0},{"not_picked":["Thunder Strike","Rainbow"],"picked":"Creative AI","floor":16.0},{"not_picked":["Conserve Battery+1","Streamline+1"],"picked":"Glacier+1","floor":18},{"not_picked":["Redo","Beam Cell"],"picked":"Gash","floor":19},{"not_picked":["Creative AI","Steam"],"picked":"Gash","floor":22},{"not_picked":["Compile Driver","Cold Snap"],"picked":"Undo","floor":24},{"not_picked":["Barrage+1","Stack"],"picked":"Rebound+1","floor":29}],"player_experience":805621,"relics_obtained":[{"floor":6.0,"key":"Lantern"},{"floor":9.0,"key":"Art of War"},{"floor":14.0,"key":"Anchor"},{"floor":26,"key":"Oddly Smooth Stone"}],"event_choices":[{"damage_healed":0.0,"max_hp_gain":5.0,"max_hp_loss":0.0,"gold_gain":0.0,"event_name":"Big Fish","player_choice":"Donut","floor":5.0,"gold_loss":0.0,"damage_taken":0.0},{"damage_healed":0.0,"max_hp_gain":0.0,"max_hp_loss":0.0,"gold_gain":0.0,"event_name":"Living Wall","player_choice":"Grow","floor":7.0,"gold_loss":0.0,"damage_taken":0.0,"cards_upgraded":["Zap"]},{"damage_healed":0.0,"max_hp_gain":0.0,"max_hp_loss":0.0,"gold_gain":150.0,"event_name":"Liars Game","player_choice":"AGREE","floor":11.0,"gold_loss":0.0,"damage_taken":0.0,"cards_obtained":["Doubt"]},{"damage_healed":0,"gold_gain":0,"player_choice":"Became a Ghost","damage_taken":0,"max_hp_gain":0,"max_hp_loss":38,"event_name":"Ghosts","floor":21,"gold_loss":0,"cards_obtained":["Ghostly","Ghostly","Ghostly"]},{"damage_healed":0,"gold_gain":0,"player_choice":"Opened","damage_taken":0,"relics_obtained":["Molten Egg 2"],"max_hp_gain":0,"max_hp_loss":0,"event_name":"The Mausoleum","floor":28,"gold_loss":0,"cards_obtained":["Writhe"]},{"damage_healed":0,"gold_gain":0,"player_choice":"Simplicity","damage_taken":0,"max_hp_gain":0,"max_hp_loss":0,"event_name":"Back to Basics","floor":31,"gold_loss":0,"cards_upgraded":["Strike_B","Strike_B","Defend_B","Defend_B","Defend_B"]}],"is_beta":false,"boss_relics":[{"not_picked":["Lizard Tail","Nuclear Battery"],"picked":"Velvet Choker"}],"items_purged_floors":[12,20],"is_endless":false,"potions_floor_spawned":[3,4,6,16,19,24],"killed_by":"Collector","ascension_level":20}