{"gold_per_floor":[110,110,110,35,52,52,77,77,77,89,105,118,128,142,142,245,245,258,272,284,294,307,307,34,34,34,45,45,59,74,94,94,189,189,201,201,20,30,40,60,60,87,87,0,0,51,2,14,14,14],"floor_reached":51,"playtime":3422,"items_purged":["Regret"],"score":737,"play_id":"47c9374e-042e-41a3-bf68-54f5d5fc11a5","local_time":"20181111200815","is_ascension_mode":false,"campfire_choices":[{"data":"Rip and Tear","floor":6,"key":"SMITH"},{"floor":8,"key":"REST"},{"floor":15,"key":"REST"},{"floor":23,"key":"REST"},{"floor":25,"key":"REST"},{"data":"Rainbow","floor":28,"key":"SMITH"},{"floor":32,"key":"REST"},{"floor":41,"key":"REST"},{"data":"Double Energy","floor":45,"key":"SMITH"},{"floor":49,"key":"REST"}],"neow_cost":"NONE","seed_source_timestamp":95410317095800,"circlet_count":0,"master_deck":["Strike_B","Strike_B","Strike_B","Defend_B","Defend_B","Defend_B","Defend_B","Zap","Dualcast","Beam Cell","Rip and Tear+1","Reprogram","Hello World","Beam Cell","Beam Cell","Redo","Go for the Eyes","Rainbow+1","All For One","Clumsy","Decay","Injury","Beam Cell+1","Loop+1","Hologram","FTL+1","Compile Driver+1","Stack","Double Energy+1","Scrape","Gash","Buffer+1","Electrodynamics+1","Scrape+1","Storm+1","Steam Power+1","Coolheaded","FTL","Hologram+1","Buffer+1"],"relics":["Inserter","Gremlin Horn","Pen Nib","Darkstone Periapt","Calling Bell","Vajra","Question Card","Du-Vu Doll","Frozen Egg 2","Sundial","Eternal Feather","CultistMask","Bag of Preparation","Gambling Chip","Bottled Tornado","Red Mask","Torii"],"potions_floor_usage":[16,16,27,30,31,33,39,42,46,50,50,50],"damage_taken":[{"damage":2,"enemies":"2 Louse","floor":1,"turns":3},{"damage":2,"enemies":"Small Slimes","floor":5,"turns":2},{"damage":38,"enemies":"3 Sentries","floor":7,"turns":7},{"damage":1,"enemies":"Jaw Worm","floor":10,"turns":2},{"damage":0,"enemies":"2 Fungi Beasts","floor":11,"turns":2},{"damage":3,"enemies":"Gremlin Gang","floor":12,"turns":3},{"damage":5,"enemies":"Looter","floor":13,"turns":2},{"damage":7,"enemies":"Blue Slaver","floor":14,"turns":3},{"damage":31,"enemies":"Hexaghost","floor":16,"turns":11},{"damage":5,"enemies":"Shell Parasite","floor":18,"turns":4},{"damage":0,"enemies":"3 Byrds","floor":19,"turns":3},{"damage":39,"enemies":"Shelled Parasite and Fungi","floor":20,"turns":4},{"damage":4,"enemies":"Chosen and Byrds","floor":21,"turns":5},{"damage":12,"enemies":"Centurion and Healer","floor":22,"turns":4},{"damage":27,"enemies":"Shelled Parasite and Fungi","floor":27,"turns":4},{"damage":0,"enemies":"Snecko","floor":29,"turns":3},{"damage":0,"enemies":"3 Cultists","floor":30,"turns":3},{"damage":5,"enemies":"Snake Plant","floor":31,"turns":3},{"damage":45,"enemies":"Champ","floor":33,"turns":7},{"damage":23,"enemies":"Orb Walker","floor":35,"turns":5},{"damage":2,"enemies":"3 Shapes","floor":38,"turns":4},{"damage":19,"enemies":"Transient","floor":39,"turns":5},{"damage":9,"enemies":"Sphere and 2 Shapes","floor":40,"turns":6},{"damage":39,"enemies":"Giant Head","floor":42,"turns":6},{"damage":19,"enemies":"2 Orb Walkers","floor":46,"turns":4},{"damage":14,"enemies":"Spire Growth","floor":48,"turns":5},{"damage":85,"enemies":"Time Eater","floor":50,"turns":10}],"seed_played":"-5757896609580264066","potions_obtained":[{"floor":5,"key":"FocusPotion"},{"floor":10,"key":"Energy Potion"},{"floor":11,"key":"Weak Potion"},{"floor":16,"key":"FearPotion"},{"floor":20,"key":"Fire Potion"},{"floor":21,"key":"Weak Potion"},{"floor":29,"key":"AttackPotion"},{"floor":30,"key":"EssenceOfSteel"},{"floor":33,"key":"Weak Potion"},{"floor":35,"key":"Swift Potion"},{"floor":39,"key":"GamblersBrew"},{"floor":48,"key":"Weak Potion"}],"is_trial":false,"path_per_floor":["M","?","?","$","M","R","E","R","T","M","M","M","M","M","R","B",null,"M","M","M","M","M","R","$","R","T","M","R","M","M","M","R","B",null,"M","?","$","M","M","M","R","E","T","?","R","?","$","M","R","B",null],"character_chosen":"DEFECT","items_purchased":["Frozen Egg 2","Stack","Bag of Preparation","Storm+1","Fire Potion"],"campfire_rested":7,"item_purchase_floors":[24,24,37,37,47],"current_hp_per_floor":[73,73,73,73,71,71,33,55,55,54,54,51,46,39,61,30,93,88,88,49,45,33,60,60,87,87,60,60,60,60,55,82,37,93,70,70,70,68,49,40,88,49,49,49,70,51,51,37,88,3],"gold":14,"neow_bonus":"BOSS_RELIC","is_prod":false,"is_daily":false,"chose_seed":false,"campfire_upgraded":3,"win_rate":0.0,"timestamp":1541934495,"path_taken":["M","?","?","?","M","R","E","R","T","M","M","M","M","M","R","BOSS","M","M","M","M","M","R","$","R","T","M","R","M","M","M","R","BOSS","M","?","$","M","?","M","R","E","T","?","R","?","?","M","R","BOSS"],"build_version":"2018-11-08","purchased_purges":1,"victory":true,"max_hp_per_floor":[75,75,75,75,75,75,75,75,75,75,75,75,75,75,75,75,93,93,93,93,93,93,93,93,93,93,93,93,93,93,93,93,93,93,93,93,93,93,93,93,93,93,93,93,93,93,93,93,93,93],"card_choices":[{"not_picked":["Turbo","Compile Driver"],"picked":"Beam Cell","floor":1},{"not_picked":["BootSequence","Leap"],"picked":"Reprogram","floor":5},{"not_picked":["Doom and Gloom","Turbo"],"picked":"Hello World","floor":7},{"not_picked":["Barrage","Melter"],"picked":"Beam Cell","floor":10},{"not_picked":["Hologram","Reprogram"],"picked":"Beam Cell","floor":11},{"not_picked":["Force Field","Blizzard"],"picked":"Redo","floor":12},{"not_picked":["Chaos","Blizzard"],"picked":"Go for the Eyes","floor":13},{"not_picked":["Steam","Capacitor"],"picked":"Rainbow","floor":14},{"not_picked":["Reboot","Echo Form"],"picked":"All For One","floor":16},{"not_picked":["BootSequence","Hello World+1","Sweeping Beam"],"picked":"Beam Cell+1","floor":18},{"not_picked":["Defragment","Sweeping Beam","Leap"],"picked":"Loop+1","floor":19},{"not_picked":["Darkness","Steam Power","Stack"],"picked":"Hologram","floor":20},{"not_picked":["Biased Cognition","Rip and Tear","Auto Shields"],"picked":"FTL+1","floor":21},{"not_picked":["Barrage","Storm","Chill"],"picked":"Compile Driver+1","floor":22},{"not_picked":["Blizzard","Tempest","Go for the Eyes"],"picked":"Double Energy","floor":27},{"not_picked":["Redo","Glacier","Leap"],"picked":"Scrape","floor":29},{"not_picked":["Compile Driver+1","Coolheaded+1","Rebound"],"picked":"Gash","floor":30},{"not_picked":["Steam","Go for the Eyes","Leap"],"picked":"Buffer+1","floor":31},{"not_picked":["Meteor Strike","Amplify","Multi-Cast"],"picked":"Electrodynamics+1","floor":33},{"not_picked":["Blizzard+1","Genetic Algorithm+1","Leap"],"picked":"Scrape+1","floor":35},{"not_picked":["Blizzard","Redo+1","Lockon+1"],"picked":"Steam Power+1","floor":38},{"not_picked":["Chaos+1","Doom and Gloom+1","Streamline"],"picked":"Coolheaded","floor":39},{"not_picked":["Rebound","Chill+1","Sweeping Beam+1"],"picked":"FTL","floor":40},{"not_picked":["Genetic Algorithm","Static Discharge+1","Steam Power+1"],"picked":"Hologram+1","floor":42},{"not_picked":["Self Repair+1","Leap","Hologram+1"],"picked":"Buffer+1","floor":46},{"not_picked":["Ball Lightning","Compile Driver","Doom and Gloom","Streamline+1"],"picked":"SKIP","floor":48}],"player_experience":412455,"relics_obtained":[{"floor":7,"key":"Pen Nib"},{"floor":9,"key":"Darkstone Periapt"},{"floor":17,"key":"Vajra"},{"floor":17,"key":"Question Card"},{"floor":17,"key":"Du-Vu Doll"},{"floor":26,"key":"Sundial"},{"floor":42,"key":"Gambling Chip"},{"floor":43,"key":"Bottled Tornado"},{"floor":46,"key":"Torii"}],"event_choices":[{"damage_healed":0,"gold_gain":0,"cards_transformed":["Strike_B"],"player_choice":"Change","damage_taken":0,"max_hp_gain":0,"max_hp_loss":0,"event_name":"Living Wall","floor":2,"gold_loss":0,"cards_obtained":["Rip and Tear"]},{"damage_healed":0,"gold_gain":0,"player_choice":"Box","damage_taken":0,"relics_obtained":["Gremlin Horn"],"max_hp_gain":0,"max_hp_loss":0,"event_name":"Big Fish","floor":3,"gold_loss":0,"cards_obtained":["Regret"]},{"damage_healed":0,"gold_gain":0,"player_choice":"Trade","damage_taken":0,"relics_obtained":["CultistMask"],"max_hp_gain":0,"max_hp_loss":0,"event_name":"FaceTrader","floor":36,"gold_loss":0},{"damage_healed":0,"gold_gain":0,"player_choice":"Paid","damage_taken":0,"relics_obtained":["Red Mask"],"max_hp_gain":0,"max_hp_loss":0,"event_name":"Tomb of Lord Red Mask","floor":44,"gold_loss":87},{"damage_healed":0,"gold_gain":0,"player_choice":"Fight","damage_taken":0,"max_hp_gain":0,"max_hp_loss":0,"event_name":"Mysterious Sphere","floor":46,"gold_loss":0}],"is_beta":false,"boss_relics":[{"not_picked":["Tiny House","Runic Pyramid"],"picked":"Calling Bell"},{"not_picked":["White Beast Statue","Pandora\u0027s Box"],"picked":"Eternal Feather"}],"items_purged_floors":[4],"is_endless":false,"potions_floor_spawned":[5,10,11,16,20,21,29,30,33,35,39,48],"ascension_level":0}