{"gold_per_floor":[360,372,384,43,60,60,96,171,243,276,292,330,366,366,366,457,457,476,490,500,199,199,199,257,257,257,257,273,273,323,336,336,336],"floor_reached":33,"playtime":2362,"items_purged":["Strike_B"],"score":548,"play_id":"c4c721f3-43de-4dce-91a8-c73f5c507455","local_time":"20190822123420","is_ascension_mode":true,"campfire_choices":[{"floor":6,"key":"REST"},{"data":"Fusion","floor":15,"key":"SMITH"},{"data":"Fission","floor":25,"key":"SMITH"},{"data":"Dualcast","floor":27,"key":"SMITH"},{"data":"Zap","floor":29,"key":"SMITH"},{"data":"Redo","floor":32,"key":"SMITH"}],"neow_cost":"PERCENT_DAMAGE","seed_source_timestamp":106545134788300,"circlet_count":0,"master_deck":["AscendersBane","Defend_B","Defend_B","Defend_B","Defend_B","Zap+1","Dualcast+1","Coolheaded","Ball Lightning","Go for the Eyes","HandOfGreed","Panacea","Scrape","Multi-Cast","Fusion+1","Reboot","Undo","Chaos","Self Repair","Fission+1","Darkness","Chill","Fusion+1","Bite","Bite","Bite","Bite","Bite","Gash","Self Repair+1","Redo+1"],"relics":["FrozenCore","Meat on the Bone","Cables","DollysMirror","Frozen Egg 2","Prayer Wheel"],"potions_floor_usage":[10,11,12,16,30,30],"damage_taken":[{"damage":1,"enemies":"Cultist","floor":1,"turns":3},{"damage":2,"enemies":"2 Louse","floor":2,"turns":3},{"damage":5,"enemies":"Jaw Worm","floor":3,"turns":4},{"damage":9,"enemies":"Looter","floor":5,"turns":3},{"damage":5,"enemies":"2 Fungi Beasts","floor":7,"turns":3},{"damage":43,"enemies":"3 Sentries","floor":8,"turns":6},{"damage":0,"enemies":"Blue Slaver","floor":10,"turns":4},{"damage":0,"enemies":"Large Slime","floor":11,"turns":3},{"damage":8,"enemies":"Exordium Wildlife","floor":12,"turns":6},{"damage":3,"enemies":"Looter","floor":13,"turns":2},{"damage":18,"enemies":"Slime Boss","floor":16,"turns":8},{"damage":30,"enemies":"Shell Parasite","floor":18,"turns":11},{"damage":2,"enemies":"Spheric Guardian","floor":19,"turns":6},{"damage":28,"enemies":"Snecko","floor":20,"turns":8},{"damage":36,"enemies":"Centurion and Healer","floor":24,"turns":15},{"damage":18,"enemies":"Sentry and Sphere","floor":28,"turns":6},{"damage":28,"enemies":"Slavers","floor":30,"turns":5},{"damage":8,"enemies":"Snake Plant","floor":31,"turns":5},{"damage":76,"enemies":"Champ","floor":33,"turns":15}],"seed_played":"-5950551789214421114","potions_obtained":[{"floor":2,"key":"Weak Potion"},{"floor":8,"key":"EssenceOfSteel"},{"floor":10,"key":"Poison Potion"},{"floor":12,"key":"SteroidPotion"},{"floor":16,"key":"Explosive Potion"},{"floor":19,"key":"SpeedPotion"},{"floor":24,"key":"Dexterity Potion"},{"floor":28,"key":"PowerPotion"}],"is_trial":false,"path_per_floor":["M","M","M","$","M","R","M","E","T","M","M","M","M","?","R","B",null,"M","M","M","$","?","?","M","R","T","R","M","R","E","M","R","B"],"character_chosen":"DEFECT","items_purchased":["HandOfGreed","Panacea","Scrape","DollysMirror"],"campfire_rested":1,"item_purchase_floors":[4,4,4,21],"current_hp_per_floor":[45,43,38,38,29,50,45,2,2,14,26,30,39,39,39,40,63,52,57,48,48,48,48,48,48,48,48,48,48,30,45,45,0],"gold":336,"neow_bonus":"TWO_FIFTY_GOLD","is_prod":false,"is_daily":false,"chose_seed":false,"campfire_upgraded":5,"win_rate":0,"timestamp":1566444860,"path_taken":["M","M","?","$","M","R","M","E","T","M","M","M","?","?","R","BOSS","M","M","M","$","?","?","M","R","T","R","M","R","E","M","R","BOSS"],"build_version":"2019-07-17","purchased_purges":1,"victory":false,"max_hp_per_floor":[71,71,71,71,71,71,71,71,71,71,71,71,71,71,71,71,71,71,71,71,71,49,49,49,49,49,49,49,49,49,49,49,49],"card_choices":[{"not_picked":["Barrage","Compile Driver"],"picked":"Coolheaded","floor":1},{"not_picked":["Redo","Conserve Battery"],"picked":"Ball Lightning","floor":2},{"not_picked":["Lockon","Chaos"],"picked":"Go for the Eyes","floor":3},{"not_picked":["Rebound","Hello World"],"picked":"Multi-Cast","floor":5},{"not_picked":["Compile Driver","Steam"],"picked":"Fusion","floor":7},{"not_picked":["Tempest","Gash"],"picked":"Reboot","floor":8},{"not_picked":["Ball Lightning","Leap"],"picked":"Undo","floor":10},{"not_picked":["Force Field","Streamline"],"picked":"Chaos","floor":11},{"not_picked":["Barrage","Coolheaded","Rainbow"],"picked":"SKIP","floor":12},{"not_picked":["Steam","Gash"],"picked":"Self Repair","floor":13},{"not_picked":["Echo Form","Amplify"],"picked":"Fission","floor":16},{"not_picked":["Compile Driver","Recycle"],"picked":"Darkness","floor":18},{"not_picked":["Steam","Chaos","Barrage+1"],"picked":"SKIP","floor":19},{"not_picked":["Streamline","Ball Lightning"],"picked":"Chill","floor":20},{"not_picked":["Barrage","Coolheaded","Conserve Battery"],"picked":"SKIP","floor":24},{"not_picked":["Tempest","Beam Cell"],"picked":"Gash","floor":28},{"not_picked":["Compile Driver","Recycle+1"],"picked":"Self Repair+1","floor":30},{"not_picked":["Go for the Eyes","Cold Snap"],"picked":"Redo","floor":31},{"not_picked":["Go for the Eyes","Stack","Conserve Battery"],"picked":"SKIP","floor":31}],"player_experience":747171,"relics_obtained":[{"floor":8,"key":"Meat on the Bone"},{"floor":9,"key":"Cables"},{"floor":26,"key":"Frozen Egg 2"},{"floor":30,"key":"Prayer Wheel"}],"event_choices":[{"damage_healed":0,"gold_gain":0,"player_choice":"Ignored","damage_taken":0,"max_hp_gain":0,"max_hp_loss":0,"event_name":"Liars Game","floor":14,"gold_loss":0},{"damage_healed":0,"gold_gain":0,"player_choice":"Became a vampire","damage_taken":0,"max_hp_gain":0,"max_hp_loss":22,"event_name":"Vampires","floor":22,"gold_loss":0,"cards_obtained":["Bite","Bite","Bite","Bite","Bite"]},{"damage_healed":0,"gold_gain":0,"player_choice":"Ignored","damage_taken":0,"max_hp_gain":0,"max_hp_loss":0,"event_name":"The Mausoleum","floor":23,"gold_loss":0}],"is_beta":false,"boss_relics":[{"not_picked":["Snecko Eye","Black Star"],"picked":"FrozenCore"}],"items_purged_floors":[21],"is_endless":false,"potions_floor_spawned":[2,8,10,12,16,19,24,28],"killed_by":"Champ","ascension_level":18}