{"gold_per_floor":[109,126,138,138,138,138,149,180,226,226,244,271,286,317,317,317],"floor_reached":16,"playtime":813,"items_purged":[],"score":147,"play_id":"38c2b6ba-5794-4df8-b5ef-da13e440f060","local_time":"20181119200244","is_ascension_mode":false,"campfire_choices":[{"data":"Fire Breathing","floor":6,"key":"SMITH"},{"floor":10,"key":"RECALL"},{"floor":15,"key":"REST"}],"neow_cost":"NONE","seed_source_timestamp":67075532330500,"circlet_count":0,"master_deck":["Strike_R","Strike_R","Strike_R","Defend_R","Defend_R","Defend_R","Defend_R","Bash","Warcry","Clothesline","Cleave","Hemokinesis","Fire Breathing+1","Pummel","Feel No Pain","Iron Wave","Brutality","True Grit","Shrug It Off"],"relics":["Burning Blood","Matryoshka","Bag of Preparation","Omamori","Strawberry","Red Skull"],"potions_floor_usage":[8,12,14,16],"damage_taken":[{"damage":5,"enemies":"2 Louse","floor":1,"turns":3},{"damage":1,"enemies":"Cultist","floor":2,"turns":3},{"damage":3,"enemies":"Jaw Worm","floor":3,"turns":3},{"damage":9,"enemies":"Red Slaver","floor":7,"turns":4},{"damage":26,"enemies":"Lagavulin","floor":8,"turns":8},{"damage":4,"enemies":"3 Louse","floor":11,"turns":3},{"damage":10,"enemies":"3 Sentries","floor":12,"turns":7},{"damage":35,"enemies":"Gremlin Gang","floor":13,"turns":4},{"damage":39,"enemies":"Gremlin Nob","floor":14,"turns":5},{"damage":36,"enemies":"The Guardian","floor":16,"turns":14}],"seed_played":"-2376040495704453975","potions_obtained":[{"floor":3,"key":"EssenceOfSteel"},{"floor":8,"key":"AttackPotion"},{"floor":13,"key":"Weak Potion"},{"floor":14,"key":"AttackPotion"}],"is_trial":false,"path_per_floor":["M","M","M","?","?","R","M","E","T","R","M","E","M","E","R","B"],"character_chosen":"IRONCLAD","items_purchased":[],"campfire_rested":1,"item_purchase_floors":[],"current_hp_per_floor":[88,88,88,88,88,88,85,65,65,65,67,70,41,8,36,0],"gold":317,"neow_bonus":"TEN_PERCENT_HP_BONUS","is_prod":false,"is_daily":false,"chose_seed":false,"campfire_upgraded":1,"win_rate":0,"timestamp":1542625364,"path_taken":["M","M","M","?","?","R","M","E","T","R","M","E","M","E","R","BOSS"],"build_version":"2018-11-15","purchased_purges":0,"victory":false,"max_hp_per_floor":[88,88,88,88,88,88,88,88,88,88,88,95,95,95,95,95],"card_choices":[{"not_picked":["Searing Blow","Clash"],"picked":"Warcry","floor":1},{"not_picked":["Armaments","Searing Blow"],"picked":"Clothesline","floor":2},{"not_picked":["Twin Strike","Headbutt"],"picked":"Cleave","floor":3},{"not_picked":["Spot Weakness","True Grit"],"picked":"Pummel","floor":7},{"not_picked":["Headbutt","True Grit"],"picked":"Feel No Pain","floor":8},{"not_picked":["Heavy Blade","Perfected Strike"],"picked":"Iron Wave","floor":11},{"not_picked":["Fire Breathing","Feel No Pain"],"picked":"Brutality","floor":12},{"not_picked":["Sever Soul","Clash"],"picked":"True Grit","floor":13},{"not_picked":["Flex","Armaments"],"picked":"Shrug It Off","floor":14}],"player_experience":466387,"relics_obtained":[{"floor":8,"key":"Matryoshka"},{"floor":9,"key":"Bag of Preparation"},{"floor":9,"key":"Omamori"},{"floor":12,"key":"Strawberry"},{"floor":14,"key":"Red Skull"}],"event_choices":[{"damage_healed":0,"gold_gain":0,"cards_transformed":["Strike_R"],"player_choice":"Change","damage_taken":0,"max_hp_gain":0,"max_hp_loss":0,"event_name":"Living Wall","floor":4,"gold_loss":0,"cards_obtained":["Hemokinesis"]},{"damage_healed":0,"gold_gain":0,"cards_transformed":["Strike_R"],"player_choice":"Transformed","damage_taken":0,"max_hp_gain":0,"max_hp_loss":0,"event_name":"Transmorgrifier","floor":5,"gold_loss":0,"cards_obtained":["Fire Breathing"]}],"is_beta":false,"boss_relics":[],"items_purged_floors":[],"is_endless":false,"potions_floor_spawned":[3,8,13,14],"killed_by":"The Guardian","ascension_level":0}