{"gold_per_floor":[111,129,204,222,26,46,46,58,83,95,20,31,31,48,48,122,122,134,145,145,145,155,186,186,217,217,231,250,4,4,4,4,80,80,94,0,0,13,13,13,24,24,24,24,24,41,41,41,41,41],"floor_reached":51,"playtime":3207,"items_purged":["Parasite","Parasite"],"score":1194,"play_id":"99a21f96-265f-4e26-ab5a-9468c22e01c4","local_time":"20190819011244","is_ascension_mode":true,"campfire_choices":[{"floor":7,"key":"REST"},{"data":"Zap","floor":13,"key":"SMITH"},{"floor":15,"key":"REST"},{"floor":24,"key":"REST"},{"floor":30,"key":"REST"},{"floor":32,"key":"REST"},{"data":"Seek","floor":40,"key":"SMITH"},{"data":"Defragment","floor":42,"key":"SMITH"},{"data":"Redo","floor":47,"key":"SMITH"},{"floor":49,"key":"REST"}],"neow_cost":"CURSE","seed_source_timestamp":350727972582700,"circlet_count":0,"master_deck":["AscendersBane","Strike_B+1","Strike_B+1","Strike_B+1","Strike_B+1","Defend_B+1","Defend_B+1","Defend_B+1","Defend_B+1","Zap+1","Dualcast","Reboot","Rip and Tear+1","Melter","FTL","Redo+1","BootSequence","Sunder+1","Undo","Doom and Gloom","Machine Learning","Beam Cell+1","Turbo+1","Glacier+1","Coolheaded+1","Seek+1","Core Surge","Leap","Fusion+1","Defragment+1","Chill","Apotheosis"],"relics":["Cracked Core","DataDisk","Vajra","Cursed Key","Nilry\u0027s Codex","Whetstone","Happy Flower","Matryoshka","Inserter","Red Mask"],"potions_floor_usage":[4,16,22,23,23,31,33,46],"damage_taken":[{"damage":0,"enemies":"Cultist","floor":1,"turns":2},{"damage":12,"enemies":"Jaw Worm","floor":2,"turns":2},{"damage":7,"enemies":"2 Louse","floor":4,"turns":2},{"damage":19,"enemies":"Exordium Thugs","floor":6,"turns":4},{"damage":7,"enemies":"2 Fungi Beasts","floor":8,"turns":2},{"damage":0,"enemies":"Blue Slaver","floor":10,"turns":2},{"damage":1,"enemies":"Looter","floor":12,"turns":2},{"damage":5,"enemies":"3 Louse","floor":14,"turns":2},{"damage":15,"enemies":"The Guardian","floor":16,"turns":11},{"damage":0,"enemies":"Chosen","floor":18,"turns":4},{"damage":0,"enemies":"3 Byrds","floor":19,"turns":3},{"damage":6,"enemies":"Snake Plant","floor":22,"turns":4},{"damage":31,"enemies":"Book of Stabbing","floor":23,"turns":5},{"damage":22,"enemies":"Slavers","floor":25,"turns":5},{"damage":0,"enemies":"Chosen and Byrds","floor":27,"turns":4},{"damage":0,"enemies":"Shelled Parasite and Fungi","floor":28,"turns":5},{"damage":9,"enemies":"Colosseum Slavers","floor":31,"turns":3},{"damage":20,"enemies":"Champ","floor":33,"turns":11},{"damage":18,"enemies":"3 Darklings","floor":35,"turns":8},{"damage":2,"enemies":"3 Shapes","floor":38,"turns":4},{"damage":0,"enemies":"Sphere and 2 Shapes","floor":41,"turns":3},{"damage":14,"enemies":"Jaw Worm Horde","floor":46,"turns":4},{"damage":14,"enemies":"Awakened One","floor":50,"turns":12}],"seed_played":"-2074339378154856266","potions_obtained":[{"floor":2,"key":"Fire Potion"},{"floor":8,"key":"EssenceOfSteel"},{"floor":19,"key":"Weak Potion"},{"floor":22,"key":"SneckoOil"},{"floor":25,"key":"FairyPotion"},{"floor":27,"key":"Strength Potion"},{"floor":28,"key":"Regen Potion"},{"floor":38,"key":"SkillPotion"}],"is_trial":false,"path_per_floor":["M","M","?","M","$","M","R","M","T","M","$","M","R","M","R","B",null,"M","M","?","?","M","E","R","E","T","M","M","$","R","?","R","B",null,"M","?","?","M","$","R","M","R","T","T","?","M","R","?","R","B",null],"character_chosen":"DEFECT","items_purchased":["DataDisk","SteroidPotion","Seek"],"campfire_rested":6,"item_purchase_floors":[5,5,29],"current_hp_per_floor":[64,52,41,34,34,15,36,29,29,29,29,28,28,23,43,28,58,58,58,58,42,36,5,25,3,3,3,3,3,22,22,41,21,54,36,36,36,34,34,34,34,34,34,34,34,20,20,20,38,24],"gold":41,"neow_bonus":"THREE_RARE_CARDS","is_prod":false,"is_daily":false,"chose_seed":false,"campfire_upgraded":4,"win_rate":0,"timestamp":1566144764,"path_taken":["M","M","?","M","$","M","R","M","T","M","$","M","R","M","R","BOSS","M","M","?","?","M","E","R","E","T","M","M","$","R","?","R","BOSS","M","?","?","M","$","R","M","R","T","?","?","M","R","?","R","BOSS"],"build_version":"2019-07-17","purchased_purges":2,"victory":true,"max_hp_per_floor":[71,71,71,71,71,71,71,71,71,71,68,68,68,68,68,68,68,68,68,68,68,68,68,68,68,68,68,68,65,65,65,65,65,65,65,65,65,65,65,65,65,65,65,65,62,62,62,62,62,62],"card_choices":[{"not_picked":["Multi-Cast","Amplify"],"picked":"Reboot","floor":0},{"not_picked":["Redo","Recycle"],"picked":"Rip and Tear","floor":1},{"not_picked":["Cold Snap","Go for the Eyes"],"picked":"Melter","floor":2},{"not_picked":["BootSequence","Hologram"],"picked":"FTL","floor":4},{"not_picked":["Streamline","FTL"],"picked":"Redo","floor":6},{"not_picked":["Redo","Static Discharge"],"picked":"BootSequence","floor":8},{"not_picked":["Chaos","Stack"],"picked":"Sunder","floor":10},{"not_picked":["Steam","Redo"],"picked":"Undo","floor":12},{"not_picked":["Compile Driver","Chill"],"picked":"Doom and Gloom","floor":14},{"not_picked":["Buffer","Fission"],"picked":"Machine Learning","floor":16},{"not_picked":["Go for the Eyes","Leap"],"picked":"Beam Cell+1","floor":18},{"not_picked":["Hello World","Steam"],"picked":"Turbo+1","floor":19},{"not_picked":["Streamline","Barrage","Recycle"],"picked":"SKIP","floor":22},{"not_picked":["Cold Snap","Leap"],"picked":"Glacier+1","floor":23},{"not_picked":["Cold Snap","Go for the Eyes"],"picked":"Machine Learning","floor":25},{"not_picked":["Sweeping Beam","BootSequence","Doom and Gloom"],"picked":"SKIP","floor":27},{"not_picked":["Compile Driver+1","Steam"],"picked":"Coolheaded+1","floor":28},{"not_picked":["Thunder Strike","Buffer"],"picked":"Core Surge","floor":33},{"not_picked":["Sunder","Gash"],"picked":"Leap","floor":35},{"not_picked":["Go for the Eyes","Streamline"],"picked":"Fusion+1","floor":38},{"not_picked":["Stack","Steam+1"],"picked":"Defragment","floor":41},{"not_picked":["Aggregate+1","Barrage"],"picked":"Chill","floor":46},{"not_picked":["Bandage Up","Magnetism"],"picked":"Apotheosis","floor":48}],"player_experience":713885,"relics_obtained":[{"floor":9,"key":"Vajra"},{"floor":21,"key":"Nilry\u0027s Codex"},{"floor":23,"key":"Whetstone"},{"floor":25,"key":"Happy Flower"},{"floor":26,"key":"Matryoshka"}],"event_choices":[{"damage_healed":0,"gold_gain":75,"player_choice":"Gather Gold","damage_taken":11,"max_hp_gain":0,"max_hp_loss":0,"event_name":"World of Goop","floor":3,"gold_loss":0},{"damage_healed":0,"gold_gain":0,"player_choice":"Simplicity","damage_taken":0,"max_hp_gain":0,"max_hp_loss":0,"event_name":"Back to Basics","floor":20,"gold_loss":0,"cards_upgraded":["Strike_B","Strike_B","Strike_B","Strike_B","Defend_B","Defend_B","Defend_B","Defend_B"]},{"damage_healed":0,"gold_gain":0,"player_choice":"Obtained Book","damage_taken":16,"max_hp_gain":0,"max_hp_loss":0,"event_name":"Cursed Tome","floor":21,"gold_loss":0},{"damage_healed":0,"gold_gain":0,"player_choice":"Fight","damage_taken":0,"max_hp_gain":0,"max_hp_loss":0,"event_name":"Colosseum","floor":31,"gold_loss":0},{"damage_healed":0,"gold_gain":0,"player_choice":"Fled From Nobs","damage_taken":0,"max_hp_gain":0,"max_hp_loss":0,"event_name":"Colosseum","floor":31,"gold_loss":0},{"damage_healed":0,"gold_gain":0,"player_choice":"Paid","damage_taken":0,"relics_obtained":["Red Mask"],"max_hp_gain":0,"max_hp_loss":0,"event_name":"Tomb of Lord Red Mask","floor":36,"gold_loss":94},{"cards_removed":["Machine Learning"],"damage_healed":0,"gold_gain":0,"player_choice":"Removed Power","damage_taken":0,"max_hp_gain":0,"max_hp_loss":0,"event_name":"Falling","floor":37,"gold_loss":0},{"damage_healed":0,"gold_gain":0,"player_choice":"Max HP","damage_taken":0,"max_hp_gain":0,"max_hp_loss":3,"event_name":"Winding Halls","floor":45,"gold_loss":0},{"damage_healed":0,"gold_gain":0,"player_choice":"Memory 1","damage_taken":0,"max_hp_gain":0,"max_hp_loss":0,"event_name":"SensoryStone","floor":48,"gold_loss":0}],"is_beta":false,"boss_relics":[{"not_picked":["Empty Cage","Ectoplasm"],"picked":"Cursed Key"},{"not_picked":["Nuclear Battery","Pandora\u0027s Box"],"picked":"Inserter"}],"items_purged_floors":[11,29],"is_endless":false,"potions_floor_spawned":[2,8,10,14,19,22,25,27,28,38],"ascension_level":14}