{"gold_per_floor":[115,115,115,134,153,153,187,187,187,262,274,121,134,134,134,234,234,253,178,189,9,21,21,48,48,94,94,194,194,212,229,229,324,324,341,352,352,184,56,56,56,87,133,152,165,165,165,176,176,176],"floor_reached":51,"playtime":3602,"items_purged":["Strike_G"],"score":730,"play_id":"a688c7c5-eddf-4842-bdf0-26e610d87f85","local_time":"20181228195410","is_ascension_mode":true,"campfire_choices":[{"data":"Quick Slash","floor":6,"key":"SMITH"},{"floor":8,"key":"REST"},{"data":"Deflect","floor":15,"key":"SMITH"},{"floor":23,"key":"REST"},{"data":"Panache","floor":25,"key":"SMITH"},{"floor":27,"key":"REST"},{"data":"Adrenaline","floor":29,"key":"SMITH"},{"data":"Finisher","floor":32,"key":"SMITH"},{"floor":40,"key":"REST"},{"floor":46,"key":"REST"},{"floor":49,"key":"REST"}],"neow_cost":"NONE","seed_source_timestamp":34278448777480,"circlet_count":0,"master_deck":["Defend_G","Defend_G","Defend_G","Defend_G","Defend_G","Strike_G+1","Survivor","Neutralize+1","Deflect+1","Quick Slash+1","Acrobatics","Dagger Throw","Infinite Blades","Well Laid Plans","Expertise","Adrenaline+1","Finisher+1","Dagger Throw","Panache+1","Adrenaline","Backflip","Deflect+1","Bullet Time+1","Prepared","After Image","Flash of Steel","Footwork","Prepared","Backflip+1","Secret Weapon"],"relics":["Ring of the Snake","Bottled Flame","Vajra","Philosopher\u0027s Stone","Anchor","Bronze Scales","Fusion Hammer","Prayer Wheel","Centennial Puzzle"],"potions_floor_usage":[7,16,33,33,33,50],"damage_taken":[{"damage":0,"enemies":"2 Louse","floor":1,"turns":3},{"damage":0,"enemies":"Small Slimes","floor":4,"turns":3},{"damage":0,"enemies":"Cultist","floor":5,"turns":4},{"damage":26,"enemies":"Lagavulin","floor":7,"turns":9},{"damage":0,"enemies":"Looter","floor":11,"turns":2},{"damage":0,"enemies":"Large Slime","floor":13,"turns":6},{"damage":0,"enemies":"Hexaghost","floor":16,"turns":9},{"damage":13,"enemies":"3 Byrds","floor":18,"turns":6},{"damage":0,"enemies":"Spheric Guardian","floor":20,"turns":2},{"damage":15,"enemies":"Snake Plant","floor":22,"turns":4},{"damage":7,"enemies":"Slavers","floor":24,"turns":4},{"damage":0,"enemies":"Snecko","floor":30,"turns":3},{"damage":4,"enemies":"Centurion and Healer","floor":31,"turns":2},{"damage":19,"enemies":"Champ","floor":33,"turns":7},{"damage":0,"enemies":"Orb Walker","floor":35,"turns":3},{"damage":0,"enemies":"3 Darklings","floor":36,"turns":2},{"damage":10,"enemies":"Nemesis","floor":42,"turns":7},{"damage":0,"enemies":"Transient","floor":44,"turns":5},{"damage":5,"enemies":"Spire Growth","floor":45,"turns":3},{"damage":0,"enemies":"Writhing Mass","floor":48,"turns":4},{"damage":16,"enemies":"Donu and Deca","floor":50,"turns":7}],"seed_played":"8594565270583638868","potions_obtained":[{"floor":4,"key":"Fire Potion"},{"floor":5,"key":"Ancient Potion"},{"floor":7,"key":"Strength Potion"},{"floor":11,"key":"AttackPotion"},{"floor":20,"key":"Energy Potion"},{"floor":22,"key":"AttackPotion"},{"floor":33,"key":"Fire Potion"},{"floor":44,"key":"Block Potion"},{"floor":45,"key":"EssenceOfSteel"},{"floor":48,"key":"GamblersBrew"}],"is_trial":false,"path_per_floor":["M","?","?","M","M","R","E","R","T","?","M","$","M","?","R","B",null,"M","?","M","$","M","R","E","R","T","R","?","R","M","M","R","B",null,"M","M","?","$","$","R","?","E","T","M","M","R","?","M","R","B",null],"character_chosen":"THE_SILENT","items_purchased":["Well Laid Plans","Panache","After Image","Flash of Steel","Footwork","Prepared"],"campfire_rested":6,"item_purchase_floors":[12,21,38,38,39,39],"current_hp_per_floor":[70,56,56,56,56,56,30,51,51,40,40,40,40,63,63,63,70,57,57,57,57,42,63,56,56,56,70,70,70,70,66,66,47,70,70,70,70,70,70,70,70,60,60,60,55,70,70,70,70,54],"gold":176,"neow_bonus":"TRANSFORM_CARD","is_prod":false,"is_daily":false,"chose_seed":false,"campfire_upgraded":5,"win_rate":0,"timestamp":1545994450,"path_taken":["M","?","?","M","?","R","E","R","T","?","M","$","M","?","R","BOSS","M","?","M","$","M","R","E","R","T","R","?","R","M","?","R","BOSS","M","M","?","?","$","R","?","E","T","?","M","R","?","M","R","BOSS"],"build_version":"2018-12-20","purchased_purges":1,"victory":true,"max_hp_per_floor":[70,70,70,70,70,70,70,70,70,70,70,70,70,70,70,70,70,70,70,70,70,70,70,70,70,70,70,70,70,70,70,70,70,70,70,70,70,70,70,70,70,70,70,70,70,70,70,70,70,70],"card_choices":[{"not_picked":["Blade Dance","Terror"],"picked":"Quick Slash","floor":1},{"not_picked":["Distraction","Dodge and Roll","Tactician"],"picked":"SKIP","floor":4},{"not_picked":["Dodge and Roll","Blade Dance"],"picked":"Acrobatics","floor":5},{"not_picked":["Bane","Poisoned Stab"],"picked":"Dagger Throw","floor":7},{"not_picked":["Quick Slash","Tactician"],"picked":"Infinite Blades","floor":11},{"not_picked":["Outmaneuver","Slice"],"picked":"Expertise","floor":13},{"not_picked":["Wraith Form v2","Malaise"],"picked":"Adrenaline","floor":16},{"not_picked":["Dagger Spray","Backflip"],"picked":"Finisher","floor":18},{"not_picked":["Poisoned Stab","Bouncing Flask"],"picked":"Dagger Throw","floor":20},{"not_picked":["Caltrops","Well Laid Plans"],"picked":"Adrenaline","floor":22},{"not_picked":["Dagger Spray","Glass Knife","Well Laid Plans"],"picked":"SKIP","floor":24},{"not_picked":["Dagger Spray","Underhanded Strike"],"picked":"Backflip","floor":30},{"not_picked":["Dodge and Roll","Noxious Fumes"],"picked":"Deflect+1","floor":31},{"not_picked":["Night Terror","Adrenaline"],"picked":"Bullet Time","floor":33},{"not_picked":["Dodge and Roll","Eviscerate+1"],"picked":"Prepared","floor":35},{"not_picked":["Heel Hook","Acrobatics+1","Poisoned Stab"],"picked":"SKIP","floor":36},{"not_picked":["Blur+1","Sucker Punch","Dagger Spray+1"],"picked":"SKIP","floor":42},{"not_picked":["PiercingWail+1","Crippling Poison"],"picked":"Backflip+1","floor":44},{"not_picked":["Deflect","Crippling Poison+1","Calculated Gamble+1"],"picked":"SKIP","floor":44},{"not_picked":["Leg Sweep","Slice","Deadly Poison"],"picked":"SKIP","floor":45},{"not_picked":["Poisoned Stab","Die Die Die","Expertise+1"],"picked":"SKIP","floor":45},{"not_picked":["Blind","Jack Of All Trades"],"picked":"Secret Weapon","floor":47},{"not_picked":["Riddle With Holes+1","Deadly Poison","Acrobatics+1"],"picked":"SKIP","floor":48},{"not_picked":["Dodge and Roll","Tactician","Bane+1"],"picked":"SKIP","floor":48}],"player_experience":38642,"relics_obtained":[{"floor":7,"key":"Bottled Flame"},{"floor":9,"key":"Vajra"},{"floor":24,"key":"Anchor"},{"floor":26,"key":"Bronze Scales"},{"floor":42,"key":"Prayer Wheel"},{"floor":43,"key":"Centennial Puzzle"}],"event_choices":[{"damage_healed":0,"gold_gain":0,"player_choice":"Entered Light","damage_taken":14,"max_hp_gain":0,"max_hp_loss":0,"event_name":"Shining Light","floor":2,"gold_loss":0,"cards_upgraded":["Strike_G","Neutralize"]},{"cards_removed":["Strike_G"],"damage_healed":0,"gold_gain":0,"player_choice":"Purged","damage_taken":0,"max_hp_gain":0,"max_hp_loss":0,"event_name":"Purifier","floor":3,"gold_loss":0},{"damage_healed":0,"gold_gain":75,"player_choice":"Gather Gold","damage_taken":11,"max_hp_gain":0,"max_hp_loss":0,"event_name":"World of Goop","floor":10,"gold_loss":0},{"damage_healed":23,"gold_gain":0,"player_choice":"Banana","damage_taken":0,"max_hp_gain":0,"max_hp_loss":0,"event_name":"Big Fish","floor":14,"gold_loss":0},{"cards_removed":["Strike_G"],"damage_healed":0,"gold_gain":0,"player_choice":"Gave Gold","damage_taken":0,"max_hp_gain":0,"max_hp_loss":0,"event_name":"Beggar","floor":19,"gold_loss":75},{"damage_healed":0,"gold_gain":100,"player_choice":"Pray","damage_taken":0,"max_hp_gain":0,"max_hp_loss":0,"event_name":"Golden Shrine","floor":28,"gold_loss":0},{"damage_healed":0,"gold_gain":0,"player_choice":"Ignored","damage_taken":0,"max_hp_gain":0,"max_hp_loss":0,"event_name":"SecretPortal","floor":37,"gold_loss":0},{"damage_healed":0,"gold_gain":0,"player_choice":"Forge","damage_taken":0,"max_hp_gain":0,"max_hp_loss":0,"event_name":"Accursed Blacksmith","floor":41,"gold_loss":0,"cards_upgraded":["Bullet Time"]},{"damage_healed":0,"gold_gain":0,"player_choice":"Memory 1","damage_taken":0,"max_hp_gain":0,"max_hp_loss":0,"event_name":"SensoryStone","floor":47,"gold_loss":0}],"is_beta":false,"boss_relics":[{"not_picked":["Snecko Eye","Runic Dome"],"picked":"Philosopher\u0027s Stone"},{"not_picked":["Coffee Dripper","HoveringKite"],"picked":"Fusion Hammer"}],"items_purged_floors":[12],"is_endless":false,"potions_floor_spawned":[4,5,7,11,20,22,31,33,44,45,48],"ascension_level":1}